<?xml version="1.0" encoding="UTF-8" standalone="yes"?>
<PcGts xmlns="http://schema.primaresearch.org/PAGE/gts/pagecontent/2013-07-15" xmlns:xsi="http://www.w3.org/2001/XMLSchema-instance" xsi:schemaLocation="http://schema.primaresearch.org/PAGE/gts/pagecontent/2013-07-15 http://schema.primaresearch.org/PAGE/gts/pagecontent/2013-07-15/pagecontent.xsd">
    <Metadata>
        <Creator>prov=READ-COOP:name=PyLaia@TranskribusPlatform:version=2.12.1:model_id=39995:lm=none:date=09_04_2024_22:50</Creator>
        <Created>2019-10-07T20:38:25.703+02:00</Created>
        <LastChange>2024-04-09T22:50:04.073+02:00</LastChange>
        <TranskribusMetadata docId="224459" pageId="9581535" pageNr="256" tsid="157630070" status="IN_PROGRESS" userId="64420" imgUrl="https://files.transkribus.eu/Get?id=GPXBZHTLGXWXSPABIUGSYBEC&amp;fileType=view" xmlUrl="https://files.transkribus.eu/Get?id=GMKOSJVYOWYKUCOUAHQPIBYZ" imageId="6208989"/>
    </Metadata>
    <Page imageFilename="224459_0256.jpeg" imageWidth="3392" imageHeight="4320">
        <ReadingOrder>
            <OrderedGroup id="ro_1712938089973" caption="Regions reading order">
                <RegionRefIndexed index="0" regionRef="tr_1"/>
                <RegionRefIndexed index="1" regionRef="tr_2"/>
                <RegionRefIndexed index="2" regionRef="tr_3"/>
                <RegionRefIndexed index="3" regionRef="tr_4"/>
            </OrderedGroup>
        </ReadingOrder>
        <TextRegion orientation="0.0" id="tr_1" custom="readingOrder {index:0;}">
            <Coords points="179,222 179,378 253,378 253,222"/>
            <TextLine id="tr_1_tl_1" custom="readingOrder {index:0;}">
                <Coords points="173,334 191,333 207,342 216,333 233,331 243,322 250,321 245,254 226,261 221,257 215,261 202,261 191,272 168,273"/>
                <Baseline points="179,322 216,322 253,328"/>
                <Word id="tr_1_tl_1_w1" custom="readingOrder {index:0;}">
                    <Coords points="173,282 173,342 196,342 196,282"/>
                    <TextEquiv>
                        <Unicode>2</Unicode>
                    </TextEquiv>
                </Word>
                <TextEquiv>
                    <Unicode>2</Unicode>
                </TextEquiv>
            </TextLine>
            <TextEquiv>
                <Unicode></Unicode>
            </TextEquiv>
        </TextRegion>
        <TextRegion orientation="0.0" id="tr_2" custom="readingOrder {index:1;}">
            <Coords points="334,219 334,388 1247,388 1247,219"/>
            <TextLine id="tr_2_tl_1" custom="readingOrder {index:0;}">
                <Coords points="327,369 1230,354 1244,282 992,266 863,311 716,264 326,268"/>
                <Baseline points="334,319 379,322 425,325 470,331 516,331 562,334 607,331 653,331 699,334 744,334 790,334 836,334 881,334 927,334 973,332 1018,327 1064,325 1110,327 1155,333 1201,338 1247,337"/>
                <Word id="tr_2_tl_1_w1" custom="readingOrder {index:0;}">
                    <Coords points="334,293 334,353 807,353 807,293"/>
                    <TextEquiv>
                        <Unicode>Sclnitzler</Unicode>
                    </TextEquiv>
                </Word>
                <Word id="tr_2_tl_1_w2" custom="readingOrder {index:1;}">
                    <Coords points="865,294 865,354 902,354 902,294"/>
                    <TextEquiv>
                        <Unicode>s</Unicode>
                    </TextEquiv>
                </Word>
                <Word id="tr_2_tl_1_w3" custom="readingOrder {index:2;}">
                    <Coords points="969,286 969,346 1205,346 1205,286"/>
                    <TextEquiv>
                        <Unicode>Deatl</Unicode>
                    </TextEquiv>
                </Word>
                <TextEquiv>
                    <Unicode>Sclnitzler s Deatl</Unicode>
                </TextEquiv>
            </TextLine>
            <TextEquiv>
                <Unicode></Unicode>
            </TextEquiv>
        </TextRegion>
        <TextRegion orientation="0.0" id="tr_3" custom="readingOrder {index:2;}">
            <Coords points="1436,219 1436,372 1851,372 1851,219"/>
            <TextLine id="tr_3_tl_1" custom="readingOrder {index:0;}">
                <Coords points="1430,346 1473,332 1509,347 1583,338 1601,322 1659,347 1708,331 1750,346 1829,328 1848,338 1848,273 1833,269 1766,267 1739,283 1719,267 1667,267 1627,293 1572,273 1496,291 1458,267 1430,274"/>
                <Baseline points="1436,322 1461,319 1487,319 1513,320 1539,322 1565,322 1591,321 1617,320 1643,320 1669,322 1695,322 1721,322 1747,320 1773,319 1799,319 1825,319 1851,319"/>
                <Word id="tr_3_tl_1_w1" custom="readingOrder {index:0;}">
                    <Coords points="1435,279 1435,339 1557,339 1557,279"/>
                    <TextEquiv>
                        <Unicode>box</Unicode>
                    </TextEquiv>
                </Word>
                <Word id="tr_3_tl_1_w2" custom="readingOrder {index:1;}">
                    <Coords points="1634,281 1634,341 1818,341 1818,281"/>
                    <TextEquiv>
                        <Unicode>43/3</Unicode>
                    </TextEquiv>
                </Word>
                <TextEquiv>
                    <Unicode>box 43/3</Unicode>
                </TextEquiv>
            </TextLine>
            <TextEquiv>
                <Unicode></Unicode>
            </TextEquiv>
        </TextRegion>
        <TextRegion orientation="0.0" id="tr_4" custom="readingOrder {index:3;}">
            <Coords points="1904,421 1904,4165 2907,4165 2907,421"/>
            <TextLine id="tr_4_tl_1" custom="readingOrder {index:0;}">
                <Coords points="1904,454 2859,457 2839,397 1904,407"/>
                <Baseline points="1910,441 1957,441 2005,441 2052,441 2100,444 2148,444 2195,444 2243,444 2291,444 2338,444 2386,444 2434,444 2481,442 2529,441 2577,444 2624,447 2672,450 2720,450 2767,450 2815,450 2863,447"/>
                <Word id="tr_4_tl_1_w1" custom="readingOrder {index:0;}">
                    <Coords points="1904,401 1904,461 1938,461 1938,401"/>
                    <TextEquiv>
                        <Unicode>tr.</Unicode>
                    </TextEquiv>
                </Word>
                <Word id="tr_4_tl_1_w2" custom="readingOrder {index:1;}">
                    <Coords points="1959,401 1959,461 2019,461 2019,401"/>
                    <TextEquiv>
                        <Unicode>245.</Unicode>
                    </TextEquiv>
                </Word>
                <Word id="tr_4_tl_1_w3" custom="readingOrder {index:2;}">
                    <Coords points="2039,401 2039,461 2049,461 2049,401"/>
                    <TextEquiv>
                        <Unicode>—</Unicode>
                    </TextEquiv>
                </Word>
                <Word id="tr_4_tl_1_w4" custom="readingOrder {index:3;}">
                    <Coords points="2090,404 2090,464 2241,464 2241,404"/>
                    <TextEquiv>
                        <Unicode>Samstag,</Unicode>
                    </TextEquiv>
                </Word>
                <Word id="tr_4_tl_1_w5" custom="readingOrder {index:4;}">
                    <Coords points="2262,404 2262,464 2307,464 2307,404"/>
                    <TextEquiv>
                        <Unicode>den</Unicode>
                    </TextEquiv>
                </Word>
                <Word id="tr_4_tl_1_w6" custom="readingOrder {index:5;}">
                    <Coords points="2333,404 2333,464 2377,464 2377,404"/>
                    <TextEquiv>
                        <Unicode>24.</Unicode>
                    </TextEquiv>
                </Word>
                <Word id="tr_4_tl_1_w7" custom="readingOrder {index:6;}">
                    <Coords points="2399,404 2399,464 2468,464 2468,404"/>
                    <TextEquiv>
                        <Unicode>Okt.</Unicode>
                    </TextEquiv>
                </Word>
                <Word id="tr_4_tl_1_w8" custom="readingOrder {index:7;}">
                    <Coords points="2489,401 2489,461 2565,461 2565,401"/>
                    <TextEquiv>
                        <Unicode>1931.</Unicode>
                    </TextEquiv>
                </Word>
                <Word id="tr_4_tl_1_w9" custom="readingOrder {index:8;}">
                    <Coords points="2590,405 2590,465 2600,465 2600,405"/>
                    <TextEquiv>
                        <Unicode>—</Unicode>
                    </TextEquiv>
                </Word>
                <Word id="tr_4_tl_1_w10" custom="readingOrder {index:9;}">
                    <Coords points="2661,410 2661,470 2762,470 2762,410"/>
                    <TextEquiv>
                        <Unicode>Seite</Unicode>
                    </TextEquiv>
                </Word>
                <Word id="tr_4_tl_1_w11" custom="readingOrder {index:10;}">
                    <Coords points="2792,409 2792,469 2852,469 2852,409"/>
                    <TextEquiv>
                        <Unicode>16.</Unicode>
                    </TextEquiv>
                </Word>
                <TextEquiv>
                    <Unicode>tr. 245. — Samstag, den 24. Okt. 1931. — Seite 16.</Unicode>
                </TextEquiv>
            </TextLine>
            <TextLine id="tr_4_tl_2" custom="readingOrder {index:1;}">
                <Coords points="2082,598 2717,584 2717,510 2688,505 2648,531 2446,497 2308,531 2199,500 2082,515"/>
                <Baseline points="2089,573 2120,570 2152,571 2183,573 2215,573 2246,572 2278,570 2309,570 2341,570 2372,570 2404,570 2435,570 2467,570 2498,570 2530,570 2561,570 2593,570 2624,570 2656,570 2687,569 2719,567"/>
                <Word id="tr_4_tl_2_w1" custom="readingOrder {index:0;}">
                    <Coords points="2089,533 2089,593 2291,593 2291,533"/>
                    <TextEquiv>
                        <Unicode>Arthur</Unicode>
                    </TextEquiv>
                </Word>
                <Word id="tr_4_tl_2_w2" custom="readingOrder {index:1;}">
                    <Coords points="2336,530 2336,590 2610,590 2610,530"/>
                    <TextEquiv>
                        <Unicode>Schnitzler</Unicode>
                    </TextEquiv>
                </Word>
                <Word id="tr_4_tl_2_w3" custom="readingOrder {index:2;}">
                    <Coords points="2655,529 2655,589 2715,589 2715,529"/>
                    <TextEquiv>
                        <Unicode>*.</Unicode>
                    </TextEquiv>
                </Word>
                <TextEquiv>
                    <Unicode>Arthur Schnitzler *.</Unicode>
                </TextEquiv>
            </TextLine>
            <TextLine id="tr_4_tl_3" custom="readingOrder {index:2;}">
                <Coords points="2097,629 2675,632 2707,626 2708,596 2098,586"/>
                <Baseline points="2104,620 2134,620 2164,618 2194,618 2225,620 2255,620 2285,620 2316,619 2346,617 2376,619 2407,620 2437,620 2467,618 2497,618 2528,620 2558,620 2588,619 2619,617 2649,616 2679,615 2710,615"/>
                <Word id="tr_4_tl_3_w1" custom="readingOrder {index:0;}">
                    <Coords points="2095,580 2095,640 2143,640 2143,580"/>
                    <TextEquiv>
                        <Unicode>Zum</Unicode>
                    </TextEquiv>
                </Word>
                <Word id="tr_4_tl_3_w2" custom="readingOrder {index:1;}">
                    <Coords points="2178,579 2178,639 2252,639 2252,579"/>
                    <TextEquiv>
                        <Unicode>Tode</Unicode>
                    </TextEquiv>
                </Word>
                <Word id="tr_4_tl_3_w3" custom="readingOrder {index:2;}">
                    <Coords points="2275,579 2275,639 2322,639 2322,579"/>
                    <TextEquiv>
                        <Unicode>des</Unicode>
                    </TextEquiv>
                </Word>
                <Word id="tr_4_tl_3_w4" custom="readingOrder {index:3;}">
                    <Coords points="2345,579 2345,639 2458,639 2458,579"/>
                    <TextEquiv>
                        <Unicode>Wiener</Unicode>
                    </TextEquiv>
                </Word>
                <Word id="tr_4_tl_3_w5" custom="readingOrder {index:4;}">
                    <Coords points="2481,578 2481,638 2703,638 2703,578"/>
                    <TextEquiv>
                        <Unicode>Schriftstellers.</Unicode>
                    </TextEquiv>
                </Word>
                <TextEquiv>
                    <Unicode>Zum Tode des Wiener Schriftstellers.</Unicode>
                </TextEquiv>
            </TextLine>
            <TextLine id="tr_4_tl_4" custom="readingOrder {index:3;}">
                <Coords points="1981,669 2890,662 2890,621 1981,631"/>
                <Baseline points="1988,656 2033,658 2078,659 2123,659 2168,659 2214,659 2259,659 2304,659 2349,659 2394,659 2440,659 2485,659 2530,659 2575,659 2620,656 2666,656 2711,659 2756,656 2801,656 2846,656 2892,653"/>
                <Word id="tr_4_tl_4_w1" custom="readingOrder {index:0;}">
                    <Coords points="1979,617 1979,677 2045,677 2045,617"/>
                    <TextEquiv>
                        <Unicode>Eine</Unicode>
                    </TextEquiv>
                </Word>
                <Word id="tr_4_tl_4_w2" custom="readingOrder {index:1;}">
                    <Coords points="2075,619 2075,679 2296,679 2296,619"/>
                    <TextEquiv>
                        <Unicode>Persönlichkeit</Unicode>
                    </TextEquiv>
                </Word>
                <Word id="tr_4_tl_4_w3" custom="readingOrder {index:2;}">
                    <Coords points="2326,619 2326,679 2372,679 2372,619"/>
                    <TextEquiv>
                        <Unicode>der</Unicode>
                    </TextEquiv>
                </Word>
                <Word id="tr_4_tl_4_w4" custom="readingOrder {index:3;}">
                    <Coords points="2401,619 2401,679 2627,679 2627,619"/>
                    <TextEquiv>
                        <Unicode>Vorkriegszeit,</Unicode>
                    </TextEquiv>
                </Word>
                <Word id="tr_4_tl_4_w5" custom="readingOrder {index:4;}">
                    <Coords points="2652,617 2652,677 2732,677 2732,617"/>
                    <TextEquiv>
                        <Unicode>deren</Unicode>
                    </TextEquiv>
                </Word>
                <Word id="tr_4_tl_4_w6" custom="readingOrder {index:5;}">
                    <Coords points="2770,616 2770,676 2886,676 2886,616"/>
                    <TextEquiv>
                        <Unicode>Lebene¬</Unicode>
                    </TextEquiv>
                </Word>
                <TextEquiv>
                    <Unicode>Eine Persönlichkeit der Vorkriegszeit, deren Lebene¬</Unicode>
                </TextEquiv>
            </TextLine>
            <TextLine id="tr_4_tl_5" custom="readingOrder {index:4;}">
                <Coords points="1915,702 2893,694 2893,664 1915,667"/>
                <Baseline points="1922,689 1970,692 2019,692 2067,694 2116,693 2165,692 2213,694 2262,695 2311,695 2359,695 2408,695 2457,695 2505,695 2554,695 2603,694 2651,692 2700,692 2749,690 2797,689 2846,689 2895,686"/>
                <Word id="tr_4_tl_5_w1" custom="readingOrder {index:0;}">
                    <Coords points="1913,651 1913,711 1996,711 1996,651"/>
                    <TextEquiv>
                        <Unicode>abend</Unicode>
                    </TextEquiv>
                </Word>
                <Word id="tr_4_tl_5_w2" custom="readingOrder {index:1;}">
                    <Coords points="2026,653 2026,713 2163,713 2163,653"/>
                    <TextEquiv>
                        <Unicode>kampflos</Unicode>
                    </TextEquiv>
                </Word>
                <Word id="tr_4_tl_5_w3" custom="readingOrder {index:2;}">
                    <Coords points="2192,654 2192,714 2242,714 2242,654"/>
                    <TextEquiv>
                        <Unicode>und</Unicode>
                    </TextEquiv>
                </Word>
                <Word id="tr_4_tl_5_w4" custom="readingOrder {index:3;}">
                    <Coords points="2272,655 2272,715 2346,715 2346,655"/>
                    <TextEquiv>
                        <Unicode>ruhig</Unicode>
                    </TextEquiv>
                </Word>
                <Word id="tr_4_tl_5_w5" custom="readingOrder {index:4;}">
                    <Coords points="2376,655 2376,715 2538,715 2538,655"/>
                    <TextEquiv>
                        <Unicode>dahinglitt,</Unicode>
                    </TextEquiv>
                </Word>
                <Word id="tr_4_tl_5_w6" custom="readingOrder {index:5;}">
                    <Coords points="2560,654 2560,714 2605,714 2605,654"/>
                    <TextEquiv>
                        <Unicode>hat</Unicode>
                    </TextEquiv>
                </Word>
                <Word id="tr_4_tl_5_w7" custom="readingOrder {index:6;}">
                    <Coords points="2631,652 2631,712 2751,712 2751,652"/>
                    <TextEquiv>
                        <Unicode>Abschied</Unicode>
                    </TextEquiv>
                </Word>
                <Word id="tr_4_tl_5_w8" custom="readingOrder {index:7;}">
                    <Coords points="2777,649 2777,709 2893,709 2893,649"/>
                    <TextEquiv>
                        <Unicode>genom¬</Unicode>
                    </TextEquiv>
                </Word>
                <TextEquiv>
                    <Unicode>abend kampflos und ruhig dahinglitt, hat Abschied genom¬</Unicode>
                </TextEquiv>
            </TextLine>
            <TextLine id="tr_4_tl_6" custom="readingOrder {index:5;}">
                <Coords points="1909,732 2895,736 2885,695 1909,696"/>
                <Baseline points="1916,728 1965,725 2014,726 2063,728 2112,728 2161,728 2210,728 2259,728 2308,730 2357,728 2407,728 2456,725 2505,728 2554,728 2603,728 2652,726 2701,725 2750,723 2799,724 2848,725 2898,722"/>
                <Word id="tr_4_tl_6_w1" custom="readingOrder {index:0;}">
                    <Coords points="1907,686 1907,746 1963,746 1963,686"/>
                    <TextEquiv>
                        <Unicode>men</Unicode>
                    </TextEquiv>
                </Word>
                <Word id="tr_4_tl_6_w2" custom="readingOrder {index:1;}">
                    <Coords points="1992,686 1992,746 2037,746 2037,686"/>
                    <TextEquiv>
                        <Unicode>von</Unicode>
                    </TextEquiv>
                </Word>
                <Word id="tr_4_tl_6_w3" custom="readingOrder {index:2;}">
                    <Coords points="2066,688 2066,748 2139,748 2139,688"/>
                    <TextEquiv>
                        <Unicode>einer</Unicode>
                    </TextEquiv>
                </Word>
                <Word id="tr_4_tl_6_w4" custom="readingOrder {index:3;}">
                    <Coords points="2164,688 2164,748 2278,748 2278,688"/>
                    <TextEquiv>
                        <Unicode>Epoche,</Unicode>
                    </TextEquiv>
                </Word>
                <Word id="tr_4_tl_6_w5" custom="readingOrder {index:4;}">
                    <Coords points="2295,689 2295,749 2335,749 2335,689"/>
                    <TextEquiv>
                        <Unicode>die</Unicode>
                    </TextEquiv>
                </Word>
                <Word id="tr_4_tl_6_w6" custom="readingOrder {index:5;}">
                    <Coords points="2360,688 2360,748 2405,748 2405,688"/>
                    <TextEquiv>
                        <Unicode>dem</Unicode>
                    </TextEquiv>
                </Word>
                <Word id="tr_4_tl_6_w7" custom="readingOrder {index:6;}">
                    <Coords points="2438,685 2438,745 2499,745 2499,685"/>
                    <TextEquiv>
                        <Unicode>Stil</Unicode>
                    </TextEquiv>
                </Word>
                <Word id="tr_4_tl_6_w8" custom="readingOrder {index:7;}">
                    <Coords points="2520,688 2520,748 2564,748 2564,688"/>
                    <TextEquiv>
                        <Unicode>des</Unicode>
                    </TextEquiv>
                </Word>
                <Word id="tr_4_tl_6_w9" custom="readingOrder {index:8;}">
                    <Coords points="2585,685 2585,745 2753,745 2753,685"/>
                    <TextEquiv>
                        <Unicode>geistreichen</Unicode>
                    </TextEquiv>
                </Word>
                <Word id="tr_4_tl_6_w10" custom="readingOrder {index:9;}">
                    <Coords points="2782,684 2782,744 2891,744 2891,684"/>
                    <TextEquiv>
                        <Unicode>Wiener</Unicode>
                    </TextEquiv>
                </Word>
                <TextEquiv>
                    <Unicode>men von einer Epoche, die dem Stil des geistreichen Wiener</Unicode>
                </TextEquiv>
            </TextLine>
            <TextLine id="tr_4_tl_7" custom="readingOrder {index:6;}">
                <Coords points="1912,765 2892,770 2892,734 2768,722 1912,735"/>
                <Baseline points="1919,761 1967,761 2016,760 2065,759 2114,761 2163,763 2211,762 2260,761 2309,761 2358,764 2407,761 2455,764 2504,761 2553,761 2602,761 2651,759 2699,758 2748,758 2797,758 2846,758 2895,758"/>
                <Word id="tr_4_tl_7_w1" custom="readingOrder {index:0;}">
                    <Coords points="1910,720 1910,780 2031,780 2031,720"/>
                    <TextEquiv>
                        <Unicode>Dichters</Unicode>
                    </TextEquiv>
                </Word>
                <Word id="tr_4_tl_7_w2" custom="readingOrder {index:1;}">
                    <Coords points="2056,720 2056,780 2139,780 2139,720"/>
                    <TextEquiv>
                        <Unicode>fremd</Unicode>
                    </TextEquiv>
                </Word>
                <Word id="tr_4_tl_7_w3" custom="readingOrder {index:2;}">
                    <Coords points="2169,721 2169,781 2315,781 2315,721"/>
                    <TextEquiv>
                        <Unicode>geworden</Unicode>
                    </TextEquiv>
                </Word>
                <Word id="tr_4_tl_7_w4" custom="readingOrder {index:3;}">
                    <Coords points="2345,723 2345,783 2386,783 2386,723"/>
                    <TextEquiv>
                        <Unicode>ist.</Unicode>
                    </TextEquiv>
                </Word>
                <Word id="tr_4_tl_7_w5" custom="readingOrder {index:4;}">
                    <Coords points="2424,723 2424,783 2478,783 2478,723"/>
                    <TextEquiv>
                        <Unicode>Der</Unicode>
                    </TextEquiv>
                </Word>
                <Word id="tr_4_tl_7_w6" custom="readingOrder {index:5;}">
                    <Coords points="2504,721 2504,781 2670,781 2670,721"/>
                    <TextEquiv>
                        <Unicode>bürgerliche</Unicode>
                    </TextEquiv>
                </Word>
                <Word id="tr_4_tl_7_w7" custom="readingOrder {index:6;}">
                    <Coords points="2696,718 2696,778 2808,778 2808,718"/>
                    <TextEquiv>
                        <Unicode>Verfall</Unicode>
                    </TextEquiv>
                </Word>
                <Word id="tr_4_tl_7_w8" custom="readingOrder {index:7;}">
                    <Coords points="2834,718 2834,778 2884,778 2884,718"/>
                    <TextEquiv>
                        <Unicode>und</Unicode>
                    </TextEquiv>
                </Word>
                <TextEquiv>
                    <Unicode>Dichters fremd geworden ist. Der bürgerliche Verfall und</Unicode>
                </TextEquiv>
            </TextLine>
            <TextLine id="tr_4_tl_8" custom="readingOrder {index:7;}">
                <Coords points="1912,801 2885,802 2885,767 2824,760 1912,766"/>
                <Baseline points="1919,791 1967,794 2016,794 2064,794 2113,794 2161,794 2210,794 2258,794 2307,796 2355,795 2404,794 2452,797 2501,797 2549,794 2598,794 2646,794 2695,794 2743,793 2792,792 2840,794 2889,791"/>
                <Word id="tr_4_tl_8_w1" custom="readingOrder {index:0;}">
                    <Coords points="1913,751 1913,811 1952,811 1952,751"/>
                    <TextEquiv>
                        <Unicode>die</Unicode>
                    </TextEquiv>
                </Word>
                <Word id="tr_4_tl_8_w2" custom="readingOrder {index:1;}">
                    <Coords points="1980,754 1980,814 2053,814 2053,754"/>
                    <TextEquiv>
                        <Unicode>müde</Unicode>
                    </TextEquiv>
                </Word>
                <Word id="tr_4_tl_8_w3" custom="readingOrder {index:2;}">
                    <Coords points="2081,754 2081,814 2186,814 2186,754"/>
                    <TextEquiv>
                        <Unicode>Anmut</Unicode>
                    </TextEquiv>
                </Word>
                <Word id="tr_4_tl_8_w4" custom="readingOrder {index:3;}">
                    <Coords points="2210,754 2210,814 2253,814 2253,754"/>
                    <TextEquiv>
                        <Unicode>des</Unicode>
                    </TextEquiv>
                </Word>
                <Word id="tr_4_tl_8_w5" custom="readingOrder {index:4;}">
                    <Coords points="2281,755 2281,815 2350,815 2350,755"/>
                    <TextEquiv>
                        <Unicode>alten</Unicode>
                    </TextEquiv>
                </Word>
                <Word id="tr_4_tl_8_w6" custom="readingOrder {index:5;}">
                    <Coords points="2378,757 2378,817 2557,817 2557,757"/>
                    <TextEquiv>
                        <Unicode>Oesterreichs</Unicode>
                    </TextEquiv>
                </Word>
                <Word id="tr_4_tl_8_w7" custom="readingOrder {index:6;}">
                    <Coords points="2585,754 2585,814 2671,814 2671,754"/>
                    <TextEquiv>
                        <Unicode>waren</Unicode>
                    </TextEquiv>
                </Word>
                <Word id="tr_4_tl_8_w8" custom="readingOrder {index:7;}">
                    <Coords points="2703,753 2703,813 2749,813 2749,753"/>
                    <TextEquiv>
                        <Unicode>das</Unicode>
                    </TextEquiv>
                </Word>
                <Word id="tr_4_tl_8_w9" custom="readingOrder {index:8;}">
                    <Coords points="2777,753 2777,813 2890,813 2890,753"/>
                    <TextEquiv>
                        <Unicode>Gebiet,</Unicode>
                    </TextEquiv>
                </Word>
                <TextEquiv>
                    <Unicode>die müde Anmut des alten Oesterreichs waren das Gebiet,</Unicode>
                </TextEquiv>
            </TextLine>
            <TextLine id="tr_4_tl_9" custom="readingOrder {index:8;}">
                <Coords points="1915,833 2889,833 2889,801 2769,792 2726,818 1915,801"/>
                <Baseline points="1922,826 1970,826 2019,826 2067,826 2116,826 2164,828 2213,827 2261,826 2310,829 2358,829 2407,829 2455,829 2504,828 2552,827 2601,828 2649,826 2698,826 2746,826 2795,826 2843,823 2892,823"/>
                <Word id="tr_4_tl_9_w1" custom="readingOrder {index:0;}">
                    <Coords points="1913,786 1913,846 1960,846 1960,786"/>
                    <TextEquiv>
                        <Unicode>das</Unicode>
                    </TextEquiv>
                </Word>
                <Word id="tr_4_tl_9_w2" custom="readingOrder {index:1;}">
                    <Coords points="1990,786 1990,846 2093,846 2093,786"/>
                    <TextEquiv>
                        <Unicode>Arthur</Unicode>
                    </TextEquiv>
                </Word>
                <Word id="tr_4_tl_9_w3" custom="readingOrder {index:2;}">
                    <Coords points="2119,787 2119,847 2269,847 2269,787"/>
                    <TextEquiv>
                        <Unicode>Schnitzler</Unicode>
                    </TextEquiv>
                </Word>
                <Word id="tr_4_tl_9_w4" custom="readingOrder {index:3;}">
                    <Coords points="2296,789 2296,849 2446,849 2446,789"/>
                    <TextEquiv>
                        <Unicode>Probleme</Unicode>
                    </TextEquiv>
                </Word>
                <Word id="tr_4_tl_9_w5" custom="readingOrder {index:4;}">
                    <Coords points="2477,788 2477,848 2502,848 2502,788"/>
                    <TextEquiv>
                        <Unicode>zu</Unicode>
                    </TextEquiv>
                </Word>
                <Word id="tr_4_tl_9_w6" custom="readingOrder {index:5;}">
                    <Coords points="2537,787 2537,847 2605,847 2605,787"/>
                    <TextEquiv>
                        <Unicode>lösen</Unicode>
                    </TextEquiv>
                </Word>
                <Word id="tr_4_tl_9_w7" custom="readingOrder {index:6;}">
                    <Coords points="2636,786 2636,846 2704,846 2704,786"/>
                    <TextEquiv>
                        <Unicode>gab.</Unicode>
                    </TextEquiv>
                </Word>
                <Word id="tr_4_tl_9_w8" custom="readingOrder {index:7;}">
                    <Coords points="2743,786 2743,846 2794,846 2794,786"/>
                    <TextEquiv>
                        <Unicode>Die</Unicode>
                    </TextEquiv>
                </Word>
                <Word id="tr_4_tl_9_w9" custom="readingOrder {index:8;}">
                    <Coords points="2825,783 2825,843 2889,843 2889,783"/>
                    <TextEquiv>
                        <Unicode>Zeit</Unicode>
                    </TextEquiv>
                </Word>
                <TextEquiv>
                    <Unicode>das Arthur Schnitzler Probleme zu lösen gab. Die Zeit</Unicode>
                </TextEquiv>
            </TextLine>
            <TextLine id="tr_4_tl_10" custom="readingOrder {index:9;}">
                <Coords points="1915,867 2893,872 2893,833 2852,830 1915,833"/>
                <Baseline points="1922,859 1970,861 2019,859 2067,859 2116,861 2165,860 2213,861 2262,859 2311,862 2359,862 2408,862 2457,864 2505,862 2554,861 2603,860 2651,862 2700,862 2749,860 2797,859 2846,859 2895,856"/>
                <Word id="tr_4_tl_10_w1" custom="readingOrder {index:0;}">
                    <Coords points="1913,819 1913,879 1964,879 1964,819"/>
                    <TextEquiv>
                        <Unicode>von</Unicode>
                    </TextEquiv>
                </Word>
                <Word id="tr_4_tl_10_w2" custom="readingOrder {index:1;}">
                    <Coords points="1999,819 1999,879 2059,879 2059,819"/>
                    <TextEquiv>
                        <Unicode>1890</Unicode>
                    </TextEquiv>
                </Word>
                <Word id="tr_4_tl_10_w3" custom="readingOrder {index:2;}">
                    <Coords points="2094,820 2094,880 2137,880 2137,820"/>
                    <TextEquiv>
                        <Unicode>bis</Unicode>
                    </TextEquiv>
                </Word>
                <Word id="tr_4_tl_10_w4" custom="readingOrder {index:3;}">
                    <Coords points="2176,820 2176,880 2236,880 2236,820"/>
                    <TextEquiv>
                        <Unicode>1914</Unicode>
                    </TextEquiv>
                </Word>
                <Word id="tr_4_tl_10_w5" custom="readingOrder {index:4;}">
                    <Coords points="2271,821 2271,881 2332,881 2332,821"/>
                    <TextEquiv>
                        <Unicode>war</Unicode>
                    </TextEquiv>
                </Word>
                <Word id="tr_4_tl_10_w6" custom="readingOrder {index:5;}">
                    <Coords points="2362,822 2362,882 2401,882 2401,822"/>
                    <TextEquiv>
                        <Unicode>ein</Unicode>
                    </TextEquiv>
                </Word>
                <Word id="tr_4_tl_10_w7" custom="readingOrder {index:6;}">
                    <Coords points="2440,822 2440,882 2565,882 2565,822"/>
                    <TextEquiv>
                        <Unicode>geistiges</Unicode>
                    </TextEquiv>
                </Word>
                <Word id="tr_4_tl_10_w8" custom="readingOrder {index:7;}">
                    <Coords points="2600,822 2600,882 2772,882 2772,822"/>
                    <TextEquiv>
                        <Unicode>Kampffeld,</Unicode>
                    </TextEquiv>
                </Word>
                <Word id="tr_4_tl_10_w9" custom="readingOrder {index:8;}">
                    <Coords points="2803,819 2803,879 2889,879 2889,819"/>
                    <TextEquiv>
                        <Unicode>dessen</Unicode>
                    </TextEquiv>
                </Word>
                <TextEquiv>
                    <Unicode>von 1890 bis 1914 war ein geistiges Kampffeld, dessen</Unicode>
                </TextEquiv>
            </TextLine>
            <TextLine id="tr_4_tl_11" custom="readingOrder {index:10;}">
                <Coords points="1915,911 2889,901 2872,863 1915,868"/>
                <Baseline points="1922,895 1970,895 2019,894 2067,894 2116,895 2164,895 2213,895 2261,895 2310,895 2358,895 2407,895 2455,895 2504,895 2552,896 2601,897 2649,895 2698,895 2746,895 2795,893 2843,895 2892,892"/>
                <Word id="tr_4_tl_11_w1" custom="readingOrder {index:0;}">
                    <Coords points="1913,855 1913,915 2007,915 2007,855"/>
                    <TextEquiv>
                        <Unicode>Helden</Unicode>
                    </TextEquiv>
                </Word>
                <Word id="tr_4_tl_11_w2" custom="readingOrder {index:1;}">
                    <Coords points="2038,854 2038,914 2123,914 2123,854"/>
                    <TextEquiv>
                        <Unicode>Frank</Unicode>
                    </TextEquiv>
                </Word>
                <Word id="tr_4_tl_11_w3" custom="readingOrder {index:2;}">
                    <Coords points="2149,855 2149,915 2317,915 2317,855"/>
                    <TextEquiv>
                        <Unicode>Wedekind,</Unicode>
                    </TextEquiv>
                </Word>
                <Word id="tr_4_tl_11_w4" custom="readingOrder {index:3;}">
                    <Coords points="2334,855 2334,915 2437,915 2437,855"/>
                    <TextEquiv>
                        <Unicode>Arthur</Unicode>
                    </TextEquiv>
                </Word>
                <Word id="tr_4_tl_11_w5" custom="readingOrder {index:4;}">
                    <Coords points="2459,855 2459,915 2618,915 2618,855"/>
                    <TextEquiv>
                        <Unicode>Schnitzler,</Unicode>
                    </TextEquiv>
                </Word>
                <Word id="tr_4_tl_11_w6" custom="readingOrder {index:5;}">
                    <Coords points="2636,855 2636,915 2709,915 2709,855"/>
                    <TextEquiv>
                        <Unicode>Hugo</Unicode>
                    </TextEquiv>
                </Word>
                <Word id="tr_4_tl_11_w7" custom="readingOrder {index:6;}">
                    <Coords points="2735,854 2735,914 2781,914 2781,854"/>
                    <TextEquiv>
                        <Unicode>von</Unicode>
                    </TextEquiv>
                </Word>
                <Word id="tr_4_tl_11_w8" custom="readingOrder {index:7;}">
                    <Coords points="2812,854 2812,914 2889,914 2889,854"/>
                    <TextEquiv>
                        <Unicode>Hoff¬</Unicode>
                    </TextEquiv>
                </Word>
                <TextEquiv>
                    <Unicode>Helden Frank Wedekind, Arthur Schnitzler, Hugo von Hoff¬</Unicode>
                </TextEquiv>
            </TextLine>
            <TextLine id="tr_4_tl_12" custom="readingOrder {index:11;}">
                <Coords points="1919,936 2880,933 2808,896 1919,907"/>
                <Baseline points="1925,931 1972,928 2020,930 2068,929 2116,931 2164,931 2212,931 2260,931 2308,931 2356,931 2404,930 2451,928 2499,929 2547,930 2595,930 2643,929 2691,928 2739,928 2787,928 2835,928 2883,928"/>
                <Word id="tr_4_tl_12_w1" custom="readingOrder {index:0;}">
                    <Coords points="1916,889 1916,949 2078,949 2078,889"/>
                    <TextEquiv>
                        <Unicode>mannsthal</Unicode>
                    </TextEquiv>
                </Word>
                <Word id="tr_4_tl_12_w2" custom="readingOrder {index:1;}">
                    <Coords points="2109,891 2109,951 2158,951 2158,891"/>
                    <TextEquiv>
                        <Unicode>und</Unicode>
                    </TextEquiv>
                </Word>
                <Word id="tr_4_tl_12_w3" custom="readingOrder {index:2;}">
                    <Coords points="2192,891 2192,951 2264,951 2264,891"/>
                    <TextEquiv>
                        <Unicode>viele</Unicode>
                    </TextEquiv>
                </Word>
                <Word id="tr_4_tl_12_w4" custom="readingOrder {index:3;}">
                    <Coords points="2291,891 2291,951 2393,951 2393,891"/>
                    <TextEquiv>
                        <Unicode>andere</Unicode>
                    </TextEquiv>
                </Word>
                <Word id="tr_4_tl_12_w5" custom="readingOrder {index:4;}">
                    <Coords points="2427,888 2427,948 2533,948 2533,888"/>
                    <TextEquiv>
                        <Unicode>waren,</Unicode>
                    </TextEquiv>
                </Word>
                <Word id="tr_4_tl_12_w6" custom="readingOrder {index:5;}">
                    <Coords points="2560,889 2560,949 2642,949 2642,889"/>
                    <TextEquiv>
                        <Unicode>denen</Unicode>
                    </TextEquiv>
                </Word>
                <Word id="tr_4_tl_12_w7" custom="readingOrder {index:6;}">
                    <Coords points="2677,888 2677,948 2771,948 2771,888"/>
                    <TextEquiv>
                        <Unicode>unsere</Unicode>
                    </TextEquiv>
                </Word>
                <Word id="tr_4_tl_12_w8" custom="readingOrder {index:7;}">
                    <Coords points="2806,888 2806,948 2870,948 2870,888"/>
                    <TextEquiv>
                        <Unicode>jung</Unicode>
                    </TextEquiv>
                </Word>
                <TextEquiv>
                    <Unicode>mannsthal und viele andere waren, denen unsere jung</Unicode>
                </TextEquiv>
            </TextLine>
            <TextLine id="tr_4_tl_13" custom="readingOrder {index:12;}">
                <Coords points="1915,967 2893,972 2875,932 1915,936"/>
                <Baseline points="1922,958 1970,961 2019,961 2067,961 2116,961 2165,961 2213,962 2262,964 2311,964 2359,964 2408,964 2457,961 2505,964 2554,961 2603,963 2651,961 2700,961 2749,961 2797,961 2846,961 2895,961"/>
                <Word id="tr_4_tl_13_w1" custom="readingOrder {index:0;}">
                    <Coords points="1913,921 1913,981 2082,981 2082,921"/>
                    <TextEquiv>
                        <Unicode>Generation</Unicode>
                    </TextEquiv>
                </Word>
                <Word id="tr_4_tl_13_w2" custom="readingOrder {index:1;}">
                    <Coords points="2115,921 2115,981 2155,981 2155,921"/>
                    <TextEquiv>
                        <Unicode>ein</Unicode>
                    </TextEquiv>
                </Word>
                <Word id="tr_4_tl_13_w3" custom="readingOrder {index:2;}">
                    <Coords points="2192,922 2192,982 2277,982 2277,922"/>
                    <TextEquiv>
                        <Unicode>wenig</Unicode>
                    </TextEquiv>
                </Word>
                <Word id="tr_4_tl_13_w4" custom="readingOrder {index:3;}">
                    <Coords points="2310,923 2310,983 2532,983 2532,923"/>
                    <TextEquiv>
                        <Unicode>verständnislos</Unicode>
                    </TextEquiv>
                </Word>
                <Word id="tr_4_tl_13_w5" custom="readingOrder {index:4;}">
                    <Coords points="2561,921 2561,981 2800,981 2800,921"/>
                    <TextEquiv>
                        <Unicode>gegenübersteht,</Unicode>
                    </TextEquiv>
                </Word>
                <Word id="tr_4_tl_13_w6" custom="readingOrder {index:5;}">
                    <Coords points="2829,921 2829,981 2893,981 2893,921"/>
                    <TextEquiv>
                        <Unicode>well</Unicode>
                    </TextEquiv>
                </Word>
                <TextEquiv>
                    <Unicode>Generation ein wenig verständnislos gegenübersteht, well</Unicode>
                </TextEquiv>
            </TextLine>
            <TextLine id="tr_4_tl_14" custom="readingOrder {index:13;}">
                <Coords points="1915,1000 2889,1005 2889,974 2837,966 1915,967"/>
                <Baseline points="1922,994 1970,997 2019,997 2067,997 2116,997 2164,997 2213,997 2261,997 2310,997 2358,997 2407,997 2455,997 2504,997 2552,997 2601,997 2649,995 2698,997 2746,998 2795,999 2843,997 2892,994"/>
                <Word id="tr_4_tl_14_w1" custom="readingOrder {index:0;}">
                    <Coords points="1913,955 1913,1015 1975,1015 1975,955"/>
                    <TextEquiv>
                        <Unicode>das,</Unicode>
                    </TextEquiv>
                </Word>
                <Word id="tr_4_tl_14_w2" custom="readingOrder {index:1;}">
                    <Coords points="1996,957 1996,1017 2083,1017 2083,957"/>
                    <TextEquiv>
                        <Unicode>wofür</Unicode>
                    </TextEquiv>
                </Word>
                <Word id="tr_4_tl_14_w3" custom="readingOrder {index:2;}">
                    <Coords points="2109,957 2109,1017 2179,1017 2179,957"/>
                    <TextEquiv>
                        <Unicode>diese</Unicode>
                    </TextEquiv>
                </Word>
                <Word id="tr_4_tl_14_w4" custom="readingOrder {index:3;}">
                    <Coords points="2205,957 2205,1017 2342,1017 2342,957"/>
                    <TextEquiv>
                        <Unicode>Menschen</Unicode>
                    </TextEquiv>
                </Word>
                <Word id="tr_4_tl_14_w5" custom="readingOrder {index:4;}">
                    <Coords points="2372,957 2372,1017 2430,1017 2430,957"/>
                    <TextEquiv>
                        <Unicode>ihre</Unicode>
                    </TextEquiv>
                </Word>
                <Word id="tr_4_tl_14_w6" custom="readingOrder {index:5;}">
                    <Coords points="2455,957 2455,1017 2605,1017 2605,957"/>
                    <TextEquiv>
                        <Unicode>Schlachten</Unicode>
                    </TextEquiv>
                </Word>
                <Word id="tr_4_tl_14_w7" custom="readingOrder {index:6;}">
                    <Coords points="2635,957 2635,1017 2773,1017 2773,957"/>
                    <TextEquiv>
                        <Unicode>schlugen,</Unicode>
                    </TextEquiv>
                </Word>
                <Word id="tr_4_tl_14_w8" custom="readingOrder {index:7;}">
                    <Coords points="2790,957 2790,1017 2893,1017 2893,957"/>
                    <TextEquiv>
                        <Unicode>gegen¬</Unicode>
                    </TextEquiv>
                </Word>
                <TextEquiv>
                    <Unicode>das, wofür diese Menschen ihre Schlachten schlugen, gegen¬</Unicode>
                </TextEquiv>
            </TextLine>
            <TextLine id="tr_4_tl_15" custom="readingOrder {index:14;}">
                <Coords points="1921,1050 2899,1052 2899,1000 1921,1002"/>
                <Baseline points="1928,1032 1976,1032 2025,1032 2073,1032 2122,1032 2171,1032 2219,1032 2268,1032 2317,1030 2365,1031 2414,1032 2463,1032 2511,1032 2560,1032 2609,1032 2657,1033 2706,1035 2755,1034 2803,1032 2852,1032 2901,1035"/>
                <Word id="tr_4_tl_15_w1" custom="readingOrder {index:0;}">
                    <Coords points="1919,992 1919,1052 2051,1052 2051,992"/>
                    <TextEquiv>
                        <Unicode>standslos</Unicode>
                    </TextEquiv>
                </Word>
                <Word id="tr_4_tl_15_w2" custom="readingOrder {index:1;}">
                    <Coords points="2085,992 2085,1052 2226,1052 2226,992"/>
                    <TextEquiv>
                        <Unicode>geworden</Unicode>
                    </TextEquiv>
                </Word>
                <Word id="tr_4_tl_15_w3" custom="readingOrder {index:2;}">
                    <Coords points="2264,991 2264,1051 2309,1051 2309,991"/>
                    <TextEquiv>
                        <Unicode>ist.</Unicode>
                    </TextEquiv>
                </Word>
                <Word id="tr_4_tl_15_w4" custom="readingOrder {index:3;}">
                    <Coords points="2351,991 2351,1051 2384,1051 2384,991"/>
                    <TextEquiv>
                        <Unicode>Es</Unicode>
                    </TextEquiv>
                </Word>
                <Word id="tr_4_tl_15_w5" custom="readingOrder {index:4;}">
                    <Coords points="2422,992 2422,1052 2492,1052 2492,992"/>
                    <TextEquiv>
                        <Unicode>wäre</Unicode>
                    </TextEquiv>
                </Word>
                <Word id="tr_4_tl_15_w6" custom="readingOrder {index:5;}">
                    <Coords points="2526,992 2526,1052 2704,1052 2704,992"/>
                    <TextEquiv>
                        <Unicode>undankbar,</Unicode>
                    </TextEquiv>
                </Word>
                <Word id="tr_4_tl_15_w7" custom="readingOrder {index:6;}">
                    <Coords points="2729,994 2729,1054 2758,1054 2758,994"/>
                    <TextEquiv>
                        <Unicode>zu</Unicode>
                    </TextEquiv>
                </Word>
                <Word id="tr_4_tl_15_w8" custom="readingOrder {index:7;}">
                    <Coords points="2796,992 2796,1052 2891,1052 2891,992"/>
                    <TextEquiv>
                        <Unicode>sagen,</Unicode>
                    </TextEquiv>
                </Word>
                <TextEquiv>
                    <Unicode>standslos geworden ist. Es wäre undankbar, zu sagen,</Unicode>
                </TextEquiv>
            </TextLine>
            <TextLine id="tr_4_tl_16" custom="readingOrder {index:15;}">
                <Coords points="1915,1990 2893,1980 2851,1922 2425,1952 2309,1921 2204,1957 1915,1926"/>
                <Baseline points="1922,1976 1970,1976 2019,1976 2067,1976 2116,1976 2165,1976 2213,1976 2262,1978 2311,1977 2359,1976 2408,1976 2457,1976 2505,1973 2554,1976 2603,1976 2651,1975 2700,1974 2749,1976 2797,1976 2846,1976 2895,1976"/>
                <Word id="tr_4_tl_16_w1" custom="readingOrder {index:0;}">
                    <Coords points="1915,1936 1915,1996 1976,1996 1976,1936"/>
                    <TextEquiv>
                        <Unicode>diese</Unicode>
                    </TextEquiv>
                </Word>
                <Word id="tr_4_tl_16_w2" custom="readingOrder {index:1;}">
                    <Coords points="2003,1936 2003,1996 2106,1996 2106,1936"/>
                    <TextEquiv>
                        <Unicode>Führer</Unicode>
                    </TextEquiv>
                </Word>
                <Word id="tr_4_tl_16_w3" custom="readingOrder {index:2;}">
                    <Coords points="2133,1936 2133,1996 2179,1996 2179,1936"/>
                    <TextEquiv>
                        <Unicode>von</Unicode>
                    </TextEquiv>
                </Word>
                <Word id="tr_4_tl_16_w4" custom="readingOrder {index:3;}">
                    <Coords points="2211,1937 2211,1997 2319,1997 2319,1937"/>
                    <TextEquiv>
                        <Unicode>damals</Unicode>
                    </TextEquiv>
                </Word>
                <Word id="tr_4_tl_16_w5" custom="readingOrder {index:4;}">
                    <Coords points="2346,1936 2346,1996 2434,1996 2434,1936"/>
                    <TextEquiv>
                        <Unicode>hätten</Unicode>
                    </TextEquiv>
                </Word>
                <Word id="tr_4_tl_16_w6" custom="readingOrder {index:5;}">
                    <Coords points="2471,1933 2471,1993 2512,1993 2512,1933"/>
                    <TextEquiv>
                        <Unicode>sich</Unicode>
                    </TextEquiv>
                </Word>
                <Word id="tr_4_tl_16_w7" custom="readingOrder {index:6;}">
                    <Coords points="2538,1935 2538,1995 2678,1995 2678,1935"/>
                    <TextEquiv>
                        <Unicode>überlebt.</Unicode>
                    </TextEquiv>
                </Word>
                <Word id="tr_4_tl_16_w8" custom="readingOrder {index:7;}">
                    <Coords points="2710,1935 2710,1995 2761,1995 2761,1935"/>
                    <TextEquiv>
                        <Unicode>Die</Unicode>
                    </TextEquiv>
                </Word>
                <Word id="tr_4_tl_16_w9" custom="readingOrder {index:8;}">
                    <Coords points="2788,1936 2788,1996 2880,1996 2880,1936"/>
                    <TextEquiv>
                        <Unicode>Zeiten</Unicode>
                    </TextEquiv>
                </Word>
                <TextEquiv>
                    <Unicode>diese Führer von damals hätten sich überlebt. Die Zeiten</Unicode>
                </TextEquiv>
            </TextLine>
            <TextLine id="tr_4_tl_17" custom="readingOrder {index:16;}">
                <Coords points="1915,2015 2887,2026 2887,1979 1915,1989"/>
                <Baseline points="1922,2009 1970,2012 2018,2012 2067,2009 2115,2009 2163,2009 2212,2009 2260,2009 2308,2009 2357,2011 2405,2012 2453,2009 2502,2009 2550,2009 2598,2009 2647,2009 2695,2009 2743,2010 2792,2012 2840,2013 2889,2015"/>
                <Word id="tr_4_tl_17_w1" custom="readingOrder {index:0;}">
                    <Coords points="1913,1970 1913,2030 1967,2030 1967,1970"/>
                    <TextEquiv>
                        <Unicode>nach</Unicode>
                    </TextEquiv>
                </Word>
                <Word id="tr_4_tl_17_w2" custom="readingOrder {index:1;}">
                    <Coords points="1992,1972 1992,2032 2037,2032 2037,1972"/>
                    <TextEquiv>
                        <Unicode>uns</Unicode>
                    </TextEquiv>
                </Word>
                <Word id="tr_4_tl_17_w3" custom="readingOrder {index:2;}">
                    <Coords points="2063,1969 2063,2029 2167,2029 2167,1969"/>
                    <TextEquiv>
                        <Unicode>werden</Unicode>
                    </TextEquiv>
                </Word>
                <Word id="tr_4_tl_17_w4" custom="readingOrder {index:3;}">
                    <Coords points="2197,1969 2197,2029 2218,2029 2218,1969"/>
                    <TextEquiv>
                        <Unicode>in</Unicode>
                    </TextEquiv>
                </Word>
                <Word id="tr_4_tl_17_w5" custom="readingOrder {index:4;}">
                    <Coords points="2243,1969 2243,2029 2322,2029 2322,1969"/>
                    <TextEquiv>
                        <Unicode>ihnen</Unicode>
                    </TextEquiv>
                </Word>
                <Word id="tr_4_tl_17_w6" custom="readingOrder {index:5;}">
                    <Coords points="2348,1971 2348,2031 2490,2031 2490,1971"/>
                    <TextEquiv>
                        <Unicode>lebendige</Unicode>
                    </TextEquiv>
                </Word>
                <Word id="tr_4_tl_17_w7" custom="readingOrder {index:6;}">
                    <Coords points="2511,1969 2511,2029 2666,2029 2666,1969"/>
                    <TextEquiv>
                        <Unicode>Schilderer</Unicode>
                    </TextEquiv>
                </Word>
                <Word id="tr_4_tl_17_w8" custom="readingOrder {index:7;}">
                    <Coords points="2691,1969 2691,2029 2762,2029 2762,1969"/>
                    <TextEquiv>
                        <Unicode>einer</Unicode>
                    </TextEquiv>
                </Word>
                <Word id="tr_4_tl_17_w9" custom="readingOrder {index:8;}">
                    <Coords points="2783,1972 2783,2032 2883,2032 2883,1972"/>
                    <TextEquiv>
                        <Unicode>Epoch¬</Unicode>
                    </TextEquiv>
                </Word>
                <TextEquiv>
                    <Unicode>nach uns werden in ihnen lebendige Schilderer einer Epoch¬</Unicode>
                </TextEquiv>
            </TextLine>
            <TextLine id="tr_4_tl_18" custom="readingOrder {index:17;}">
                <Coords points="1915,2070 2224,2042 2716,2050 2716,2026 2655,2015 1915,2016"/>
                <Baseline points="1922,2045 1961,2045 2001,2045 2041,2045 2081,2045 2121,2045 2161,2045 2200,2044 2240,2043 2280,2045 2320,2045 2360,2045 2400,2045 2440,2045 2479,2045 2519,2043 2559,2043 2599,2044 2639,2043 2679,2045 2719,2042"/>
                <Word id="tr_4_tl_18_w1" custom="readingOrder {index:0;}">
                    <Coords points="1913,2005 1913,2065 2017,2065 2017,2005"/>
                    <TextEquiv>
                        <Unicode>finden,</Unicode>
                    </TextEquiv>
                </Word>
                <Word id="tr_4_tl_18_w2" custom="readingOrder {index:1;}">
                    <Coords points="2038,2005 2038,2065 2080,2065 2080,2005"/>
                    <TextEquiv>
                        <Unicode>die</Unicode>
                    </TextEquiv>
                </Word>
                <Word id="tr_4_tl_18_w3" custom="readingOrder {index:2;}">
                    <Coords points="2105,2005 2105,2065 2201,2065 2201,2005"/>
                    <TextEquiv>
                        <Unicode>ebenso</Unicode>
                    </TextEquiv>
                </Word>
                <Word id="tr_4_tl_18_w4" custom="readingOrder {index:3;}">
                    <Coords points="2231,2005 2231,2065 2411,2065 2411,2005"/>
                    <TextEquiv>
                        <Unicode>unerfreulich</Unicode>
                    </TextEquiv>
                </Word>
                <Word id="tr_4_tl_18_w5" custom="readingOrder {index:4;}">
                    <Coords points="2441,2005 2441,2065 2486,2065 2486,2005"/>
                    <TextEquiv>
                        <Unicode>wie</Unicode>
                    </TextEquiv>
                </Word>
                <Word id="tr_4_tl_18_w6" custom="readingOrder {index:5;}">
                    <Coords points="2516,2003 2516,2063 2616,2063 2616,2003"/>
                    <TextEquiv>
                        <Unicode>wichtig</Unicode>
                    </TextEquiv>
                </Word>
                <Word id="tr_4_tl_18_w7" custom="readingOrder {index:6;}">
                    <Coords points="2645,2004 2645,2064 2716,2064 2716,2004"/>
                    <TextEquiv>
                        <Unicode>war.</Unicode>
                    </TextEquiv>
                </Word>
                <TextEquiv>
                    <Unicode>finden, die ebenso unerfreulich wie wichtig war.</Unicode>
                </TextEquiv>
            </TextLine>
            <TextLine id="tr_4_tl_19" custom="readingOrder {index:18;}">
                <Coords points="1984,2087 2889,2087 2889,2047 2787,2041 1984,2051"/>
                <Baseline points="1991,2080 2036,2077 2081,2074 2126,2077 2171,2077 2216,2077 2261,2077 2306,2080 2351,2080 2396,2077 2441,2077 2486,2080 2531,2077 2576,2077 2621,2077 2666,2077 2711,2077 2756,2077 2801,2077 2846,2077 2892,2074"/>
                <Word id="tr_4_tl_19_w1" custom="readingOrder {index:0;}">
                    <Coords points="1982,2037 1982,2097 2077,2097 2077,2037"/>
                    <TextEquiv>
                        <Unicode>Arthur</Unicode>
                    </TextEquiv>
                </Word>
                <Word id="tr_4_tl_19_w2" custom="readingOrder {index:1;}">
                    <Coords points="2103,2037 2103,2097 2248,2097 2248,2037"/>
                    <TextEquiv>
                        <Unicode>Schnitzler</Unicode>
                    </TextEquiv>
                </Word>
                <Word id="tr_4_tl_19_w3" custom="readingOrder {index:2;}">
                    <Coords points="2273,2040 2273,2100 2369,2100 2369,2040"/>
                    <TextEquiv>
                        <Unicode>errang</Unicode>
                    </TextEquiv>
                </Word>
                <Word id="tr_4_tl_19_w4" custom="readingOrder {index:3;}">
                    <Coords points="2398,2037 2398,2097 2485,2097 2485,2037"/>
                    <TextEquiv>
                        <Unicode>seinen</Unicode>
                    </TextEquiv>
                </Word>
                <Word id="tr_4_tl_19_w5" custom="readingOrder {index:4;}">
                    <Coords points="2515,2037 2515,2097 2593,2097 2593,2037"/>
                    <TextEquiv>
                        <Unicode>ersten</Unicode>
                    </TextEquiv>
                </Word>
                <Word id="tr_4_tl_19_w6" custom="readingOrder {index:5;}">
                    <Coords points="2623,2037 2623,2097 2723,2097 2723,2037"/>
                    <TextEquiv>
                        <Unicode>großen</Unicode>
                    </TextEquiv>
                </Word>
                <Word id="tr_4_tl_19_w7" custom="readingOrder {index:6;}">
                    <Coords points="2752,2037 2752,2097 2885,2097 2885,2037"/>
                    <TextEquiv>
                        <Unicode>Bühnen¬</Unicode>
                    </TextEquiv>
                </Word>
                <TextEquiv>
                    <Unicode>Arthur Schnitzler errang seinen ersten großen Bühnen¬</Unicode>
                </TextEquiv>
            </TextLine>
            <TextLine id="tr_4_tl_20" custom="readingOrder {index:19;}">
                <Coords points="1909,2115 2895,2124 2879,2083 1909,2091"/>
                <Baseline points="1916,2113 1965,2113 2014,2113 2063,2113 2112,2113 2161,2113 2210,2113 2259,2113 2308,2113 2357,2113 2407,2113 2456,2110 2505,2110 2554,2110 2603,2110 2652,2110 2701,2110 2750,2112 2799,2111 2848,2113 2898,2110"/>
                <Word id="tr_4_tl_20_w1" custom="readingOrder {index:0;}">
                    <Coords points="1907,2073 1907,2133 1990,2133 1990,2073"/>
                    <TextEquiv>
                        <Unicode>erfolg</Unicode>
                    </TextEquiv>
                </Word>
                <Word id="tr_4_tl_20_w2" custom="readingOrder {index:1;}">
                    <Coords points="2016,2073 2016,2133 2066,2133 2066,2073"/>
                    <TextEquiv>
                        <Unicode>mit</Unicode>
                    </TextEquiv>
                </Word>
                <Word id="tr_4_tl_20_w3" custom="readingOrder {index:2;}">
                    <Coords points="2087,2073 2087,2133 2129,2133 2129,2073"/>
                    <TextEquiv>
                        <Unicode>der</Unicode>
                    </TextEquiv>
                </Word>
                <Word id="tr_4_tl_20_w4" custom="readingOrder {index:3;}">
                    <Coords points="2155,2073 2155,2133 2293,2133 2293,2073"/>
                    <TextEquiv>
                        <Unicode>Tragödie</Unicode>
                    </TextEquiv>
                </Word>
                <Word id="tr_4_tl_20_w5" custom="readingOrder {index:4;}">
                    <Coords points="2315,2073 2315,2133 2487,2133 2487,2073"/>
                    <TextEquiv>
                        <Unicode>„Liebelei“.</Unicode>
                    </TextEquiv>
                </Word>
                <Word id="tr_4_tl_20_w6" custom="readingOrder {index:5;}">
                    <Coords points="2517,2070 2517,2130 2567,2130 2567,2070"/>
                    <TextEquiv>
                        <Unicode>Die</Unicode>
                    </TextEquiv>
                </Word>
                <Word id="tr_4_tl_20_w7" custom="readingOrder {index:6;}">
                    <Coords points="2593,2070 2593,2130 2794,2130 2794,2070"/>
                    <TextEquiv>
                        <Unicode>Sinnlosigkeit</Unicode>
                    </TextEquiv>
                </Word>
                <Word id="tr_4_tl_20_w8" custom="readingOrder {index:7;}">
                    <Coords points="2816,2072 2816,2132 2891,2132 2891,2072"/>
                    <TextEquiv>
                        <Unicode>einer</Unicode>
                    </TextEquiv>
                </Word>
                <TextEquiv>
                    <Unicode>erfolg mit der Tragödie „Liebelei“. Die Sinnlosigkeit einer</Unicode>
                </TextEquiv>
            </TextLine>
            <TextLine id="tr_4_tl_21" custom="readingOrder {index:20;}">
                <Coords points="1919,2158 2890,2153 2890,2124 2804,2113 1919,2118"/>
                <Baseline points="1925,2149 1973,2146 2021,2146 2070,2146 2118,2146 2166,2146 2215,2146 2263,2146 2311,2146 2360,2146 2408,2146 2456,2145 2505,2143 2553,2143 2601,2143 2650,2143 2698,2143 2746,2143 2795,2143 2843,2146 2892,2140"/>
                <Word id="tr_4_tl_21_w1" custom="readingOrder {index:0;}">
                    <Coords points="1917,2106 1917,2166 2041,2166 2041,2106"/>
                    <TextEquiv>
                        <Unicode>sorglosen</Unicode>
                    </TextEquiv>
                </Word>
                <Word id="tr_4_tl_21_w2" custom="readingOrder {index:1;}">
                    <Coords points="2071,2106 2071,2166 2145,2166 2145,2106"/>
                    <TextEquiv>
                        <Unicode>Zeit,</Unicode>
                    </TextEquiv>
                </Word>
                <Word id="tr_4_tl_21_w3" custom="readingOrder {index:2;}">
                    <Coords points="2162,2106 2162,2166 2220,2166 2220,2106"/>
                    <TextEquiv>
                        <Unicode>ihre</Unicode>
                    </TextEquiv>
                </Word>
                <Word id="tr_4_tl_21_w4" custom="readingOrder {index:3;}">
                    <Coords points="2246,2106 2246,2166 2437,2166 2437,2106"/>
                    <TextEquiv>
                        <Unicode>versteinerten</Unicode>
                    </TextEquiv>
                </Word>
                <Word id="tr_4_tl_21_w5" custom="readingOrder {index:4;}">
                    <Coords points="2462,2103 2462,2163 2566,2163 2566,2103"/>
                    <TextEquiv>
                        <Unicode>Gesetze</Unicode>
                    </TextEquiv>
                </Word>
                <Word id="tr_4_tl_21_w6" custom="readingOrder {index:5;}">
                    <Coords points="2591,2103 2591,2163 2640,2163 2640,2103"/>
                    <TextEquiv>
                        <Unicode>und</Unicode>
                    </TextEquiv>
                </Word>
                <Word id="tr_4_tl_21_w7" custom="readingOrder {index:6;}">
                    <Coords points="2666,2103 2666,2163 2707,2163 2707,2103"/>
                    <TextEquiv>
                        <Unicode>die</Unicode>
                    </TextEquiv>
                </Word>
                <Word id="tr_4_tl_21_w8" custom="readingOrder {index:7;}">
                    <Coords points="2733,2103 2733,2163 2886,2163 2886,2103"/>
                    <TextEquiv>
                        <Unicode>revolutio¬</Unicode>
                    </TextEquiv>
                </Word>
                <TextEquiv>
                    <Unicode>sorglosen Zeit, ihre versteinerten Gesetze und die revolutio¬</Unicode>
                </TextEquiv>
            </TextLine>
            <TextLine id="tr_4_tl_22" custom="readingOrder {index:21;}">
                <Coords points="1909,2187 2889,2194 2861,2149 1909,2158"/>
                <Baseline points="1916,2179 1964,2180 2013,2181 2062,2179 2111,2179 2160,2179 2208,2179 2257,2179 2306,2179 2355,2179 2404,2179 2452,2179 2501,2179 2550,2179 2599,2178 2648,2178 2696,2179 2745,2179 2794,2177 2843,2176 2892,2176"/>
                <Word id="tr_4_tl_22_w1" custom="readingOrder {index:0;}">
                    <Coords points="1911,2139 1911,2199 1975,2199 1975,2139"/>
                    <TextEquiv>
                        <Unicode>näre</Unicode>
                    </TextEquiv>
                </Word>
                <Word id="tr_4_tl_22_w2" custom="readingOrder {index:1;}">
                    <Coords points="2006,2139 2006,2199 2130,2199 2130,2139"/>
                    <TextEquiv>
                        <Unicode>Jugend,</Unicode>
                    </TextEquiv>
                </Word>
                <Word id="tr_4_tl_22_w3" custom="readingOrder {index:2;}">
                    <Coords points="2156,2139 2156,2199 2194,2199 2194,2139"/>
                    <TextEquiv>
                        <Unicode>die</Unicode>
                    </TextEquiv>
                </Word>
                <Word id="tr_4_tl_22_w4" custom="readingOrder {index:3;}">
                    <Coords points="2225,2139 2225,2199 2297,2199 2297,2139"/>
                    <TextEquiv>
                        <Unicode>nicht</Unicode>
                    </TextEquiv>
                </Word>
                <Word id="tr_4_tl_22_w5" custom="readingOrder {index:4;}">
                    <Coords points="2323,2139 2323,2199 2374,2199 2374,2139"/>
                    <TextEquiv>
                        <Unicode>mit</Unicode>
                    </TextEquiv>
                </Word>
                <Word id="tr_4_tl_22_w6" custom="readingOrder {index:5;}">
                    <Coords points="2400,2139 2400,2199 2438,2199 2438,2139"/>
                    <TextEquiv>
                        <Unicode>sich</Unicode>
                    </TextEquiv>
                </Word>
                <Word id="tr_4_tl_22_w7" custom="readingOrder {index:6;}">
                    <Coords points="2473,2139 2473,2199 2520,2199 2520,2139"/>
                    <TextEquiv>
                        <Unicode>und</Unicode>
                    </TextEquiv>
                </Word>
                <Word id="tr_4_tl_22_w8" custom="readingOrder {index:7;}">
                    <Coords points="2551,2138 2551,2198 2627,2198 2627,2138"/>
                    <TextEquiv>
                        <Unicode>ihrer</Unicode>
                    </TextEquiv>
                </Word>
                <Word id="tr_4_tl_22_w9" custom="readingOrder {index:8;}">
                    <Coords points="2653,2139 2653,2199 2773,2199 2773,2139"/>
                    <TextEquiv>
                        <Unicode>Umwelt</Unicode>
                    </TextEquiv>
                </Word>
                <Word id="tr_4_tl_22_w10" custom="readingOrder {index:9;}">
                    <Coords points="2799,2136 2799,2196 2880,2196 2880,2136"/>
                    <TextEquiv>
                        <Unicode>fertig</Unicode>
                    </TextEquiv>
                </Word>
                <TextEquiv>
                    <Unicode>näre Jugend, die nicht mit sich und ihrer Umwelt fertig</Unicode>
                </TextEquiv>
            </TextLine>
            <TextLine id="tr_4_tl_23" custom="readingOrder {index:22;}">
                <Coords points="1912,2223 2890,2219 2867,2184 1912,2191"/>
                <Baseline points="1919,2215 1967,2213 2016,2215 2064,2214 2113,2212 2162,2212 2210,2214 2259,2215 2308,2215 2356,2212 2405,2212 2454,2212 2502,2212 2551,2212 2600,2212 2648,2214 2697,2215 2746,2215 2794,2215 2843,2212 2892,2212"/>
                <Word id="tr_4_tl_23_w1" custom="readingOrder {index:0;}">
                    <Coords points="1910,2173 1910,2233 1989,2233 1989,2173"/>
                    <TextEquiv>
                        <Unicode>wird,</Unicode>
                    </TextEquiv>
                </Word>
                <Word id="tr_4_tl_23_w2" custom="readingOrder {index:1;}">
                    <Coords points="2006,2174 2006,2234 2064,2234 2064,2174"/>
                    <TextEquiv>
                        <Unicode>gibt</Unicode>
                    </TextEquiv>
                </Word>
                <Word id="tr_4_tl_23_w3" custom="readingOrder {index:2;}">
                    <Coords points="2085,2172 2085,2232 2130,2232 2130,2172"/>
                    <TextEquiv>
                        <Unicode>das</Unicode>
                    </TextEquiv>
                </Word>
                <Word id="tr_4_tl_23_w4" custom="readingOrder {index:3;}">
                    <Coords points="2152,2174 2152,2234 2268,2234 2268,2174"/>
                    <TextEquiv>
                        <Unicode>Thema.</Unicode>
                    </TextEquiv>
                </Word>
                <Word id="tr_4_tl_23_w5" custom="readingOrder {index:4;}">
                    <Coords points="2302,2172 2302,2232 2389,2232 2389,2172"/>
                    <TextEquiv>
                        <Unicode>Ueber</Unicode>
                    </TextEquiv>
                </Word>
                <Word id="tr_4_tl_23_w6" custom="readingOrder {index:5;}">
                    <Coords points="2415,2172 2415,2232 2523,2232 2523,2172"/>
                    <TextEquiv>
                        <Unicode>weitere</Unicode>
                    </TextEquiv>
                </Word>
                <Word id="tr_4_tl_23_w7" custom="readingOrder {index:6;}">
                    <Coords points="2544,2174 2544,2234 2769,2234 2769,2174"/>
                    <TextEquiv>
                        <Unicode>Theatererfolge</Unicode>
                    </TextEquiv>
                </Word>
                <Word id="tr_4_tl_23_w8" custom="readingOrder {index:7;}">
                    <Coords points="2795,2172 2795,2232 2890,2232 2890,2172"/>
                    <TextEquiv>
                        <Unicode>„Frei¬</Unicode>
                    </TextEquiv>
                </Word>
                <TextEquiv>
                    <Unicode>wird, gibt das Thema. Ueber weitere Theatererfolge „Frei¬</Unicode>
                </TextEquiv>
            </TextLine>
            <TextLine id="tr_4_tl_24" custom="readingOrder {index:23;}">
                <Coords points="1912,2252 2892,2255 2882,2217 1912,2226"/>
                <Baseline points="1919,2245 1967,2248 2016,2248 2065,2250 2114,2248 2163,2248 2211,2248 2260,2248 2309,2248 2358,2248 2407,2245 2455,2248 2504,2248 2553,2245 2602,2247 2651,2246 2699,2248 2748,2248 2797,2248 2846,2248 2895,2248"/>
                <Word id="tr_4_tl_24_w1" custom="readingOrder {index:0;}">
                    <Coords points="1906,2207 1906,2267 2000,2267 2000,2207"/>
                    <TextEquiv>
                        <Unicode>wild",</Unicode>
                    </TextEquiv>
                </Word>
                <Word id="tr_4_tl_24_w2" custom="readingOrder {index:1;}">
                    <Coords points="2029,2208 2029,2268 2275,2268 2275,2208"/>
                    <TextEquiv>
                        <Unicode>„Vermächtnis",</Unicode>
                    </TextEquiv>
                </Word>
                <Word id="tr_4_tl_24_w3" custom="readingOrder {index:2;}">
                    <Coords points="2299,2208 2299,2268 2379,2268 2379,2208"/>
                    <TextEquiv>
                        <Unicode>„Der</Unicode>
                    </TextEquiv>
                </Word>
                <Word id="tr_4_tl_24_w4" custom="readingOrder {index:3;}">
                    <Coords points="2413,2208 2413,2268 2507,2268 2507,2208"/>
                    <TextEquiv>
                        <Unicode>Grüne</Unicode>
                    </TextEquiv>
                </Word>
                <Word id="tr_4_tl_24_w5" custom="readingOrder {index:4;}">
                    <Coords points="2541,2206 2541,2266 2692,2266 2692,2206"/>
                    <TextEquiv>
                        <Unicode>Kakadu",</Unicode>
                    </TextEquiv>
                </Word>
                <Word id="tr_4_tl_24_w6" custom="readingOrder {index:5;}">
                    <Coords points="2726,2208 2726,2268 2886,2268 2886,2208"/>
                    <TextEquiv>
                        <Unicode>„Professos</Unicode>
                    </TextEquiv>
                </Word>
                <TextEquiv>
                    <Unicode>wild", „Vermächtnis", „Der Grüne Kakadu", „Professos</Unicode>
                </TextEquiv>
            </TextLine>
            <TextLine id="tr_4_tl_25" custom="readingOrder {index:24;}">
                <Coords points="1912,2288 2892,2293 2892,2257 2707,2249 1912,2252"/>
                <Baseline points="1919,2280 1967,2282 2016,2280 2065,2280 2114,2280 2163,2282 2211,2281 2260,2280 2309,2280 2358,2280 2407,2280 2455,2280 2504,2280 2553,2280 2602,2280 2651,2280 2699,2280 2748,2280 2797,2280 2846,2280 2895,2277"/>
                <Word id="tr_4_tl_25_w1" custom="readingOrder {index:0;}">
                    <Coords points="1910,2240 1910,2300 2076,2300 2076,2240"/>
                    <TextEquiv>
                        <Unicode>Bernhardi“</Unicode>
                    </TextEquiv>
                </Word>
                <Word id="tr_4_tl_25_w2" custom="readingOrder {index:1;}">
                    <Coords points="2097,2241 2097,2301 2215,2301 2215,2241"/>
                    <TextEquiv>
                        <Unicode>gelangt</Unicode>
                    </TextEquiv>
                </Word>
                <Word id="tr_4_tl_25_w3" custom="readingOrder {index:2;}">
                    <Coords points="2236,2240 2236,2300 2280,2300 2280,2240"/>
                    <TextEquiv>
                        <Unicode>der</Unicode>
                    </TextEquiv>
                </Word>
                <Word id="tr_4_tl_25_w4" custom="readingOrder {index:3;}">
                    <Coords points="2301,2240 2301,2300 2390,2300 2390,2240"/>
                    <TextEquiv>
                        <Unicode>Autor</Unicode>
                    </TextEquiv>
                </Word>
                <Word id="tr_4_tl_25_w5" custom="readingOrder {index:4;}">
                    <Coords points="2416,2240 2416,2300 2440,2300 2440,2240"/>
                    <TextEquiv>
                        <Unicode>zu</Unicode>
                    </TextEquiv>
                </Word>
                <Word id="tr_4_tl_25_w6" custom="readingOrder {index:5;}">
                    <Coords points="2465,2240 2465,2300 2542,2300 2542,2240"/>
                    <TextEquiv>
                        <Unicode>einem</Unicode>
                    </TextEquiv>
                </Word>
                <Word id="tr_4_tl_25_w7" custom="readingOrder {index:6;}">
                    <Coords points="2579,2240 2579,2300 2660,2300 2660,2240"/>
                    <TextEquiv>
                        <Unicode>etwas</Unicode>
                    </TextEquiv>
                </Word>
                <Word id="tr_4_tl_25_w8" custom="readingOrder {index:7;}">
                    <Coords points="2685,2240 2685,2300 2799,2300 2799,2240"/>
                    <TextEquiv>
                        <Unicode>bitteren</Unicode>
                    </TextEquiv>
                </Word>
                <Word id="tr_4_tl_25_w9" custom="readingOrder {index:8;}">
                    <Coords points="2832,2239 2832,2299 2884,2299 2884,2239"/>
                    <TextEquiv>
                        <Unicode>Lon</Unicode>
                    </TextEquiv>
                </Word>
                <TextEquiv>
                    <Unicode>Bernhardi“ gelangt der Autor zu einem etwas bitteren Lon</Unicode>
                </TextEquiv>
            </TextLine>
            <TextLine id="tr_4_tl_26" custom="readingOrder {index:25;}">
                <Coords points="1909,2323 2893,2324 2893,2293 2814,2284 1909,2288"/>
                <Baseline points="1916,2313 1967,2316 2019,2316 2070,2316 2122,2316 2173,2316 2225,2316 2276,2316 2328,2315 2379,2313 2431,2315 2482,2314 2534,2313 2585,2313 2637,2313 2688,2313 2740,2315 2791,2316 2843,2314 2895,2310"/>
                <Word id="tr_4_tl_26_w1" custom="readingOrder {index:0;}">
                    <Coords points="1911,2273 1911,2333 1952,2333 1952,2273"/>
                    <TextEquiv>
                        <Unicode>der</Unicode>
                    </TextEquiv>
                </Word>
                <Word id="tr_4_tl_26_w2" custom="readingOrder {index:1;}">
                    <Coords points="1978,2276 1978,2336 2090,2336 2090,2276"/>
                    <TextEquiv>
                        <Unicode>sozialen</Unicode>
                    </TextEquiv>
                </Word>
                <Word id="tr_4_tl_26_w3" custom="readingOrder {index:2;}">
                    <Coords points="2120,2276 2120,2336 2274,2336 2274,2276"/>
                    <TextEquiv>
                        <Unicode>Tragödie,</Unicode>
                    </TextEquiv>
                </Word>
                <Word id="tr_4_tl_26_w4" custom="readingOrder {index:3;}">
                    <Coords points="2296,2275 2296,2335 2333,2335 2333,2275"/>
                    <TextEquiv>
                        <Unicode>die</Unicode>
                    </TextEquiv>
                </Word>
                <Word id="tr_4_tl_26_w5" custom="readingOrder {index:4;}">
                    <Coords points="2358,2274 2358,2334 2542,2334 2542,2274"/>
                    <TextEquiv>
                        <Unicode>schwermütig</Unicode>
                    </TextEquiv>
                </Word>
                <Word id="tr_4_tl_26_w6" custom="readingOrder {index:5;}">
                    <Coords points="2572,2273 2572,2333 2621,2333 2621,2273"/>
                    <TextEquiv>
                        <Unicode>und</Unicode>
                    </TextEquiv>
                </Word>
                <Word id="tr_4_tl_26_w7" custom="readingOrder {index:6;}">
                    <Coords points="2647,2273 2647,2333 2684,2333 2684,2273"/>
                    <TextEquiv>
                        <Unicode>ein</Unicode>
                    </TextEquiv>
                </Word>
                <Word id="tr_4_tl_26_w8" custom="readingOrder {index:7;}">
                    <Coords points="2718,2275 2718,2335 2801,2335 2801,2275"/>
                    <TextEquiv>
                        <Unicode>wenig</Unicode>
                    </TextEquiv>
                </Word>
                <Word id="tr_4_tl_26_w9" custom="readingOrder {index:8;}">
                    <Coords points="2831,2272 2831,2332 2889,2332 2889,2272"/>
                    <TextEquiv>
                        <Unicode>sen¬</Unicode>
                    </TextEquiv>
                </Word>
                <TextEquiv>
                    <Unicode>der sozialen Tragödie, die schwermütig und ein wenig sen¬</Unicode>
                </TextEquiv>
            </TextLine>
            <TextLine id="tr_4_tl_27" custom="readingOrder {index:26;}">
                <Coords points="1912,2353 2890,2359 2866,2318 1912,2323"/>
                <Baseline points="1919,2349 1967,2349 2016,2349 2064,2349 2113,2347 2162,2348 2210,2349 2259,2349 2308,2349 2356,2349 2405,2349 2454,2347 2502,2349 2551,2348 2600,2346 2648,2346 2697,2348 2746,2349 2794,2349 2843,2349 2892,2346"/>
                <Word id="tr_4_tl_27_w1" custom="readingOrder {index:0;}">
                    <Coords points="1906,2309 1906,2369 2032,2369 2032,2309"/>
                    <TextEquiv>
                        <Unicode>timental</Unicode>
                    </TextEquiv>
                </Word>
                <Word id="tr_4_tl_27_w2" custom="readingOrder {index:1;}">
                    <Coords points="2061,2308 2061,2368 2085,2368 2085,2308"/>
                    <TextEquiv>
                        <Unicode>in</Unicode>
                    </TextEquiv>
                </Word>
                <Word id="tr_4_tl_27_w3" custom="readingOrder {index:2;}">
                    <Coords points="2122,2307 2122,2367 2167,2367 2167,2307"/>
                    <TextEquiv>
                        <Unicode>den</Unicode>
                    </TextEquiv>
                </Word>
                <Word id="tr_4_tl_27_w4" custom="readingOrder {index:3;}">
                    <Coords points="2208,2309 2208,2369 2310,2369 2310,2309"/>
                    <TextEquiv>
                        <Unicode>meisten</Unicode>
                    </TextEquiv>
                </Word>
                <Word id="tr_4_tl_27_w5" custom="readingOrder {index:4;}">
                    <Coords points="2351,2309 2351,2369 2441,2369 2441,2309"/>
                    <TextEquiv>
                        <Unicode>seiner</Unicode>
                    </TextEquiv>
                </Word>
                <Word id="tr_4_tl_27_w6" custom="readingOrder {index:5;}">
                    <Coords points="2474,2308 2474,2368 2571,2368 2571,2308"/>
                    <TextEquiv>
                        <Unicode>Werke</Unicode>
                    </TextEquiv>
                </Word>
                <Word id="tr_4_tl_27_w7" custom="readingOrder {index:6;}">
                    <Coords points="2605,2307 2605,2367 2788,2367 2788,2307"/>
                    <TextEquiv>
                        <Unicode>vorherrscht.</Unicode>
                    </TextEquiv>
                </Word>
                <Word id="tr_4_tl_27_w8" custom="readingOrder {index:7;}">
                    <Coords points="2834,2307 2834,2367 2886,2367 2886,2307"/>
                    <TextEquiv>
                        <Unicode>Die</Unicode>
                    </TextEquiv>
                </Word>
                <TextEquiv>
                    <Unicode>timental in den meisten seiner Werke vorherrscht. Die</Unicode>
                </TextEquiv>
            </TextLine>
            <TextLine id="tr_4_tl_28" custom="readingOrder {index:27;}">
                <Coords points="1912,2393 2892,2396 2892,2360 2794,2350 1912,2354"/>
                <Baseline points="1919,2385 1967,2383 2016,2384 2065,2383 2114,2383 2163,2384 2211,2385 2260,2383 2309,2382 2358,2382 2407,2382 2455,2385 2504,2382 2553,2382 2602,2382 2651,2382 2699,2382 2748,2382 2797,2382 2846,2382 2895,2382"/>
                <Word id="tr_4_tl_28_w1" custom="readingOrder {index:0;}">
                    <Coords points="1906,2343 1906,2403 2013,2403 2013,2343"/>
                    <TextEquiv>
                        <Unicode>Erfolge</Unicode>
                    </TextEquiv>
                </Word>
                <Word id="tr_4_tl_28_w2" custom="readingOrder {index:1;}">
                    <Coords points="2040,2343 2040,2403 2126,2403 2126,2343"/>
                    <TextEquiv>
                        <Unicode>seiner</Unicode>
                    </TextEquiv>
                </Word>
                <Word id="tr_4_tl_28_w3" custom="readingOrder {index:2;}">
                    <Coords points="2152,2343 2152,2403 2333,2403 2333,2343"/>
                    <TextEquiv>
                        <Unicode>erzählenden</Unicode>
                    </TextEquiv>
                </Word>
                <Word id="tr_4_tl_28_w4" custom="readingOrder {index:3;}">
                    <Coords points="2364,2343 2364,2403 2498,2403 2498,2343"/>
                    <TextEquiv>
                        <Unicode>Schriften</Unicode>
                    </TextEquiv>
                </Word>
                <Word id="tr_4_tl_28_w5" custom="readingOrder {index:4;}">
                    <Coords points="2529,2342 2529,2402 2580,2402 2580,2342"/>
                    <TextEquiv>
                        <Unicode>sind</Unicode>
                    </TextEquiv>
                </Word>
                <Word id="tr_4_tl_28_w6" custom="readingOrder {index:5;}">
                    <Coords points="2607,2342 2607,2402 2740,2402 2740,2342"/>
                    <TextEquiv>
                        <Unicode>vielleicht</Unicode>
                    </TextEquiv>
                </Word>
                <Word id="tr_4_tl_28_w7" custom="readingOrder {index:6;}">
                    <Coords points="2763,2342 2763,2402 2887,2402 2887,2342"/>
                    <TextEquiv>
                        <Unicode>wenigos</Unicode>
                    </TextEquiv>
                </Word>
                <TextEquiv>
                    <Unicode>Erfolge seiner erzählenden Schriften sind vielleicht wenigos</Unicode>
                </TextEquiv>
            </TextLine>
            <TextLine id="tr_4_tl_29" custom="readingOrder {index:28;}">
                <Coords points="1909,2424 2877,2428 2877,2391 2754,2381 1909,2395"/>
                <Baseline points="1916,2418 1964,2418 2012,2418 2060,2417 2108,2415 2157,2416 2205,2418 2253,2418 2301,2418 2349,2418 2398,2418 2446,2418 2494,2418 2542,2415 2590,2418 2639,2415 2687,2415 2735,2415 2783,2415 2831,2416 2880,2418"/>
                <Word id="tr_4_tl_29_w1" custom="readingOrder {index:0;}">
                    <Coords points="1903,2378 1903,2438 2116,2438 2116,2378"/>
                    <TextEquiv>
                        <Unicode>eindrucksvoll,</Unicode>
                    </TextEquiv>
                </Word>
                <Word id="tr_4_tl_29_w2" custom="readingOrder {index:1;}">
                    <Coords points="2142,2376 2142,2436 2209,2436 2209,2376"/>
                    <TextEquiv>
                        <Unicode>aber</Unicode>
                    </TextEquiv>
                </Word>
                <Word id="tr_4_tl_29_w3" custom="readingOrder {index:2;}">
                    <Coords points="2239,2378 2239,2438 2322,2438 2322,2378"/>
                    <TextEquiv>
                        <Unicode>gewiß</Unicode>
                    </TextEquiv>
                </Word>
                <Word id="tr_4_tl_29_w4" custom="readingOrder {index:3;}">
                    <Coords points="2356,2378 2356,2438 2545,2438 2545,2378"/>
                    <TextEquiv>
                        <Unicode>nachhaltiger</Unicode>
                    </TextEquiv>
                </Word>
                <Word id="tr_4_tl_29_w5" custom="readingOrder {index:4;}">
                    <Coords points="2575,2377 2575,2437 2596,2437 2596,2377"/>
                    <TextEquiv>
                        <Unicode>in</Unicode>
                    </TextEquiv>
                </Word>
                <Word id="tr_4_tl_29_w6" custom="readingOrder {index:5;}">
                    <Coords points="2630,2375 2630,2435 2705,2435 2705,2375"/>
                    <TextEquiv>
                        <Unicode>ihrer</Unicode>
                    </TextEquiv>
                </Word>
                <Word id="tr_4_tl_29_w7" custom="readingOrder {index:6;}">
                    <Coords points="2735,2375 2735,2435 2869,2435 2869,2375"/>
                    <TextEquiv>
                        <Unicode>Wirkung</Unicode>
                    </TextEquiv>
                </Word>
                <TextEquiv>
                    <Unicode>eindrucksvoll, aber gewiß nachhaltiger in ihrer Wirkung</Unicode>
                </TextEquiv>
            </TextLine>
            <TextLine id="tr_4_tl_30" custom="readingOrder {index:29;}">
                <Coords points="1911,2458 2883,2459 2884,2416 1912,2425"/>
                <Baseline points="1919,2451 1967,2452 2015,2454 2064,2454 2112,2452 2160,2451 2209,2451 2257,2451 2305,2451 2354,2451 2402,2451 2450,2451 2499,2451 2547,2451 2595,2450 2644,2448 2692,2448 2740,2450 2789,2449 2837,2451 2886,2448"/>
                <Word id="tr_4_tl_30_w1" custom="readingOrder {index:0;}">
                    <Coords points="1909,2411 1909,2471 1988,2471 1988,2411"/>
                    <TextEquiv>
                        <Unicode>Seine</Unicode>
                    </TextEquiv>
                </Word>
                <Word id="tr_4_tl_30_w2" custom="readingOrder {index:1;}">
                    <Coords points="2013,2412 2013,2472 2176,2472 2176,2412"/>
                    <TextEquiv>
                        <Unicode>zahlreichen</Unicode>
                    </TextEquiv>
                </Word>
                <Word id="tr_4_tl_30_w3" custom="readingOrder {index:2;}">
                    <Coords points="2210,2411 2210,2471 2357,2471 2357,2411"/>
                    <TextEquiv>
                        <Unicode>Novellen,</Unicode>
                    </TextEquiv>
                </Word>
                <Word id="tr_4_tl_30_w4" custom="readingOrder {index:3;}">
                    <Coords points="2382,2411 2382,2471 2453,2471 2453,2411"/>
                    <TextEquiv>
                        <Unicode>seine</Unicode>
                    </TextEquiv>
                </Word>
                <Word id="tr_4_tl_30_w5" custom="readingOrder {index:4;}">
                    <Coords points="2479,2411 2479,2471 2603,2471 2603,2411"/>
                    <TextEquiv>
                        <Unicode>Romane</Unicode>
                    </TextEquiv>
                </Word>
                <Word id="tr_4_tl_30_w6" custom="readingOrder {index:5;}">
                    <Coords points="2629,2408 2629,2468 2771,2468 2771,2408"/>
                    <TextEquiv>
                        <Unicode>enthalten</Unicode>
                    </TextEquiv>
                </Word>
                <Word id="tr_4_tl_30_w7" custom="readingOrder {index:6;}">
                    <Coords points="2801,2410 2801,2470 2876,2470 2876,2410"/>
                    <TextEquiv>
                        <Unicode>eines</Unicode>
                    </TextEquiv>
                </Word>
                <TextEquiv>
                    <Unicode>Seine zahlreichen Novellen, seine Romane enthalten eines</Unicode>
                </TextEquiv>
            </TextLine>
            <TextLine id="tr_4_tl_31" custom="readingOrder {index:30;}">
                <Coords points="1912,2499 2885,2497 2885,2461 2793,2451 1912,2459"/>
                <Baseline points="1919,2483 1967,2483 2016,2486 2064,2486 2113,2486 2161,2485 2210,2483 2258,2483 2307,2485 2355,2484 2404,2483 2452,2483 2501,2483 2549,2483 2598,2483 2646,2483 2695,2482 2743,2481 2792,2483 2840,2483 2889,2483"/>
                <Word id="tr_4_tl_31_w1" custom="readingOrder {index:0;}">
                    <Coords points="1906,2443 1906,2503 1925,2503 1925,2443"/>
                    <TextEquiv>
                        <Unicode>so</Unicode>
                    </TextEquiv>
                </Word>
                <Word id="tr_4_tl_31_w2" custom="readingOrder {index:1;}">
                    <Coords points="1958,2446 1958,2506 2140,2506 2140,2446"/>
                    <TextEquiv>
                        <Unicode>bedeutenden</Unicode>
                    </TextEquiv>
                </Word>
                <Word id="tr_4_tl_31_w3" custom="readingOrder {index:2;}">
                    <Coords points="2181,2443 2181,2503 2270,2503 2270,2443"/>
                    <TextEquiv>
                        <Unicode>Schatz</Unicode>
                    </TextEquiv>
                </Word>
                <Word id="tr_4_tl_31_w4" custom="readingOrder {index:3;}">
                    <Coords points="2299,2444 2299,2504 2327,2504 2327,2444"/>
                    <TextEquiv>
                        <Unicode>an</Unicode>
                    </TextEquiv>
                </Word>
                <Word id="tr_4_tl_31_w5" custom="readingOrder {index:4;}">
                    <Coords points="2364,2443 2364,2503 2659,2503 2659,2443"/>
                    <TextEquiv>
                        <Unicode>Menschenkenntnis,</Unicode>
                    </TextEquiv>
                </Word>
                <Word id="tr_4_tl_31_w6" custom="readingOrder {index:5;}">
                    <Coords points="2684,2442 2684,2502 2878,2502 2878,2442"/>
                    <TextEquiv>
                        <Unicode>Beobachtung</Unicode>
                    </TextEquiv>
                </Word>
                <TextEquiv>
                    <Unicode>so bedeutenden Schatz an Menschenkenntnis, Beobachtung</Unicode>
                </TextEquiv>
            </TextLine>
            <TextLine id="tr_4_tl_32" custom="readingOrder {index:31;}">
                <Coords points="1904,2529 2889,2531 2854,2489 1905,2499"/>
                <Baseline points="1910,2516 1959,2519 2008,2519 2057,2519 2106,2519 2155,2519 2204,2519 2253,2519 2302,2519 2351,2519 2401,2519 2450,2519 2499,2519 2548,2517 2597,2518 2646,2516 2695,2516 2744,2516 2793,2516 2842,2518 2892,2516"/>
                <Word id="tr_4_tl_32_w1" custom="readingOrder {index:0;}">
                    <Coords points="1906,2477 1906,2537 1956,2537 1956,2477"/>
                    <TextEquiv>
                        <Unicode>und</Unicode>
                    </TextEquiv>
                </Word>
                <Word id="tr_4_tl_32_w2" custom="readingOrder {index:1;}">
                    <Coords points="1986,2479 1986,2539 2174,2539 2174,2479"/>
                    <TextEquiv>
                        <Unicode>eigenartiger</Unicode>
                    </TextEquiv>
                </Word>
                <Word id="tr_4_tl_32_w3" custom="readingOrder {index:2;}">
                    <Coords points="2199,2479 2199,2539 2387,2539 2387,2479"/>
                    <TextEquiv>
                        <Unicode>Darstellung,</Unicode>
                    </TextEquiv>
                </Word>
                <Word id="tr_4_tl_32_w4" custom="readingOrder {index:3;}">
                    <Coords points="2409,2479 2409,2539 2455,2539 2455,2479"/>
                    <TextEquiv>
                        <Unicode>daß</Unicode>
                    </TextEquiv>
                </Word>
                <Word id="tr_4_tl_32_w5" custom="readingOrder {index:4;}">
                    <Coords points="2484,2478 2484,2538 2542,2538 2542,2478"/>
                    <TextEquiv>
                        <Unicode>hier</Unicode>
                    </TextEquiv>
                </Word>
                <Word id="tr_4_tl_32_w6" custom="readingOrder {index:5;}">
                    <Coords points="2564,2477 2564,2537 2618,2537 2618,2477"/>
                    <TextEquiv>
                        <Unicode>erst</Unicode>
                    </TextEquiv>
                </Word>
                <Word id="tr_4_tl_32_w7" custom="readingOrder {index:6;}">
                    <Coords points="2639,2476 2639,2536 2710,2536 2710,2476"/>
                    <TextEquiv>
                        <Unicode>seine</Unicode>
                    </TextEquiv>
                </Word>
                <Word id="tr_4_tl_32_w8" custom="readingOrder {index:7;}">
                    <Coords points="2736,2476 2736,2536 2886,2536 2886,2476"/>
                    <TextEquiv>
                        <Unicode>besondere</Unicode>
                    </TextEquiv>
                </Word>
                <TextEquiv>
                    <Unicode>und eigenartiger Darstellung, daß hier erst seine besondere</Unicode>
                </TextEquiv>
            </TextLine>
            <TextLine id="tr_4_tl_33" custom="readingOrder {index:32;}">
                <Coords points="1909,2560 2880,2566 2880,2529 2834,2522 1909,2527"/>
                <Baseline points="1916,2555 1964,2555 2012,2555 2061,2553 2109,2552 2157,2554 2206,2550 2254,2552 2302,2552 2351,2555 2399,2552 2447,2551 2496,2549 2544,2549 2592,2550 2641,2552 2689,2552 2737,2552 2786,2552 2834,2552 2883,2552"/>
                <Word id="tr_4_tl_33_w1" custom="readingOrder {index:0;}">
                    <Coords points="1907,2514 1907,2574 2123,2574 2123,2514"/>
                    <TextEquiv>
                        <Unicode>Persönlichkeit</Unicode>
                    </TextEquiv>
                </Word>
                <Word id="tr_4_tl_33_w2" custom="readingOrder {index:1;}">
                    <Coords points="2150,2512 2150,2572 2194,2572 2194,2512"/>
                    <TextEquiv>
                        <Unicode>sich</Unicode>
                    </TextEquiv>
                </Word>
                <Word id="tr_4_tl_33_w3" custom="readingOrder {index:2;}">
                    <Coords points="2230,2512 2230,2572 2287,2572 2287,2512"/>
                    <TextEquiv>
                        <Unicode>voll</Unicode>
                    </TextEquiv>
                </Word>
                <Word id="tr_4_tl_33_w4" custom="readingOrder {index:3;}">
                    <Coords points="2314,2512 2314,2572 2469,2572 2469,2512"/>
                    <TextEquiv>
                        <Unicode>auswirkt.</Unicode>
                    </TextEquiv>
                </Word>
                <Word id="tr_4_tl_33_w5" custom="readingOrder {index:4;}">
                    <Coords points="2509,2509 2509,2569 2566,2569 2566,2509"/>
                    <TextEquiv>
                        <Unicode>Der</Unicode>
                    </TextEquiv>
                </Word>
                <Word id="tr_4_tl_33_w6" custom="readingOrder {index:5;}">
                    <Coords points="2597,2512 2597,2572 2698,2572 2698,2512"/>
                    <TextEquiv>
                        <Unicode>Mensch</Unicode>
                    </TextEquiv>
                </Word>
                <Word id="tr_4_tl_33_w7" custom="readingOrder {index:6;}">
                    <Coords points="2734,2512 2734,2572 2880,2572 2880,2512"/>
                    <TextEquiv>
                        <Unicode>Schnitzlen</Unicode>
                    </TextEquiv>
                </Word>
                <TextEquiv>
                    <Unicode>Persönlichkeit sich voll auswirkt. Der Mensch Schnitzlen</Unicode>
                </TextEquiv>
            </TextLine>
            <TextLine id="tr_4_tl_34" custom="readingOrder {index:33;}">
                <Coords points="1906,2596 2718,2607 2885,2600 2887,2566 1907,2557"/>
                <Baseline points="1913,2588 1961,2588 2010,2587 2059,2586 2108,2588 2157,2586 2205,2587 2254,2586 2303,2588 2352,2588 2401,2588 2449,2585 2498,2587 2547,2585 2596,2585 2645,2585 2693,2585 2742,2585 2791,2585 2840,2585 2889,2585"/>
                <Word id="tr_4_tl_34_w1" custom="readingOrder {index:0;}">
                    <Coords points="1904,2548 1904,2608 1956,2608 1956,2548"/>
                    <TextEquiv>
                        <Unicode>war</Unicode>
                    </TextEquiv>
                </Word>
                <Word id="tr_4_tl_34_w2" custom="readingOrder {index:1;}">
                    <Coords points="1981,2547 1981,2607 2017,2607 2017,2547"/>
                    <TextEquiv>
                        <Unicode>ein</Unicode>
                    </TextEquiv>
                </Word>
                <Word id="tr_4_tl_34_w3" custom="readingOrder {index:2;}">
                    <Coords points="2046,2547 2046,2607 2176,2607 2176,2547"/>
                    <TextEquiv>
                        <Unicode>innerlich</Unicode>
                    </TextEquiv>
                </Word>
                <Word id="tr_4_tl_34_w4" custom="readingOrder {index:3;}">
                    <Coords points="2201,2547 2201,2607 2359,2607 2359,2547"/>
                    <TextEquiv>
                        <Unicode>Einsamer,</Unicode>
                    </TextEquiv>
                </Word>
                <Word id="tr_4_tl_34_w5" custom="readingOrder {index:4;}">
                    <Coords points="2380,2547 2380,2607 2424,2607 2424,2547"/>
                    <TextEquiv>
                        <Unicode>der</Unicode>
                    </TextEquiv>
                </Word>
                <Word id="tr_4_tl_34_w6" custom="readingOrder {index:5;}">
                    <Coords points="2449,2545 2449,2605 2627,2605 2627,2545"/>
                    <TextEquiv>
                        <Unicode>beobachtend</Unicode>
                    </TextEquiv>
                </Word>
                <Word id="tr_4_tl_34_w7" custom="readingOrder {index:6;}">
                    <Coords points="2656,2545 2656,2605 2676,2605 2676,2545"/>
                    <TextEquiv>
                        <Unicode>in</Unicode>
                    </TextEquiv>
                </Word>
                <Word id="tr_4_tl_34_w8" custom="readingOrder {index:7;}">
                    <Coords points="2705,2545 2705,2605 2794,2605 2794,2545"/>
                    <TextEquiv>
                        <Unicode>seiner</Unicode>
                    </TextEquiv>
                </Word>
                <Word id="tr_4_tl_34_w9" custom="readingOrder {index:8;}">
                    <Coords points="2819,2545 2819,2605 2884,2605 2884,2545"/>
                    <TextEquiv>
                        <Unicode>Um¬</Unicode>
                    </TextEquiv>
                </Word>
                <TextEquiv>
                    <Unicode>war ein innerlich Einsamer, der beobachtend in seiner Um¬</Unicode>
                </TextEquiv>
            </TextLine>
            <TextLine id="tr_4_tl_35" custom="readingOrder {index:34;}">
                <Coords points="1909,2633 2880,2630 2852,2592 1909,2597"/>
                <Baseline points="1916,2624 1964,2621 2012,2621 2061,2621 2109,2621 2157,2621 2206,2621 2254,2621 2302,2621 2351,2621 2399,2621 2447,2621 2496,2620 2544,2618 2592,2618 2641,2618 2689,2618 2737,2618 2786,2620 2834,2618 2883,2621"/>
                <Word id="tr_4_tl_35_w1" custom="readingOrder {index:0;}">
                    <Coords points="1903,2581 1903,2641 2003,2641 2003,2581"/>
                    <TextEquiv>
                        <Unicode>gebung</Unicode>
                    </TextEquiv>
                </Word>
                <Word id="tr_4_tl_35_w2" custom="readingOrder {index:1;}">
                    <Coords points="2032,2581 2032,2641 2117,2641 2117,2581"/>
                    <TextEquiv>
                        <Unicode>lebte,</Unicode>
                    </TextEquiv>
                </Word>
                <Word id="tr_4_tl_35_w3" custom="readingOrder {index:2;}">
                    <Coords points="2142,2581 2142,2641 2182,2641 2182,2581"/>
                    <TextEquiv>
                        <Unicode>die</Unicode>
                    </TextEquiv>
                </Word>
                <Word id="tr_4_tl_35_w4" custom="readingOrder {index:3;}">
                    <Coords points="2211,2581 2211,2641 2239,2641 2239,2581"/>
                    <TextEquiv>
                        <Unicode>er</Unicode>
                    </TextEquiv>
                </Word>
                <Word id="tr_4_tl_35_w5" custom="readingOrder {index:4;}">
                    <Coords points="2264,2581 2264,2641 2308,2641 2308,2581"/>
                    <TextEquiv>
                        <Unicode>nie</Unicode>
                    </TextEquiv>
                </Word>
                <Word id="tr_4_tl_35_w6" custom="readingOrder {index:5;}">
                    <Coords points="2333,2581 2333,2641 2507,2641 2507,2581"/>
                    <TextEquiv>
                        <Unicode>bekämpfte,</Unicode>
                    </TextEquiv>
                </Word>
                <Word id="tr_4_tl_35_w7" custom="readingOrder {index:6;}">
                    <Coords points="2528,2578 2528,2638 2568,2638 2568,2578"/>
                    <TextEquiv>
                        <Unicode>die</Unicode>
                    </TextEquiv>
                </Word>
                <Word id="tr_4_tl_35_w8" custom="readingOrder {index:7;}">
                    <Coords points="2597,2578 2597,2638 2625,2638 2625,2578"/>
                    <TextEquiv>
                        <Unicode>er</Unicode>
                    </TextEquiv>
                </Word>
                <Word id="tr_4_tl_35_w9" custom="readingOrder {index:8;}">
                    <Coords points="2650,2578 2650,2638 2702,2638 2702,2578"/>
                    <TextEquiv>
                        <Unicode>nur</Unicode>
                    </TextEquiv>
                </Word>
                <Word id="tr_4_tl_35_w10" custom="readingOrder {index:9;}">
                    <Coords points="2731,2579 2731,2639 2868,2639 2868,2579"/>
                    <TextEquiv>
                        <Unicode>erkannte</Unicode>
                    </TextEquiv>
                </Word>
                <TextEquiv>
                    <Unicode>gebung lebte, die er nie bekämpfte, die er nur erkannte</Unicode>
                </TextEquiv>
            </TextLine>
            <TextLine id="tr_4_tl_36" custom="readingOrder {index:35;}">
                <Coords points="1915,2661 2883,2667 2856,2623 1915,2627"/>
                <Baseline points="1922,2651 1970,2657 2018,2654 2066,2654 2114,2654 2163,2654 2211,2654 2259,2654 2307,2654 2355,2654 2404,2654 2452,2654 2500,2654 2548,2651 2596,2651 2645,2654 2693,2654 2741,2654 2789,2654 2837,2654 2886,2654"/>
                <Word id="tr_4_tl_36_w1" custom="readingOrder {index:0;}">
                    <Coords points="1913,2613 1913,2673 1973,2673 1973,2613"/>
                    <TextEquiv>
                        <Unicode>Sein</Unicode>
                    </TextEquiv>
                </Word>
                <Word id="tr_4_tl_36_w2" custom="readingOrder {index:1;}">
                    <Coords points="2007,2614 2007,2674 2179,2674 2179,2614"/>
                    <TextEquiv>
                        <Unicode>Geschmack,</Unicode>
                    </TextEquiv>
                </Word>
                <Word id="tr_4_tl_36_w3" custom="readingOrder {index:2;}">
                    <Coords points="2209,2614 2209,2674 2260,2674 2260,2614"/>
                    <TextEquiv>
                        <Unicode>sein</Unicode>
                    </TextEquiv>
                </Word>
                <Word id="tr_4_tl_36_w4" custom="readingOrder {index:3;}">
                    <Coords points="2299,2614 2299,2674 2372,2674 2372,2614"/>
                    <TextEquiv>
                        <Unicode>Takt</Unicode>
                    </TextEquiv>
                </Word>
                <Word id="tr_4_tl_36_w5" custom="readingOrder {index:4;}">
                    <Coords points="2407,2614 2407,2674 2458,2674 2458,2614"/>
                    <TextEquiv>
                        <Unicode>und</Unicode>
                    </TextEquiv>
                </Word>
                <Word id="tr_4_tl_36_w6" custom="readingOrder {index:5;}">
                    <Coords points="2497,2612 2497,2672 2544,2672 2544,2612"/>
                    <TextEquiv>
                        <Unicode>sein</Unicode>
                    </TextEquiv>
                </Word>
                <Word id="tr_4_tl_36_w7" custom="readingOrder {index:6;}">
                    <Coords points="2587,2614 2587,2674 2754,2674 2754,2614"/>
                    <TextEquiv>
                        <Unicode>Stilgefühl,</Unicode>
                    </TextEquiv>
                </Word>
                <Word id="tr_4_tl_36_w8" custom="readingOrder {index:7;}">
                    <Coords points="2785,2614 2785,2674 2879,2674 2879,2614"/>
                    <TextEquiv>
                        <Unicode>welche</Unicode>
                    </TextEquiv>
                </Word>
                <TextEquiv>
                    <Unicode>Sein Geschmack, sein Takt und sein Stilgefühl, welche</Unicode>
                </TextEquiv>
            </TextLine>
            <TextLine id="tr_4_tl_37" custom="readingOrder {index:36;}">
                <Coords points="1904,2695 2882,2701 2882,2667 2826,2658 1904,2661"/>
                <Baseline points="1910,2686 1958,2686 2007,2689 2055,2689 2104,2689 2153,2689 2201,2689 2250,2687 2299,2688 2347,2689 2396,2689 2445,2689 2493,2686 2542,2686 2591,2686 2639,2686 2688,2686 2737,2687 2785,2689 2834,2689 2883,2689"/>
                <Word id="tr_4_tl_37_w1" custom="readingOrder {index:0;}">
                    <Coords points="1906,2648 1906,2708 2105,2708 2105,2648"/>
                    <TextEquiv>
                        <Unicode>Eigenschaften</Unicode>
                    </TextEquiv>
                </Word>
                <Word id="tr_4_tl_37_w2" custom="readingOrder {index:1;}">
                    <Coords points="2135,2649 2135,2709 2221,2709 2221,2649"/>
                    <TextEquiv>
                        <Unicode>seinen</Unicode>
                    </TextEquiv>
                </Word>
                <Word id="tr_4_tl_37_w3" custom="readingOrder {index:2;}">
                    <Coords points="2251,2648 2251,2708 2367,2708 2367,2648"/>
                    <TextEquiv>
                        <Unicode>Werken</Unicode>
                    </TextEquiv>
                </Word>
                <Word id="tr_4_tl_37_w4" custom="readingOrder {index:3;}">
                    <Coords points="2396,2649 2396,2709 2471,2709 2471,2649"/>
                    <TextEquiv>
                        <Unicode>ihren</Unicode>
                    </TextEquiv>
                </Word>
                <Word id="tr_4_tl_37_w5" custom="readingOrder {index:4;}">
                    <Coords points="2500,2646 2500,2706 2662,2706 2662,2646"/>
                    <TextEquiv>
                        <Unicode>besonderen</Unicode>
                    </TextEquiv>
                </Word>
                <Word id="tr_4_tl_37_w6" custom="readingOrder {index:5;}">
                    <Coords points="2691,2646 2691,2706 2757,2706 2757,2646"/>
                    <TextEquiv>
                        <Unicode>Reiz</Unicode>
                    </TextEquiv>
                </Word>
                <Word id="tr_4_tl_37_w7" custom="readingOrder {index:6;}">
                    <Coords points="2783,2649 2783,2709 2882,2709 2882,2649"/>
                    <TextEquiv>
                        <Unicode>geben,</Unicode>
                    </TextEquiv>
                </Word>
                <TextEquiv>
                    <Unicode>Eigenschaften seinen Werken ihren besonderen Reiz geben,</Unicode>
                </TextEquiv>
            </TextLine>
            <TextLine id="tr_4_tl_38" custom="readingOrder {index:37;}">
                <Coords points="1904,2732 2875,2731 2836,2691 1904,2695"/>
                <Baseline points="1910,2719 1958,2725 2006,2722 2055,2722 2103,2722 2152,2722 2200,2722 2248,2722 2297,2722 2345,2722 2394,2722 2442,2722 2490,2722 2539,2722 2587,2722 2636,2722 2684,2721 2732,2720 2781,2721 2829,2721 2878,2722"/>
                <Word id="tr_4_tl_38_w1" custom="readingOrder {index:0;}">
                    <Coords points="1906,2684 1906,2744 2017,2744 2017,2684"/>
                    <TextEquiv>
                        <Unicode>machten</Unicode>
                    </TextEquiv>
                </Word>
                <Word id="tr_4_tl_38_w2" custom="readingOrder {index:1;}">
                    <Coords points="2048,2682 2048,2742 2086,2742 2086,2682"/>
                    <TextEquiv>
                        <Unicode>ihn</Unicode>
                    </TextEquiv>
                </Word>
                <Word id="tr_4_tl_38_w3" custom="readingOrder {index:2;}">
                    <Coords points="2112,2682 2112,2742 2155,2742 2155,2682"/>
                    <TextEquiv>
                        <Unicode>für</Unicode>
                    </TextEquiv>
                </Word>
                <Word id="tr_4_tl_38_w4" custom="readingOrder {index:3;}">
                    <Coords points="2177,2682 2177,2742 2219,2742 2219,2682"/>
                    <TextEquiv>
                        <Unicode>den</Unicode>
                    </TextEquiv>
                </Word>
                <Word id="tr_4_tl_38_w5" custom="readingOrder {index:4;}">
                    <Coords points="2249,2682 2249,2742 2334,2742 2334,2682"/>
                    <TextEquiv>
                        <Unicode>Alltag</Unicode>
                    </TextEquiv>
                </Word>
                <Word id="tr_4_tl_38_w6" custom="readingOrder {index:5;}">
                    <Coords points="2361,2682 2361,2742 2476,2742 2476,2682"/>
                    <TextEquiv>
                        <Unicode>sensibel</Unicode>
                    </TextEquiv>
                </Word>
                <Word id="tr_4_tl_38_w7" custom="readingOrder {index:6;}">
                    <Coords points="2498,2682 2498,2742 2545,2742 2545,2682"/>
                    <TextEquiv>
                        <Unicode>und</Unicode>
                    </TextEquiv>
                </Word>
                <Word id="tr_4_tl_38_w8" custom="readingOrder {index:7;}">
                    <Coords points="2571,2681 2571,2741 2794,2741 2794,2681"/>
                    <TextEquiv>
                        <Unicode>zurückhaltend.</Unicode>
                    </TextEquiv>
                </Word>
                <Word id="tr_4_tl_38_w9" custom="readingOrder {index:8;}">
                    <Coords points="2824,2681 2824,2741 2879,2741 2879,2681"/>
                    <TextEquiv>
                        <Unicode>Die</Unicode>
                    </TextEquiv>
                </Word>
                <TextEquiv>
                    <Unicode>machten ihn für den Alltag sensibel und zurückhaltend. Die</Unicode>
                </TextEquiv>
            </TextLine>
            <TextLine id="tr_4_tl_39" custom="readingOrder {index:38;}">
                <Coords points="1909,2772 2889,2773 2889,2736 2801,2722 1909,2730"/>
                <Baseline points="1916,2755 1964,2758 2013,2758 2062,2757 2111,2755 2160,2755 2208,2755 2257,2755 2306,2758 2355,2755 2404,2755 2452,2755 2501,2754 2550,2752 2599,2753 2648,2755 2696,2753 2745,2754 2794,2755 2843,2758 2892,2752"/>
                <Word id="tr_4_tl_39_w1" custom="readingOrder {index:0;}">
                    <Coords points="1907,2717 1907,2777 1989,2777 1989,2717"/>
                    <TextEquiv>
                        <Unicode>Jahre</Unicode>
                    </TextEquiv>
                </Word>
                <Word id="tr_4_tl_39_w2" custom="readingOrder {index:1;}">
                    <Coords points="2015,2715 2015,2775 2171,2775 2171,2715"/>
                    <TextEquiv>
                        <Unicode>bedeuteten</Unicode>
                    </TextEquiv>
                </Word>
                <Word id="tr_4_tl_39_w3" custom="readingOrder {index:2;}">
                    <Coords points="2206,2715 2206,2775 2249,2775 2249,2715"/>
                    <TextEquiv>
                        <Unicode>ihm</Unicode>
                    </TextEquiv>
                </Word>
                <Word id="tr_4_tl_39_w4" custom="readingOrder {index:3;}">
                    <Coords points="2288,2716 2288,2776 2365,2776 2365,2716"/>
                    <TextEquiv>
                        <Unicode>heine</Unicode>
                    </TextEquiv>
                </Word>
                <Word id="tr_4_tl_39_w5" custom="readingOrder {index:4;}">
                    <Coords points="2396,2715 2396,2775 2469,2775 2469,2715"/>
                    <TextEquiv>
                        <Unicode>Last,</Unicode>
                    </TextEquiv>
                </Word>
                <Word id="tr_4_tl_39_w6" custom="readingOrder {index:5;}">
                    <Coords points="2492,2713 2492,2773 2547,2773 2547,2713"/>
                    <TextEquiv>
                        <Unicode>doch</Unicode>
                    </TextEquiv>
                </Word>
                <Word id="tr_4_tl_39_w7" custom="readingOrder {index:6;}">
                    <Coords points="2578,2714 2578,2774 2699,2774 2699,2714"/>
                    <TextEquiv>
                        <Unicode>traurige</Unicode>
                    </TextEquiv>
                </Word>
                <Word id="tr_4_tl_39_w8" custom="readingOrder {index:7;}">
                    <Coords points="2730,2715 2730,2775 2881,2775 2881,2715"/>
                    <TextEquiv>
                        <Unicode>Erlebnisse</Unicode>
                    </TextEquiv>
                </Word>
                <TextEquiv>
                    <Unicode>Jahre bedeuteten ihm heine Last, doch traurige Erlebnisse</Unicode>
                </TextEquiv>
            </TextLine>
            <TextLine id="tr_4_tl_40" custom="readingOrder {index:39;}">
                <Coords points="1909,2804 2877,2793 2809,2758 1909,2773"/>
                <Baseline points="1916,2791 1964,2791 2012,2791 2060,2791 2108,2791 2157,2788 2205,2788 2253,2788 2301,2791 2349,2791 2398,2788 2446,2788 2494,2787 2542,2786 2590,2788 2639,2788 2687,2788 2735,2788 2783,2788 2831,2788 2880,2785"/>
                <Word id="tr_4_tl_40_w1" custom="readingOrder {index:0;}">
                    <Coords points="1907,2751 1907,2811 1927,2811 1927,2751"/>
                    <TextEquiv>
                        <Unicode>in</Unicode>
                    </TextEquiv>
                </Word>
                <Word id="tr_4_tl_40_w2" custom="readingOrder {index:1;}">
                    <Coords points="1957,2751 1957,2811 2044,2811 2044,2751"/>
                    <TextEquiv>
                        <Unicode>seiner</Unicode>
                    </TextEquiv>
                </Word>
                <Word id="tr_4_tl_40_w3" custom="readingOrder {index:2;}">
                    <Coords points="2070,2749 2070,2809 2187,2809 2187,2749"/>
                    <TextEquiv>
                        <Unicode>Familie</Unicode>
                    </TextEquiv>
                </Word>
                <Word id="tr_4_tl_40_w4" custom="readingOrder {index:3;}">
                    <Coords points="2217,2749 2217,2809 2337,2809 2337,2749"/>
                    <TextEquiv>
                        <Unicode>drückten</Unicode>
                    </TextEquiv>
                </Word>
                <Word id="tr_4_tl_40_w5" custom="readingOrder {index:4;}">
                    <Coords points="2371,2748 2371,2808 2421,2808 2421,2748"/>
                    <TextEquiv>
                        <Unicode>auf</Unicode>
                    </TextEquiv>
                </Word>
                <Word id="tr_4_tl_40_w6" custom="readingOrder {index:5;}">
                    <Coords points="2446,2747 2446,2807 2497,2807 2497,2747"/>
                    <TextEquiv>
                        <Unicode>sein</Unicode>
                    </TextEquiv>
                </Word>
                <Word id="tr_4_tl_40_w7" custom="readingOrder {index:6;}">
                    <Coords points="2526,2747 2526,2807 2643,2807 2643,2747"/>
                    <TextEquiv>
                        <Unicode>Gemüt.</Unicode>
                    </TextEquiv>
                </Word>
                <Word id="tr_4_tl_40_w8" custom="readingOrder {index:7;}">
                    <Coords points="2677,2748 2677,2808 2735,2808 2735,2748"/>
                    <TextEquiv>
                        <Unicode>Der</Unicode>
                    </TextEquiv>
                </Word>
                <Word id="tr_4_tl_40_w9" custom="readingOrder {index:8;}">
                    <Coords points="2761,2748 2761,2808 2819,2808 2819,2748"/>
                    <TextEquiv>
                        <Unicode>Tod</Unicode>
                    </TextEquiv>
                </Word>
                <Word id="tr_4_tl_40_w10" custom="readingOrder {index:9;}">
                    <Coords points="2844,2746 2844,2806 2856,2806 2856,2746"/>
                    <TextEquiv>
                        <Unicode>-</Unicode>
                    </TextEquiv>
                </Word>
                <TextEquiv>
                    <Unicode>in seiner Familie drückten auf sein Gemüt. Der Tod -</Unicode>
                </TextEquiv>
            </TextLine>
            <TextLine id="tr_4_tl_41" custom="readingOrder {index:40;}">
                <Coords points="1909,2829 2887,2827 2887,2794 2834,2788 1909,2802"/>
                <Baseline points="1916,2824 1964,2824 2013,2824 2061,2824 2110,2824 2159,2824 2207,2822 2256,2821 2305,2824 2353,2824 2402,2824 2451,2824 2499,2823 2548,2821 2597,2822 2645,2822 2694,2821 2743,2823 2791,2824 2840,2824 2889,2821"/>
                <Word id="tr_4_tl_41_w1" custom="readingOrder {index:0;}">
                    <Coords points="1907,2784 1907,2844 1940,2844 1940,2784"/>
                    <TextEquiv>
                        <Unicode>ein</Unicode>
                    </TextEquiv>
                </Word>
                <Word id="tr_4_tl_41_w2" custom="readingOrder {index:1;}">
                    <Coords points="1970,2784 1970,2844 2162,2844 2162,2784"/>
                    <TextEquiv>
                        <Unicode>Schlaganfall</Unicode>
                    </TextEquiv>
                </Word>
                <Word id="tr_4_tl_41_w3" custom="readingOrder {index:2;}">
                    <Coords points="2188,2782 2188,2842 2200,2842 2200,2782"/>
                    <TextEquiv>
                        <Unicode>—</Unicode>
                    </TextEquiv>
                </Word>
                <Word id="tr_4_tl_41_w4" custom="readingOrder {index:3;}">
                    <Coords points="2246,2782 2246,2842 2313,2842 2313,2782"/>
                    <TextEquiv>
                        <Unicode>nahm</Unicode>
                    </TextEquiv>
                </Word>
                <Word id="tr_4_tl_41_w5" custom="readingOrder {index:4;}">
                    <Coords points="2355,2784 2355,2844 2397,2844 2397,2784"/>
                    <TextEquiv>
                        <Unicode>ihn</Unicode>
                    </TextEquiv>
                </Word>
                <Word id="tr_4_tl_41_w6" custom="readingOrder {index:5;}">
                    <Coords points="2431,2783 2431,2843 2527,2843 2527,2783"/>
                    <TextEquiv>
                        <Unicode>schnell</Unicode>
                    </TextEquiv>
                </Word>
                <Word id="tr_4_tl_41_w7" custom="readingOrder {index:6;}">
                    <Coords points="2552,2781 2552,2841 2602,2841 2602,2781"/>
                    <TextEquiv>
                        <Unicode>und</Unicode>
                    </TextEquiv>
                </Word>
                <Word id="tr_4_tl_41_w8" custom="readingOrder {index:7;}">
                    <Coords points="2632,2781 2632,2841 2791,2841 2791,2781"/>
                    <TextEquiv>
                        <Unicode>schmerzlos</Unicode>
                    </TextEquiv>
                </Word>
                <Word id="tr_4_tl_41_w9" custom="readingOrder {index:8;}">
                    <Coords points="2821,2783 2821,2843 2883,2843 2883,2783"/>
                    <TextEquiv>
                        <Unicode>hin¬</Unicode>
                    </TextEquiv>
                </Word>
                <TextEquiv>
                    <Unicode>ein Schlaganfall — nahm ihn schnell und schmerzlos hin¬</Unicode>
                </TextEquiv>
            </TextLine>
            <TextLine id="tr_4_tl_42" custom="readingOrder {index:41;}">
                <Coords points="1909,2869 2877,2867 2877,2832 2804,2827 1909,2832"/>
                <Baseline points="1916,2857 1964,2860 2012,2857 2060,2857 2108,2857 2157,2858 2205,2859 2253,2857 2301,2857 2349,2857 2398,2859 2446,2858 2494,2857 2542,2857 2590,2857 2639,2857 2687,2857 2735,2857 2783,2857 2831,2857 2880,2857"/>
                <Word id="tr_4_tl_42_w1" custom="readingOrder {index:0;}">
                    <Coords points="1906,2818 1906,2878 1972,2878 1972,2818"/>
                    <TextEquiv>
                        <Unicode>weg.</Unicode>
                    </TextEquiv>
                </Word>
                <Word id="tr_4_tl_42_w2" custom="readingOrder {index:1;}">
                    <Coords points="2012,2817 2012,2877 2051,2877 2051,2817"/>
                    <TextEquiv>
                        <Unicode>Er</Unicode>
                    </TextEquiv>
                </Word>
                <Word id="tr_4_tl_42_w3" custom="readingOrder {index:2;}">
                    <Coords points="2079,2817 2079,2877 2137,2877 2137,2817"/>
                    <TextEquiv>
                        <Unicode>war</Unicode>
                    </TextEquiv>
                </Word>
                <Word id="tr_4_tl_42_w4" custom="readingOrder {index:3;}">
                    <Coords points="2165,2818 2165,2878 2262,2878 2262,2818"/>
                    <TextEquiv>
                        <Unicode>gerade</Unicode>
                    </TextEquiv>
                </Word>
                <Word id="tr_4_tl_42_w5" custom="readingOrder {index:4;}">
                    <Coords points="2294,2817 2294,2877 2341,2877 2341,2817"/>
                    <TextEquiv>
                        <Unicode>von</Unicode>
                    </TextEquiv>
                </Word>
                <Word id="tr_4_tl_42_w6" custom="readingOrder {index:5;}">
                    <Coords points="2376,2818 2376,2878 2451,2878 2451,2818"/>
                    <TextEquiv>
                        <Unicode>einem</Unicode>
                    </TextEquiv>
                </Word>
                <Word id="tr_4_tl_42_w7" custom="readingOrder {index:6;}">
                    <Coords points="2490,2817 2490,2877 2682,2877 2682,2817"/>
                    <TextEquiv>
                        <Unicode>Spaziergang</Unicode>
                    </TextEquiv>
                </Word>
                <Word id="tr_4_tl_42_w8" custom="readingOrder {index:7;}">
                    <Coords points="2714,2817 2714,2877 2870,2877 2870,2817"/>
                    <TextEquiv>
                        <Unicode>gekommen</Unicode>
                    </TextEquiv>
                </Word>
                <TextEquiv>
                    <Unicode>weg. Er war gerade von einem Spaziergang gekommen</Unicode>
                </TextEquiv>
            </TextLine>
            <TextLine id="tr_4_tl_43" custom="readingOrder {index:42;}">
                <Coords points="1904,2899 2885,2920 2868,2864 1904,2875"/>
                <Baseline points="1910,2889 1961,2892 2013,2890 2064,2891 2116,2891 2167,2890 2219,2892 2270,2892 2322,2892 2373,2892 2425,2892 2476,2892 2528,2892 2579,2892 2631,2889 2682,2890 2734,2892 2785,2890 2837,2891 2889,2895"/>
                <Word id="tr_4_tl_43_w1" custom="readingOrder {index:0;}">
                    <Coords points="1906,2850 1906,2910 1957,2910 1957,2850"/>
                    <TextEquiv>
                        <Unicode>und</Unicode>
                    </TextEquiv>
                </Word>
                <Word id="tr_4_tl_43_w2" custom="readingOrder {index:1;}">
                    <Coords points="1992,2850 1992,2910 2070,2910 2070,2850"/>
                    <TextEquiv>
                        <Unicode>hatte</Unicode>
                    </TextEquiv>
                </Word>
                <Word id="tr_4_tl_43_w3" custom="readingOrder {index:2;}">
                    <Coords points="2105,2850 2105,2910 2134,2910 2134,2850"/>
                    <TextEquiv>
                        <Unicode>am</Unicode>
                    </TextEquiv>
                </Word>
                <Word id="tr_4_tl_43_w4" custom="readingOrder {index:3;}">
                    <Coords points="2183,2852 2183,2912 2277,2912 2277,2852"/>
                    <TextEquiv>
                        <Unicode>Abend</Unicode>
                    </TextEquiv>
                </Word>
                <Word id="tr_4_tl_43_w5" custom="readingOrder {index:4;}">
                    <Coords points="2316,2852 2316,2912 2415,2912 2415,2852"/>
                    <TextEquiv>
                        <Unicode>vorher</Unicode>
                    </TextEquiv>
                </Word>
                <Word id="tr_4_tl_43_w6" custom="readingOrder {index:5;}">
                    <Coords points="2450,2852 2450,2912 2493,2912 2493,2852"/>
                    <TextEquiv>
                        <Unicode>bei</Unicode>
                    </TextEquiv>
                </Word>
                <Word id="tr_4_tl_43_w7" custom="readingOrder {index:6;}">
                    <Coords points="2528,2852 2528,2912 2609,2912 2609,2852"/>
                    <TextEquiv>
                        <Unicode>bestem</Unicode>
                    </TextEquiv>
                </Word>
                <Word id="tr_4_tl_43_w8" custom="readingOrder {index:7;}">
                    <Coords points="2657,2851 2657,2911 2790,2911 2790,2851"/>
                    <TextEquiv>
                        <Unicode>Wohlsein</Unicode>
                    </TextEquiv>
                </Word>
                <Word id="tr_4_tl_43_w9" custom="readingOrder {index:8;}">
                    <Coords points="2829,2852 2829,2912 2881,2912 2881,2852"/>
                    <TextEquiv>
                        <Unicode>das</Unicode>
                    </TextEquiv>
                </Word>
                <TextEquiv>
                    <Unicode>und hatte am Abend vorher bei bestem Wohlsein das</Unicode>
                </TextEquiv>
            </TextLine>
            <TextLine id="tr_4_tl_44" custom="readingOrder {index:43;}">
                <Coords points="1904,2930 1941,2945 1991,2929 2007,2939 2037,2928 2098,2939 2173,2933 2173,2899 2163,2897 2115,2904 2098,2890 2086,2903 2063,2898 2048,2908 1996,2895 1904,2899"/>
                <Baseline points="1910,2925 1936,2925 1963,2925 1989,2925 2016,2925 2043,2925 2069,2923 2096,2923 2122,2924 2149,2924 2176,2922"/>
                <Word id="tr_4_tl_44_w1" custom="readingOrder {index:0;}">
                    <Coords points="1902,2885 1902,2945 2021,2945 2021,2885"/>
                    <TextEquiv>
                        <Unicode>Theater</Unicode>
                    </TextEquiv>
                </Word>
                <Word id="tr_4_tl_44_w2" custom="readingOrder {index:1;}">
                    <Coords points="2053,2883 2053,2943 2177,2943 2177,2883"/>
                    <TextEquiv>
                        <Unicode>besucht.</Unicode>
                    </TextEquiv>
                </Word>
                <TextEquiv>
                    <Unicode>Theater besucht.</Unicode>
                </TextEquiv>
            </TextLine>
            <TextLine id="tr_4_tl_45" custom="readingOrder {index:44;}">
                <Coords points="1979,2967 2882,2970 2882,2919 1979,2932"/>
                <Baseline points="1985,2958 2029,2958 2074,2958 2119,2958 2164,2958 2209,2958 2254,2958 2299,2958 2344,2955 2389,2958 2434,2958 2478,2958 2523,2955 2568,2955 2613,2955 2658,2955 2703,2958 2748,2958 2793,2958 2838,2958 2883,2958"/>
                <Word id="tr_4_tl_45_w1" custom="readingOrder {index:0;}">
                    <Coords points="1973,2918 1973,2978 2032,2978 2032,2918"/>
                    <TextEquiv>
                        <Unicode>Sein</Unicode>
                    </TextEquiv>
                </Word>
                <Word id="tr_4_tl_45_w2" custom="readingOrder {index:1;}">
                    <Coords points="2063,2918 2063,2978 2144,2978 2144,2918"/>
                    <TextEquiv>
                        <Unicode>Name</Unicode>
                    </TextEquiv>
                </Word>
                <Word id="tr_4_tl_45_w3" custom="readingOrder {index:2;}">
                    <Coords points="2170,2918 2170,2978 2230,2978 2230,2918"/>
                    <TextEquiv>
                        <Unicode>trug</Unicode>
                    </TextEquiv>
                </Word>
                <Word id="tr_4_tl_45_w4" custom="readingOrder {index:3;}">
                    <Coords points="2256,2918 2256,2978 2303,2978 2303,2918"/>
                    <TextEquiv>
                        <Unicode>das</Unicode>
                    </TextEquiv>
                </Word>
                <Word id="tr_4_tl_45_w5" custom="readingOrder {index:4;}">
                    <Coords points="2329,2917 2329,2977 2419,2977 2419,2917"/>
                    <TextEquiv>
                        <Unicode>Wesen</Unicode>
                    </TextEquiv>
                </Word>
                <Word id="tr_4_tl_45_w6" custom="readingOrder {index:5;}">
                    <Coords points="2445,2918 2445,2978 2492,2978 2492,2918"/>
                    <TextEquiv>
                        <Unicode>des</Unicode>
                    </TextEquiv>
                </Word>
                <Word id="tr_4_tl_45_w7" custom="readingOrder {index:6;}">
                    <Coords points="2514,2915 2514,2975 2586,2975 2586,2915"/>
                    <TextEquiv>
                        <Unicode>alten</Unicode>
                    </TextEquiv>
                </Word>
                <Word id="tr_4_tl_45_w8" custom="readingOrder {index:7;}">
                    <Coords points="2612,2917 2612,2977 2771,2977 2771,2917"/>
                    <TextEquiv>
                        <Unicode>Oesterreich</Unicode>
                    </TextEquiv>
                </Word>
                <Word id="tr_4_tl_45_w9" custom="readingOrder {index:8;}">
                    <Coords points="2801,2918 2801,2978 2874,2978 2874,2918"/>
                    <TextEquiv>
                        <Unicode>durch</Unicode>
                    </TextEquiv>
                </Word>
                <TextEquiv>
                    <Unicode>Sein Name trug das Wesen des alten Oesterreich durch</Unicode>
                </TextEquiv>
            </TextLine>
            <TextLine id="tr_4_tl_46" custom="readingOrder {index:45;}">
                <Coords points="1904,3003 2883,3000 2883,2972 2797,2962 1904,2960"/>
                <Baseline points="1910,2994 1958,2994 2007,2994 2056,2993 2105,2991 2154,2992 2202,2992 2251,2991 2300,2991 2349,2991 2398,2991 2446,2991 2495,2991 2544,2991 2593,2991 2642,2991 2690,2991 2739,2991 2788,2991 2837,2991 2886,2994"/>
                <Word id="tr_4_tl_46_w1" custom="readingOrder {index:0;}">
                    <Coords points="1902,2954 1902,3014 1939,3014 1939,2954"/>
                    <TextEquiv>
                        <Unicode>die</Unicode>
                    </TextEquiv>
                </Word>
                <Word id="tr_4_tl_46_w2" custom="readingOrder {index:1;}">
                    <Coords points="1969,2953 1969,3013 2052,3013 2052,2953"/>
                    <TextEquiv>
                        <Unicode>ganze</Unicode>
                    </TextEquiv>
                </Word>
                <Word id="tr_4_tl_46_w3" custom="readingOrder {index:2;}">
                    <Coords points="2082,2951 2082,3011 2170,3011 2170,2951"/>
                    <TextEquiv>
                        <Unicode>Welt.</Unicode>
                    </TextEquiv>
                </Word>
                <Word id="tr_4_tl_46_w4" custom="readingOrder {index:3;}">
                    <Coords points="2208,2951 2208,3011 2296,3011 2296,2951"/>
                    <TextEquiv>
                        <Unicode>Seine</Unicode>
                    </TextEquiv>
                </Word>
                <Word id="tr_4_tl_46_w5" custom="readingOrder {index:4;}">
                    <Coords points="2321,2951 2321,3011 2422,3011 2422,2951"/>
                    <TextEquiv>
                        <Unicode>Stücke</Unicode>
                    </TextEquiv>
                </Word>
                <Word id="tr_4_tl_46_w6" custom="readingOrder {index:5;}">
                    <Coords points="2451,2951 2451,3011 2560,3011 2560,2951"/>
                    <TextEquiv>
                        <Unicode>wurden</Unicode>
                    </TextEquiv>
                </Word>
                <Word id="tr_4_tl_46_w7" custom="readingOrder {index:6;}">
                    <Coords points="2594,2951 2594,3011 2615,3011 2615,2951"/>
                    <TextEquiv>
                        <Unicode>in</Unicode>
                    </TextEquiv>
                </Word>
                <Word id="tr_4_tl_46_w8" custom="readingOrder {index:7;}">
                    <Coords points="2649,2951 2649,3011 2715,3011 2715,2951"/>
                    <TextEquiv>
                        <Unicode>allen</Unicode>
                    </TextEquiv>
                </Word>
                <Word id="tr_4_tl_46_w9" custom="readingOrder {index:8;}">
                    <Coords points="2749,2951 2749,3011 2875,3011 2875,2951"/>
                    <TextEquiv>
                        <Unicode>Ländern</Unicode>
                    </TextEquiv>
                </Word>
                <TextEquiv>
                    <Unicode>die ganze Welt. Seine Stücke wurden in allen Ländern</Unicode>
                </TextEquiv>
            </TextLine>
            <TextLine id="tr_4_tl_47" custom="readingOrder {index:46;}">
                <Coords points="1906,3033 2764,3043 2885,3035 2887,3000 1907,3000"/>
                <Baseline points="1913,3027 1961,3030 2010,3027 2059,3027 2108,3027 2157,3027 2205,3027 2254,3027 2303,3027 2352,3027 2401,3027 2449,3027 2498,3024 2547,3024 2596,3026 2645,3024 2693,3025 2742,3025 2791,3026 2840,3027 2889,3027"/>
                <Word id="tr_4_tl_47_w1" custom="readingOrder {index:0;}">
                    <Coords points="1904,2988 1904,3048 2071,3048 2071,2988"/>
                    <TextEquiv>
                        <Unicode>aufgeführt,</Unicode>
                    </TextEquiv>
                </Word>
                <Word id="tr_4_tl_47_w2" custom="readingOrder {index:1;}">
                    <Coords points="2096,2987 2096,3047 2167,3047 2167,2987"/>
                    <TextEquiv>
                        <Unicode>seine</Unicode>
                    </TextEquiv>
                </Word>
                <Word id="tr_4_tl_47_w3" custom="readingOrder {index:2;}">
                    <Coords points="2197,2987 2197,3047 2376,3047 2376,2987"/>
                    <TextEquiv>
                        <Unicode>erzählenden</Unicode>
                    </TextEquiv>
                </Word>
                <Word id="tr_4_tl_47_w4" custom="readingOrder {index:3;}">
                    <Coords points="2410,2985 2410,3045 2544,3045 2544,2985"/>
                    <TextEquiv>
                        <Unicode>Schriften</Unicode>
                    </TextEquiv>
                </Word>
                <Word id="tr_4_tl_47_w5" custom="readingOrder {index:4;}">
                    <Coords points="2578,2985 2578,3045 2599,3045 2599,2985"/>
                    <TextEquiv>
                        <Unicode>in</Unicode>
                    </TextEquiv>
                </Word>
                <Word id="tr_4_tl_47_w6" custom="readingOrder {index:5;}">
                    <Coords points="2633,2984 2633,3044 2699,3044 2699,2984"/>
                    <TextEquiv>
                        <Unicode>allen</Unicode>
                    </TextEquiv>
                </Word>
                <Word id="tr_4_tl_47_w7" custom="readingOrder {index:6;}">
                    <Coords points="2733,2986 2733,3046 2870,3046 2870,2986"/>
                    <TextEquiv>
                        <Unicode>Sprachen</Unicode>
                    </TextEquiv>
                </Word>
                <TextEquiv>
                    <Unicode>aufgeführt, seine erzählenden Schriften in allen Sprachen</Unicode>
                </TextEquiv>
            </TextLine>
            <TextLine id="tr_4_tl_48" custom="readingOrder {index:47;}">
                <Coords points="1906,3069 2884,3070 2884,3036 2727,3026 1906,3034"/>
                <Baseline points="1913,3060 1961,3060 2010,3060 2058,3058 2107,3059 2156,3060 2204,3060 2253,3060 2302,3060 2350,3060 2399,3060 2448,3060 2496,3060 2545,3060 2594,3060 2642,3060 2691,3058 2740,3059 2788,3060 2837,3060 2886,3057"/>
                <Word id="tr_4_tl_48_w1" custom="readingOrder {index:0;}">
                    <Coords points="1900,3020 1900,3080 2037,3080 2037,3020"/>
                    <TextEquiv>
                        <Unicode>übersetzt.</Unicode>
                    </TextEquiv>
                </Word>
                <Word id="tr_4_tl_48_w2" custom="readingOrder {index:1;}">
                    <Coords points="2072,3019 2072,3079 2146,3079 2146,3019"/>
                    <TextEquiv>
                        <Unicode>Wien</Unicode>
                    </TextEquiv>
                </Word>
                <Word id="tr_4_tl_48_w3" custom="readingOrder {index:2;}">
                    <Coords points="2176,3020 2176,3080 2293,3080 2293,3020"/>
                    <TextEquiv>
                        <Unicode>stimmte</Unicode>
                    </TextEquiv>
                </Word>
                <Word id="tr_4_tl_48_w4" custom="readingOrder {index:3;}">
                    <Coords points="2319,3020 2319,3080 2385,3080 2385,3020"/>
                    <TextEquiv>
                        <Unicode>schon</Unicode>
                    </TextEquiv>
                </Word>
                <Word id="tr_4_tl_48_w5" custom="readingOrder {index:4;}">
                    <Coords points="2419,3020 2419,3080 2461,3080 2461,3020"/>
                    <TextEquiv>
                        <Unicode>die</Unicode>
                    </TextEquiv>
                </Word>
                <Word id="tr_4_tl_48_w6" custom="readingOrder {index:5;}">
                    <Coords points="2486,3020 2486,3080 2691,3080 2691,3020"/>
                    <TextEquiv>
                        <Unicode>Instrumente,</Unicode>
                    </TextEquiv>
                </Word>
                <Word id="tr_4_tl_48_w7" custom="readingOrder {index:6;}">
                    <Coords points="2713,3018 2713,3078 2742,3078 2742,3018"/>
                    <TextEquiv>
                        <Unicode>um</Unicode>
                    </TextEquiv>
                </Word>
                <Word id="tr_4_tl_48_w8" custom="readingOrder {index:7;}">
                    <Coords points="2784,3020 2784,3080 2867,3080 2867,3020"/>
                    <TextEquiv>
                        <Unicode>seinen</Unicode>
                    </TextEquiv>
                </Word>
                <TextEquiv>
                    <Unicode>übersetzt. Wien stimmte schon die Instrumente, um seinen</Unicode>
                </TextEquiv>
            </TextLine>
            <TextLine id="tr_4_tl_49" custom="readingOrder {index:48;}">
                <Coords points="1904,3101 2904,3120 2892,3066 1904,3066"/>
                <Baseline points="1910,3092 1959,3092 2009,3092 2059,3092 2109,3092 2159,3092 2209,3092 2258,3092 2308,3092 2358,3092 2408,3092 2458,3092 2508,3092 2558,3092 2607,3092 2657,3090 2707,3091 2757,3092 2807,3092 2857,3093 2907,3101"/>
                <Word id="tr_4_tl_49_w1" custom="readingOrder {index:0;}">
                    <Coords points="1902,3052 1902,3112 2002,3112 2002,3052"/>
                    <TextEquiv>
                        <Unicode>Dichter</Unicode>
                    </TextEquiv>
                </Word>
                <Word id="tr_4_tl_49_w2" custom="readingOrder {index:1;}">
                    <Coords points="2027,3052 2027,3112 2052,3112 2052,3052"/>
                    <TextEquiv>
                        <Unicode>zu</Unicode>
                    </TextEquiv>
                </Word>
                <Word id="tr_4_tl_49_w3" custom="readingOrder {index:2;}">
                    <Coords points="2082,3052 2082,3112 2186,3112 2186,3052"/>
                    <TextEquiv>
                        <Unicode>Beginn</Unicode>
                    </TextEquiv>
                </Word>
                <Word id="tr_4_tl_49_w4" custom="readingOrder {index:3;}">
                    <Coords points="2216,3052 2216,3112 2258,3112 2258,3052"/>
                    <TextEquiv>
                        <Unicode>des</Unicode>
                    </TextEquiv>
                </Word>
                <Word id="tr_4_tl_49_w5" custom="readingOrder {index:4;}">
                    <Coords points="2284,3052 2284,3112 2329,3112 2329,3052"/>
                    <TextEquiv>
                        <Unicode>70.</Unicode>
                    </TextEquiv>
                </Word>
                <Word id="tr_4_tl_49_w6" custom="readingOrder {index:5;}">
                    <Coords points="2346,3052 2346,3112 2552,3112 2552,3052"/>
                    <TextEquiv>
                        <Unicode>Geburtstages</Unicode>
                    </TextEquiv>
                </Word>
                <Word id="tr_4_tl_49_w7" custom="readingOrder {index:6;}">
                    <Coords points="2578,3052 2578,3112 2602,3112 2602,3052"/>
                    <TextEquiv>
                        <Unicode>zu</Unicode>
                    </TextEquiv>
                </Word>
                <Word id="tr_4_tl_49_w8" custom="readingOrder {index:7;}">
                    <Coords points="2632,3051 2632,3111 2787,3111 2787,3051"/>
                    <TextEquiv>
                        <Unicode>begrüßen.</Unicode>
                    </TextEquiv>
                </Word>
                <Word id="tr_4_tl_49_w9" custom="readingOrder {index:8;}">
                    <Coords points="2821,3053 2821,3113 2900,3113 2900,3053"/>
                    <TextEquiv>
                        <Unicode>Der,</Unicode>
                    </TextEquiv>
                </Word>
                <TextEquiv>
                    <Unicode>Dichter zu Beginn des 70. Geburtstages zu begrüßen. Der,</Unicode>
                </TextEquiv>
            </TextLine>
            <TextLine id="tr_4_tl_50" custom="readingOrder {index:49;}">
                <Coords points="1904,3131 2882,3156 2882,3104 2809,3093 1904,3101"/>
                <Baseline points="1910,3125 1958,3128 2007,3128 2055,3128 2104,3128 2153,3127 2201,3125 2250,3125 2299,3127 2347,3126 2396,3128 2445,3128 2493,3125 2542,3128 2591,3125 2639,3125 2688,3126 2737,3128 2785,3128 2834,3128 2883,3131"/>
                <Word id="tr_4_tl_50_w1" custom="readingOrder {index:0;}">
                    <Coords points="1902,3085 1902,3145 1949,3145 1949,3085"/>
                    <TextEquiv>
                        <Unicode>Tod</Unicode>
                    </TextEquiv>
                </Word>
                <Word id="tr_4_tl_50_w2" custom="readingOrder {index:1;}">
                    <Coords points="1989,3088 1989,3148 2049,3148 2049,3088"/>
                    <TextEquiv>
                        <Unicode>trat</Unicode>
                    </TextEquiv>
                </Word>
                <Word id="tr_4_tl_50_w3" custom="readingOrder {index:2;}">
                    <Coords points="2080,3086 2080,3146 2262,3146 2262,3086"/>
                    <TextEquiv>
                        <Unicode>dazwischen.</Unicode>
                    </TextEquiv>
                </Word>
                <Word id="tr_4_tl_50_w4" custom="readingOrder {index:3;}">
                    <Coords points="2301,3086 2301,3146 2352,3146 2352,3086"/>
                    <TextEquiv>
                        <Unicode>Die</Unicode>
                    </TextEquiv>
                </Word>
                <Word id="tr_4_tl_50_w5" custom="readingOrder {index:4;}">
                    <Coords points="2388,3088 2388,3148 2492,3148 2492,3088"/>
                    <TextEquiv>
                        <Unicode>Geigen</Unicode>
                    </TextEquiv>
                </Word>
                <Word id="tr_4_tl_50_w6" custom="readingOrder {index:5;}">
                    <Coords points="2531,3085 2531,3145 2634,3145 2634,3085"/>
                    <TextEquiv>
                        <Unicode>werden</Unicode>
                    </TextEquiv>
                </Word>
                <Word id="tr_4_tl_50_w7" custom="readingOrder {index:6;}">
                    <Coords points="2679,3088 2679,3148 2877,3148 2877,3088"/>
                    <TextEquiv>
                        <Unicode>Trauerliedez</Unicode>
                    </TextEquiv>
                </Word>
                <TextEquiv>
                    <Unicode>Tod trat dazwischen. Die Geigen werden Trauerliedez</Unicode>
                </TextEquiv>
            </TextLine>
            <TextLine id="tr_4_tl_51" custom="readingOrder {index:50;}">
                <Coords points="1906,3190 2866,3179 2866,3140 2813,3132 1906,3135"/>
                <Baseline points="1913,3167 1960,3165 2008,3164 2056,3164 2104,3164 2152,3164 2199,3164 2247,3164 2295,3164 2343,3164 2391,3164 2438,3163 2486,3161 2534,3159 2582,3160 2630,3161 2677,3161 2725,3163 2773,3159 2821,3161 2869,3164"/>
                <Word id="tr_4_tl_51_w1" custom="readingOrder {index:0;}">
                    <Coords points="1904,3125 1904,3185 1994,3185 1994,3125"/>
                    <TextEquiv>
                        <Unicode>spielen</Unicode>
                    </TextEquiv>
                </Word>
                <Word id="tr_4_tl_51_w2" custom="readingOrder {index:1;}">
                    <Coords points="2016,3124 2016,3184 2080,3184 2080,3124"/>
                    <TextEquiv>
                        <Unicode>...</Unicode>
                    </TextEquiv>
                </Word>
                <Word id="tr_4_tl_51_w3" custom="readingOrder {index:2;}">
                    <Coords points="2115,3124 2115,3184 2197,3184 2197,3124"/>
                    <TextEquiv>
                        <Unicode>„Wir</Unicode>
                    </TextEquiv>
                </Word>
                <Word id="tr_4_tl_51_w4" custom="readingOrder {index:3;}">
                    <Coords points="2219,3124 2219,3184 2318,3184 2318,3124"/>
                    <TextEquiv>
                        <Unicode>spielen</Unicode>
                    </TextEquiv>
                </Word>
                <Word id="tr_4_tl_51_w5" custom="readingOrder {index:4;}">
                    <Coords points="2344,3123 2344,3183 2456,3183 2456,3123"/>
                    <TextEquiv>
                        <Unicode>immer.</Unicode>
                    </TextEquiv>
                </Word>
                <Word id="tr_4_tl_51_w6" custom="readingOrder {index:5;}">
                    <Coords points="2491,3119 2491,3179 2555,3179 2555,3119"/>
                    <TextEquiv>
                        <Unicode>Wer</Unicode>
                    </TextEquiv>
                </Word>
                <Word id="tr_4_tl_51_w7" custom="readingOrder {index:6;}">
                    <Coords points="2577,3120 2577,3180 2603,3180 2603,3120"/>
                    <TextEquiv>
                        <Unicode>es</Unicode>
                    </TextEquiv>
                </Word>
                <Word id="tr_4_tl_51_w8" custom="readingOrder {index:7;}">
                    <Coords points="2629,3121 2629,3181 2711,3181 2711,3121"/>
                    <TextEquiv>
                        <Unicode>weiß,</Unicode>
                    </TextEquiv>
                </Word>
                <Word id="tr_4_tl_51_w9" custom="readingOrder {index:8;}">
                    <Coords points="2733,3121 2733,3181 2762,3181 2762,3121"/>
                    <TextEquiv>
                        <Unicode>ist</Unicode>
                    </TextEquiv>
                </Word>
                <Word id="tr_4_tl_51_w10" custom="readingOrder {index:9;}">
                    <Coords points="2784,3121 2784,3181 2861,3181 2861,3121"/>
                    <TextEquiv>
                        <Unicode>klug.</Unicode>
                    </TextEquiv>
                </Word>
                <TextEquiv>
                    <Unicode>spielen ... „Wir spielen immer. Wer es weiß, ist klug.</Unicode>
                </TextEquiv>
            </TextLine>
            <TextLine id="tr_4_tl_52" custom="readingOrder {index:51;}">
                <Coords points="2459,3209 2532,3220 2615,3209 2643,3224 2685,3202 2737,3221 2857,3204 2857,3181 2776,3161 2749,3179 2635,3179 2577,3161 2526,3177 2459,3162"/>
                <Baseline points="2466,3194 2492,3194 2518,3194 2544,3194 2571,3196 2597,3197 2623,3197 2649,3197 2676,3197 2702,3197 2728,3197 2754,3197 2781,3197 2807,3197 2833,3195 2860,3191"/>
                <Word id="tr_4_tl_52_w1" custom="readingOrder {index:0;}">
                    <Coords points="2461,3154 2461,3214 2535,3214 2535,3154"/>
                    <TextEquiv>
                        <Unicode>Eva</Unicode>
                    </TextEquiv>
                </Word>
                <Word id="tr_4_tl_52_w2" custom="readingOrder {index:1;}">
                    <Coords points="2566,3157 2566,3217 2848,3217 2848,3157"/>
                    <TextEquiv>
                        <Unicode>Schauwecker.</Unicode>
                    </TextEquiv>
                </Word>
                <TextEquiv>
                    <Unicode>Eva Schauwecker.</Unicode>
                </TextEquiv>
            </TextLine>
            <TextLine id="tr_4_tl_53" custom="readingOrder {index:52;}">
                <Coords points="2080,3272 2692,3271 2692,3244 2569,3210 2080,3216"/>
                <Baseline points="2086,3257 2116,3255 2146,3255 2177,3257 2207,3257 2238,3256 2268,3254 2299,3256 2329,3256 2360,3254 2390,3254 2420,3255 2451,3257 2481,3257 2512,3255 2542,3255 2573,3257 2603,3259 2634,3260 2664,3260 2695,3257"/>
                <Word id="tr_4_tl_53_w1" custom="readingOrder {index:0;}">
                    <Coords points="2087,3215 2087,3275 2156,3275 2156,3215"/>
                    <TextEquiv>
                        <Unicode>Der</Unicode>
                    </TextEquiv>
                </Word>
                <Word id="tr_4_tl_53_w2" custom="readingOrder {index:1;}">
                    <Coords points="2191,3214 2191,3274 2352,3274 2352,3214"/>
                    <TextEquiv>
                        <Unicode>lachende</Unicode>
                    </TextEquiv>
                </Word>
                <Word id="tr_4_tl_53_w3" custom="readingOrder {index:2;}">
                    <Coords points="2388,3216 2388,3276 2584,3276 2584,3216"/>
                    <TextEquiv>
                        <Unicode>Schnitzler</Unicode>
                    </TextEquiv>
                </Word>
                <Word id="tr_4_tl_53_w4" custom="readingOrder {index:3;}">
                    <Coords points="2608,3220 2608,3280 2694,3280 2694,3220"/>
                    <TextEquiv>
                        <Unicode>...</Unicode>
                    </TextEquiv>
                </Word>
                <TextEquiv>
                    <Unicode>Der lachende Schnitzler ...</Unicode>
                </TextEquiv>
            </TextLine>
            <TextLine id="tr_4_tl_54" custom="readingOrder {index:53;}">
                <Coords points="1975,3326 2818,3306 2818,3270 2767,3261 1975,3277"/>
                <Baseline points="1982,3301 2026,3304 2070,3304 2114,3304 2158,3304 2202,3304 2246,3304 2291,3304 2335,3304 2379,3304 2423,3304 2467,3304 2511,3304 2556,3304 2600,3304 2644,3302 2688,3301 2732,3301 2776,3301 2821,3301"/>
                <Word id="tr_4_tl_54_w1" custom="readingOrder {index:0;}">
                    <Coords points="1977,3264 1977,3324 2225,3324 2225,3264"/>
                    <TextEquiv>
                        <Unicode>Charakteristische</Unicode>
                    </TextEquiv>
                </Word>
                <Word id="tr_4_tl_54_w2" custom="readingOrder {index:1;}">
                    <Coords points="2256,3264 2256,3324 2410,3324 2410,3264"/>
                    <TextEquiv>
                        <Unicode>Anehdoten</Unicode>
                    </TextEquiv>
                </Word>
                <Word id="tr_4_tl_54_w3" custom="readingOrder {index:2;}">
                    <Coords points="2445,3264 2445,3324 2475,3324 2475,3264"/>
                    <TextEquiv>
                        <Unicode>um</Unicode>
                    </TextEquiv>
                </Word>
                <Word id="tr_4_tl_54_w4" custom="readingOrder {index:3;}">
                    <Coords points="2514,3264 2514,3324 2556,3324 2556,3264"/>
                    <TextEquiv>
                        <Unicode>den</Unicode>
                    </TextEquiv>
                </Word>
                <Word id="tr_4_tl_54_w5" custom="readingOrder {index:4;}">
                    <Coords points="2587,3262 2587,3322 2659,3322 2659,3262"/>
                    <TextEquiv>
                        <Unicode>toten</Unicode>
                    </TextEquiv>
                </Word>
                <Word id="tr_4_tl_54_w6" custom="readingOrder {index:5;}">
                    <Coords points="2690,3261 2690,3321 2809,3321 2809,3261"/>
                    <TextEquiv>
                        <Unicode>Dichter.</Unicode>
                    </TextEquiv>
                </Word>
                <TextEquiv>
                    <Unicode>Charakteristische Anehdoten um den toten Dichter.</Unicode>
                </TextEquiv>
            </TextLine>
            <TextLine id="tr_4_tl_55" custom="readingOrder {index:54;}">
                <Coords points="1969,3396 2866,3396 2866,3356 2700,3342 1969,3361"/>
                <Baseline points="1976,3385 2020,3385 2065,3391 2109,3388 2154,3385 2199,3388 2243,3385 2288,3388 2333,3385 2377,3388 2422,3385 2467,3385 2511,3385 2556,3382 2601,3382 2645,3385 2690,3385 2735,3385 2779,3385 2824,3385 2869,3382"/>
                <Word id="tr_4_tl_55_w1" custom="readingOrder {index:0;}">
                    <Coords points="1967,3348 1967,3408 2126,3408 2126,3348"/>
                    <TextEquiv>
                        <Unicode>Schnitzler,</Unicode>
                    </TextEquiv>
                </Word>
                <Word id="tr_4_tl_55_w2" custom="readingOrder {index:1;}">
                    <Coords points="2156,3347 2156,3407 2216,3407 2216,3347"/>
                    <TextEquiv>
                        <Unicode>auch</Unicode>
                    </TextEquiv>
                </Word>
                <Word id="tr_4_tl_55_w3" custom="readingOrder {index:2;}">
                    <Coords points="2255,3346 2255,3406 2276,3406 2276,3346"/>
                    <TextEquiv>
                        <Unicode>im</Unicode>
                    </TextEquiv>
                </Word>
                <Word id="tr_4_tl_55_w4" custom="readingOrder {index:3;}">
                    <Coords points="2324,3345 2324,3405 2547,3405 2547,3345"/>
                    <TextEquiv>
                        <Unicode>Freundeskreis</Unicode>
                    </TextEquiv>
                </Word>
                <Word id="tr_4_tl_55_w5" custom="readingOrder {index:4;}">
                    <Coords points="2587,3344 2587,3404 2677,3404 2677,3344"/>
                    <TextEquiv>
                        <Unicode>häufig</Unicode>
                    </TextEquiv>
                </Word>
                <Word id="tr_4_tl_55_w6" custom="readingOrder {index:5;}">
                    <Coords points="2716,3345 2716,3405 2788,3405 2788,3345"/>
                    <TextEquiv>
                        <Unicode>mehr</Unicode>
                    </TextEquiv>
                </Word>
                <Word id="tr_4_tl_55_w7" custom="readingOrder {index:6;}">
                    <Coords points="2828,3343 2828,3403 2857,3403 2857,3343"/>
                    <TextEquiv>
                        <Unicode>ab</Unicode>
                    </TextEquiv>
                </Word>
                <TextEquiv>
                    <Unicode>Schnitzler, auch im Freundeskreis häufig mehr ab</Unicode>
                </TextEquiv>
            </TextLine>
            <TextLine id="tr_4_tl_56" custom="readingOrder {index:55;}">
                <Coords points="1906,3428 2880,3427 2880,3399 2811,3388 1906,3392"/>
                <Baseline points="1913,3424 1961,3425 2010,3426 2058,3422 2107,3423 2155,3422 2204,3421 2252,3421 2301,3421 2349,3421 2398,3421 2446,3421 2495,3420 2543,3419 2592,3420 2640,3418 2689,3420 2737,3421 2786,3421 2834,3421 2883,3418"/>
                <Word id="tr_4_tl_56_w1" custom="readingOrder {index:0;}">
                    <Coords points="1900,3384 1900,3444 1987,3444 1987,3384"/>
                    <TextEquiv>
                        <Unicode>bissig,</Unicode>
                    </TextEquiv>
                </Word>
                <Word id="tr_4_tl_56_w2" custom="readingOrder {index:1;}">
                    <Coords points="2009,3383 2009,3443 2063,3443 2063,3383"/>
                    <TextEquiv>
                        <Unicode>sitzt</Unicode>
                    </TextEquiv>
                </Word>
                <Word id="tr_4_tl_56_w3" custom="readingOrder {index:2;}">
                    <Coords points="2089,3382 2089,3442 2139,3442 2139,3382"/>
                    <TextEquiv>
                        <Unicode>mit</Unicode>
                    </TextEquiv>
                </Word>
                <Word id="tr_4_tl_56_w4" custom="readingOrder {index:3;}">
                    <Coords points="2165,3381 2165,3441 2329,3441 2329,3381"/>
                    <TextEquiv>
                        <Unicode>Bekannten</Unicode>
                    </TextEquiv>
                </Word>
                <Word id="tr_4_tl_56_w5" custom="readingOrder {index:4;}">
                    <Coords points="2363,3381 2363,3441 2388,3441 2388,3381"/>
                    <TextEquiv>
                        <Unicode>in</Unicode>
                    </TextEquiv>
                </Word>
                <Word id="tr_4_tl_56_w6" custom="readingOrder {index:5;}">
                    <Coords points="2422,3380 2422,3440 2493,3440 2493,3380"/>
                    <TextEquiv>
                        <Unicode>Wien</Unicode>
                    </TextEquiv>
                </Word>
                <Word id="tr_4_tl_56_w7" custom="readingOrder {index:6;}">
                    <Coords points="2527,3379 2527,3439 2678,3439 2678,3379"/>
                    <TextEquiv>
                        <Unicode>plaudernd</Unicode>
                    </TextEquiv>
                </Word>
                <Word id="tr_4_tl_56_w8" custom="readingOrder {index:7;}">
                    <Coords points="2708,3381 2708,3441 2880,3441 2880,3381"/>
                    <TextEquiv>
                        <Unicode>zusammen.</Unicode>
                    </TextEquiv>
                </Word>
                <TextEquiv>
                    <Unicode>bissig, sitzt mit Bekannten in Wien plaudernd zusammen.</Unicode>
                </TextEquiv>
            </TextLine>
            <TextLine id="tr_4_tl_57" custom="readingOrder {index:56;}">
                <Coords points="1909,3469 2887,3478 2877,3427 1909,3428"/>
                <Baseline points="1916,3457 1964,3457 2013,3457 2061,3457 2110,3456 2159,3454 2207,3455 2256,3457 2305,3457 2353,3457 2402,3454 2451,3454 2499,3457 2548,3457 2597,3457 2645,3456 2694,3455 2743,3457 2791,3457 2840,3459 2889,3460"/>
                <Word id="tr_4_tl_57_w1" custom="readingOrder {index:0;}">
                    <Coords points="1903,3417 1903,3477 1932,3477 1932,3417"/>
                    <TextEquiv>
                        <Unicode>In</Unicode>
                    </TextEquiv>
                </Word>
                <Word id="tr_4_tl_57_w2" custom="readingOrder {index:1;}">
                    <Coords points="1963,3417 1963,3477 2126,3477 2126,3417"/>
                    <TextEquiv>
                        <Unicode>angeregter</Unicode>
                    </TextEquiv>
                </Word>
                <Word id="tr_4_tl_57_w3" custom="readingOrder {index:2;}">
                    <Coords points="2148,3415 2148,3475 2307,3475 2307,3415"/>
                    <TextEquiv>
                        <Unicode>Stimmung</Unicode>
                    </TextEquiv>
                </Word>
                <Word id="tr_4_tl_57_w4" custom="readingOrder {index:3;}">
                    <Coords points="2333,3414 2333,3474 2440,3474 2440,3414"/>
                    <TextEquiv>
                        <Unicode>erzählt</Unicode>
                    </TextEquiv>
                </Word>
                <Word id="tr_4_tl_57_w5" custom="readingOrder {index:4;}">
                    <Coords points="2462,3417 2462,3477 2603,3477 2603,3417"/>
                    <TextEquiv>
                        <Unicode>Schnitzler</Unicode>
                    </TextEquiv>
                </Word>
                <Word id="tr_4_tl_57_w6" custom="readingOrder {index:5;}">
                    <Coords points="2625,3415 2625,3475 2698,3475 2698,3415"/>
                    <TextEquiv>
                        <Unicode>einen</Unicode>
                    </TextEquiv>
                </Word>
                <Word id="tr_4_tl_57_w7" custom="readingOrder {index:6;}">
                    <Coords points="2728,3417 2728,3477 2805,3477 2805,3417"/>
                    <TextEquiv>
                        <Unicode>Witz,</Unicode>
                    </TextEquiv>
                </Word>
                <Word id="tr_4_tl_57_w8" custom="readingOrder {index:7;}">
                    <Coords points="2823,3419 2823,3479 2870,3479 2870,3419"/>
                    <TextEquiv>
                        <Unicode>den</Unicode>
                    </TextEquiv>
                </Word>
                <TextEquiv>
                    <Unicode>In angeregter Stimmung erzählt Schnitzler einen Witz, den</Unicode>
                </TextEquiv>
            </TextLine>
            <TextLine id="tr_4_tl_58" custom="readingOrder {index:57;}">
                <Coords points="1906,3500 2448,3494 2448,3462 2403,3459 1906,3468"/>
                <Baseline points="1913,3490 1939,3490 1966,3490 1993,3490 2020,3490 2047,3490 2074,3490 2101,3490 2128,3490 2155,3490 2182,3490 2208,3490 2235,3490 2262,3490 2289,3490 2316,3490 2343,3490 2370,3489 2397,3488 2424,3487 2451,3487"/>
                <Word id="tr_4_tl_58_w1" custom="readingOrder {index:0;}">
                    <Coords points="1900,3450 1900,3510 1925,3510 1925,3450"/>
                    <TextEquiv>
                        <Unicode>er</Unicode>
                    </TextEquiv>
                </Word>
                <Word id="tr_4_tl_58_w2" custom="readingOrder {index:1;}">
                    <Coords points="1955,3450 1955,3510 2069,3510 2069,3450"/>
                    <TextEquiv>
                        <Unicode>kürzlich</Unicode>
                    </TextEquiv>
                </Word>
                <Word id="tr_4_tl_58_w3" custom="readingOrder {index:2;}">
                    <Coords points="2099,3450 2099,3510 2240,3510 2240,3450"/>
                    <TextEquiv>
                        <Unicode>irgendwo</Unicode>
                    </TextEquiv>
                </Word>
                <Word id="tr_4_tl_58_w4" custom="readingOrder {index:3;}">
                    <Coords points="2270,3450 2270,3510 2372,3510 2372,3450"/>
                    <TextEquiv>
                        <Unicode>gehört</Unicode>
                    </TextEquiv>
                </Word>
                <Word id="tr_4_tl_58_w5" custom="readingOrder {index:4;}">
                    <Coords points="2398,3447 2398,3507 2444,3507 2444,3447"/>
                    <TextEquiv>
                        <Unicode>hat</Unicode>
                    </TextEquiv>
                </Word>
                <TextEquiv>
                    <Unicode>er kürzlich irgendwo gehört hat</Unicode>
                </TextEquiv>
            </TextLine>
            <TextLine id="tr_4_tl_59" custom="readingOrder {index:58;}">
                <Coords points="1972,3528 2883,3532 2883,3495 2762,3477 1972,3499"/>
                <Baseline points="1979,3519 2024,3522 2069,3525 2115,3522 2160,3522 2205,3522 2251,3522 2296,3522 2341,3522 2387,3522 2432,3519 2477,3519 2523,3519 2568,3519 2613,3519 2659,3520 2704,3521 2749,3519 2795,3520 2840,3522 2886,3522"/>
                <Word id="tr_4_tl_59_w1" custom="readingOrder {index:0;}">
                    <Coords points="1970,3484 1970,3544 2140,3544 2140,3484"/>
                    <TextEquiv>
                        <Unicode>Schallendes</Unicode>
                    </TextEquiv>
                </Word>
                <Word id="tr_4_tl_59_w2" custom="readingOrder {index:1;}">
                    <Coords points="2171,3482 2171,3542 2332,3542 2332,3482"/>
                    <TextEquiv>
                        <Unicode>Gelächter;</Unicode>
                    </TextEquiv>
                </Word>
                <Word id="tr_4_tl_59_w3" custom="readingOrder {index:2;}">
                    <Coords points="2355,3480 2355,3540 2471,3540 2471,3480"/>
                    <TextEquiv>
                        <Unicode>plötzlich</Unicode>
                    </TextEquiv>
                </Word>
                <Word id="tr_4_tl_59_w4" custom="readingOrder {index:3;}">
                    <Coords points="2503,3479 2503,3539 2565,3539 2565,3479"/>
                    <TextEquiv>
                        <Unicode>sagt</Unicode>
                    </TextEquiv>
                </Word>
                <Word id="tr_4_tl_59_w5" custom="readingOrder {index:4;}">
                    <Coords points="2592,3479 2592,3539 2636,3539 2636,3479"/>
                    <TextEquiv>
                        <Unicode>M.</Unicode>
                    </TextEquiv>
                </Word>
                <Word id="tr_4_tl_59_w6" custom="readingOrder {index:5;}">
                    <Coords points="2664,3480 2664,3540 2708,3540 2708,3480"/>
                    <TextEquiv>
                        <Unicode>P.,</Unicode>
                    </TextEquiv>
                </Word>
                <Word id="tr_4_tl_59_w7" custom="readingOrder {index:6;}">
                    <Coords points="2736,3479 2736,3539 2780,3539 2780,3479"/>
                    <TextEquiv>
                        <Unicode>der</Unicode>
                    </TextEquiv>
                </Word>
                <Word id="tr_4_tl_59_w8" custom="readingOrder {index:7;}">
                    <Coords points="2812,3482 2812,3542 2878,3542 2878,3482"/>
                    <TextEquiv>
                        <Unicode>nicht</Unicode>
                    </TextEquiv>
                </Word>
                <TextEquiv>
                    <Unicode>Schallendes Gelächter; plötzlich sagt M. P., der nicht</Unicode>
                </TextEquiv>
            </TextLine>
            <TextLine id="tr_4_tl_60" custom="readingOrder {index:59;}">
                <Coords points="1904,3570 2882,3564 2882,3532 2802,3523 1904,3538"/>
                <Baseline points="1910,3561 1958,3558 2007,3558 2055,3558 2104,3558 2153,3558 2201,3558 2250,3555 2299,3555 2347,3558 2396,3555 2445,3558 2493,3557 2542,3554 2591,3552 2639,3552 2688,3552 2737,3554 2785,3553 2834,3555 2883,3555"/>
                <Word id="tr_4_tl_60_w1" custom="readingOrder {index:0;}">
                    <Coords points="1898,3519 1898,3579 1963,3579 1963,3519"/>
                    <TextEquiv>
                        <Unicode>ganz</Unicode>
                    </TextEquiv>
                </Word>
                <Word id="tr_4_tl_60_w2" custom="readingOrder {index:1;}">
                    <Coords points="1992,3518 1992,3578 2172,3578 2172,3518"/>
                    <TextEquiv>
                        <Unicode>unbekannte</Unicode>
                    </TextEquiv>
                </Word>
                <Word id="tr_4_tl_60_w3" custom="readingOrder {index:2;}">
                    <Coords points="2206,3515 2206,3575 2385,3575 2385,3515"/>
                    <TextEquiv>
                        <Unicode>Mitarbeiter</Unicode>
                    </TextEquiv>
                </Word>
                <Word id="tr_4_tl_60_w4" custom="readingOrder {index:3;}">
                    <Coords points="2419,3517 2419,3577 2529,3577 2529,3517"/>
                    <TextEquiv>
                        <Unicode>Wiener</Unicode>
                    </TextEquiv>
                </Word>
                <Word id="tr_4_tl_60_w5" custom="readingOrder {index:4;}">
                    <Coords points="2563,3512 2563,3572 2673,3572 2673,3512"/>
                    <TextEquiv>
                        <Unicode>Blätter</Unicode>
                    </TextEquiv>
                </Word>
                <Word id="tr_4_tl_60_w6" custom="readingOrder {index:5;}">
                    <Coords points="2707,3513 2707,3573 2759,3573 2759,3513"/>
                    <TextEquiv>
                        <Unicode>und</Unicode>
                    </TextEquiv>
                </Word>
                <Word id="tr_4_tl_60_w7" custom="readingOrder {index:6;}">
                    <Coords points="2793,3515 2793,3575 2878,3575 2878,3515"/>
                    <TextEquiv>
                        <Unicode>Vater</Unicode>
                    </TextEquiv>
                </Word>
                <TextEquiv>
                    <Unicode>ganz unbekannte Mitarbeiter Wiener Blätter und Vater</Unicode>
                </TextEquiv>
            </TextLine>
            <TextLine id="tr_4_tl_61" custom="readingOrder {index:60;}">
                <Coords points="1904,3602 2866,3597 2866,3562 2784,3558 1904,3572"/>
                <Baseline points="1910,3594 1960,3593 2010,3592 2061,3591 2111,3591 2162,3591 2212,3591 2263,3591 2313,3591 2364,3591 2414,3588 2465,3588 2515,3588 2566,3588 2616,3588 2667,3588 2717,3588 2768,3588 2818,3588 2869,3588"/>
                <Word id="tr_4_tl_61_w1" custom="readingOrder {index:0;}">
                    <Coords points="1898,3552 1898,3612 2056,3612 2056,3552"/>
                    <TextEquiv>
                        <Unicode>zahlreicher</Unicode>
                    </TextEquiv>
                </Word>
                <Word id="tr_4_tl_61_w2" custom="readingOrder {index:1;}">
                    <Coords points="2082,3551 2082,3611 2262,3611 2262,3551"/>
                    <TextEquiv>
                        <Unicode>Aphorismen</Unicode>
                    </TextEquiv>
                </Word>
                <Word id="tr_4_tl_61_w3" custom="readingOrder {index:2;}">
                    <Coords points="2296,3551 2296,3611 2346,3611 2346,3551"/>
                    <TextEquiv>
                        <Unicode>ind</Unicode>
                    </TextEquiv>
                </Word>
                <Word id="tr_4_tl_61_w4" custom="readingOrder {index:3;}">
                    <Coords points="2371,3548 2371,3608 2535,3608 2535,3548"/>
                    <TextEquiv>
                        <Unicode>Paradoxe:</Unicode>
                    </TextEquiv>
                </Word>
                <Word id="tr_4_tl_61_w5" custom="readingOrder {index:4;}">
                    <Coords points="2556,3548 2556,3608 2732,3608 2732,3548"/>
                    <TextEquiv>
                        <Unicode>„Glänzend,</Unicode>
                    </TextEquiv>
                </Word>
                <Word id="tr_4_tl_61_w6" custom="readingOrder {index:5;}">
                    <Coords points="2753,3548 2753,3608 2858,3608 2858,3548"/>
                    <TextEquiv>
                        <Unicode>wirklid</Unicode>
                    </TextEquiv>
                </Word>
                <TextEquiv>
                    <Unicode>zahlreicher Aphorismen ind Paradoxe: „Glänzend, wirklid</Unicode>
                </TextEquiv>
            </TextLine>
            <TextLine id="tr_4_tl_62" custom="readingOrder {index:61;}">
                <Coords points="1912,3636 2880,3644 2880,3589 1912,3604"/>
                <Baseline points="1919,3624 1967,3627 2015,3627 2063,3625 2111,3626 2160,3624 2208,3625 2256,3627 2304,3627 2352,3627 2401,3625 2449,3626 2497,3624 2545,3621 2593,3624 2642,3624 2690,3624 2738,3624 2786,3624 2834,3625 2883,3627"/>
                <Word id="tr_4_tl_62_w1" custom="readingOrder {index:0;}">
                    <Coords points="1906,3587 1906,3647 2051,3647 2051,3587"/>
                    <TextEquiv>
                        <Unicode>glanzeno!</Unicode>
                    </TextEquiv>
                </Word>
                <Word id="tr_4_tl_62_w2" custom="readingOrder {index:1;}">
                    <Coords points="2069,3585 2069,3645 2146,3645 2146,3585"/>
                    <TextEquiv>
                        <Unicode>Diese</Unicode>
                    </TextEquiv>
                </Word>
                <Word id="tr_4_tl_62_w3" custom="readingOrder {index:2;}">
                    <Coords points="2172,3585 2172,3645 2274,3645 2274,3585"/>
                    <TextEquiv>
                        <Unicode>Poinie</Unicode>
                    </TextEquiv>
                </Word>
                <Word id="tr_4_tl_62_w4" custom="readingOrder {index:3;}">
                    <Coords points="2322,3587 2322,3647 2369,3647 2369,3587"/>
                    <TextEquiv>
                        <Unicode>Ich</Unicode>
                    </TextEquiv>
                </Word>
                <Word id="tr_4_tl_62_w5" custom="readingOrder {index:4;}">
                    <Coords points="2396,3585 2396,3645 2524,3645 2524,3585"/>
                    <TextEquiv>
                        <Unicode>wünschte</Unicode>
                    </TextEquiv>
                </Word>
                <Word id="tr_4_tl_62_w6" custom="readingOrder {index:5;}">
                    <Coords points="2550,3584 2550,3644 2682,3644 2682,3584"/>
                    <TextEquiv>
                        <Unicode>wirklich,</Unicode>
                    </TextEquiv>
                </Word>
                <Word id="tr_4_tl_62_w7" custom="readingOrder {index:6;}">
                    <Coords points="2700,3584 2700,3644 2785,3644 2785,3584"/>
                    <TextEquiv>
                        <Unicode>diesen</Unicode>
                    </TextEquiv>
                </Word>
                <Word id="tr_4_tl_62_w8" custom="readingOrder {index:7;}">
                    <Coords points="2812,3585 2812,3645 2871,3645 2871,3585"/>
                    <TextEquiv>
                        <Unicode>Wiß</Unicode>
                    </TextEquiv>
                </Word>
                <TextEquiv>
                    <Unicode>glanzeno! Diese Poinie Ich wünschte wirklich, diesen Wiß</Unicode>
                </TextEquiv>
            </TextLine>
            <TextLine id="tr_4_tl_63" custom="readingOrder {index:62;}">
                <Coords points="1904,3670 1959,3673 2001,3661 2041,3675 2066,3665 2090,3673 2214,3663 2214,3631 2192,3638 2174,3625 2138,3640 2085,3634 2072,3643 2045,3631 1994,3643 1969,3631 1904,3635"/>
                <Baseline points="1910,3660 1935,3660 1961,3660 1987,3660 2012,3660 2038,3660 2064,3660 2089,3660 2115,3658 2141,3657 2166,3657 2192,3654 2218,3651"/>
                <Word id="tr_4_tl_63_w1" custom="readingOrder {index:0;}">
                    <Coords points="1898,3620 1898,3680 1969,3680 1969,3620"/>
                    <TextEquiv>
                        <Unicode>hätte</Unicode>
                    </TextEquiv>
                </Word>
                <Word id="tr_4_tl_63_w2" custom="readingOrder {index:1;}">
                    <Coords points="1995,3620 1995,3680 2041,3680 2041,3620"/>
                    <TextEquiv>
                        <Unicode>ich</Unicode>
                    </TextEquiv>
                </Word>
                <Word id="tr_4_tl_63_w3" custom="readingOrder {index:2;}">
                    <Coords points="2067,3617 2067,3677 2218,3677 2218,3617"/>
                    <TextEquiv>
                        <Unicode>gemacht!“</Unicode>
                    </TextEquiv>
                </Word>
                <TextEquiv>
                    <Unicode>hätte ich gemacht!“</Unicode>
                </TextEquiv>
            </TextLine>
            <TextLine id="tr_4_tl_64" custom="readingOrder {index:63;}">
                <Coords points="1969,3705 2651,3696 2651,3655 2609,3646 2521,3669 1969,3668"/>
                <Baseline points="1976,3690 2009,3692 2043,3693 2077,3693 2111,3693 2145,3693 2179,3693 2213,3693 2247,3693 2281,3693 2315,3693 2348,3693 2382,3693 2416,3693 2450,3693 2484,3692 2518,3690 2552,3690 2586,3692 2620,3692 2654,3690"/>
                <Word id="tr_4_tl_64_w1" custom="readingOrder {index:0;}">
                    <Coords points="1971,3652 1971,3712 2079,3712 2079,3652"/>
                    <TextEquiv>
                        <Unicode>Darauf</Unicode>
                    </TextEquiv>
                </Word>
                <Word id="tr_4_tl_64_w2" custom="readingOrder {index:1;}">
                    <Coords points="2100,3653 2100,3713 2259,3713 2259,3653"/>
                    <TextEquiv>
                        <Unicode>Schnitzler,</Unicode>
                    </TextEquiv>
                </Word>
                <Word id="tr_4_tl_64_w3" custom="readingOrder {index:2;}">
                    <Coords points="2280,3653 2280,3713 2330,3713 2330,3653"/>
                    <TextEquiv>
                        <Unicode>mit</Unicode>
                    </TextEquiv>
                </Word>
                <Word id="tr_4_tl_64_w4" custom="readingOrder {index:3;}">
                    <Coords points="2351,3653 2351,3713 2501,3713 2501,3653"/>
                    <TextEquiv>
                        <Unicode>todernstem</Unicode>
                    </TextEquiv>
                </Word>
                <Word id="tr_4_tl_64_w5" custom="readingOrder {index:4;}">
                    <Coords points="2539,3652 2539,3712 2651,3712 2651,3652"/>
                    <TextEquiv>
                        <Unicode>Gesicht:</Unicode>
                    </TextEquiv>
                </Word>
                <TextEquiv>
                    <Unicode>Darauf Schnitzler, mit todernstem Gesicht:</Unicode>
                </TextEquiv>
            </TextLine>
            <TextLine id="tr_4_tl_65" custom="readingOrder {index:64;}">
                <Coords points="1972,3747 2648,3744 2648,3696 1972,3711"/>
                <Baseline points="1979,3734 2012,3730 2046,3728 2079,3728 2113,3728 2147,3728 2180,3728 2214,3727 2247,3725 2281,3727 2315,3728 2348,3728 2382,3728 2415,3728 2449,3728 2483,3727 2516,3725 2550,3725 2583,3725 2617,3724 2651,3719"/>
                <Word id="tr_4_tl_65_w1" custom="readingOrder {index:0;}">
                    <Coords points="1974,3691 1974,3751 2028,3751 2028,3691"/>
                    <TextEquiv>
                        <Unicode>„Du</Unicode>
                    </TextEquiv>
                </Word>
                <Word id="tr_4_tl_65_w2" custom="readingOrder {index:1;}">
                    <Coords points="2058,3688 2058,3748 2162,3748 2162,3688"/>
                    <TextEquiv>
                        <Unicode>wirst</Unicode>
                    </TextEquiv>
                </Word>
                <Word id="tr_4_tl_65_w3" custom="readingOrder {index:2;}">
                    <Coords points="2188,3687 2188,3747 2225,3747 2225,3687"/>
                    <TextEquiv>
                        <Unicode>ihn</Unicode>
                    </TextEquiv>
                </Word>
                <Word id="tr_4_tl_65_w4" custom="readingOrder {index:3;}">
                    <Coords points="2263,3688 2263,3748 2380,3748 2380,3688"/>
                    <TextEquiv>
                        <Unicode>machen,</Unicode>
                    </TextEquiv>
                </Word>
                <Word id="tr_4_tl_65_w5" custom="readingOrder {index:4;}">
                    <Coords points="2402,3688 2402,3748 2489,3748 2489,3688"/>
                    <TextEquiv>
                        <Unicode>lieber</Unicode>
                    </TextEquiv>
                </Word>
                <Word id="tr_4_tl_65_w6" custom="readingOrder {index:5;}">
                    <Coords points="2514,3685 2514,3745 2652,3745 2652,3685"/>
                    <TextEquiv>
                        <Unicode>Freund!“</Unicode>
                    </TextEquiv>
                </Word>
                <TextEquiv>
                    <Unicode>„Du wirst ihn machen, lieber Freund!“</Unicode>
                </TextEquiv>
            </TextLine>
            <TextLine id="tr_4_tl_66" custom="readingOrder {index:65;}">
                <Coords points="1972,3824 2885,3822 2885,3769 2843,3766 1972,3779"/>
                <Baseline points="1979,3812 2024,3812 2070,3812 2115,3812 2161,3814 2206,3813 2252,3812 2297,3812 2343,3812 2388,3810 2434,3811 2479,3812 2525,3809 2570,3809 2616,3809 2661,3809 2707,3809 2752,3809 2798,3809 2843,3809 2889,3806"/>
                <Word id="tr_4_tl_66_w1" custom="readingOrder {index:0;}">
                    <Coords points="1970,3772 1970,3832 2070,3832 2070,3772"/>
                    <TextEquiv>
                        <Unicode>Arthur</Unicode>
                    </TextEquiv>
                </Word>
                <Word id="tr_4_tl_66_w2" custom="readingOrder {index:1;}">
                    <Coords points="2091,3773 2091,3833 2237,3833 2237,3773"/>
                    <TextEquiv>
                        <Unicode>Schnitzler</Unicode>
                    </TextEquiv>
                </Word>
                <Word id="tr_4_tl_66_w3" custom="readingOrder {index:2;}">
                    <Coords points="2263,3772 2263,3832 2367,3832 2367,3772"/>
                    <TextEquiv>
                        <Unicode>kommt</Unicode>
                    </TextEquiv>
                </Word>
                <Word id="tr_4_tl_66_w4" custom="readingOrder {index:3;}">
                    <Coords points="2392,3770 2392,3830 2438,3830 2438,3770"/>
                    <TextEquiv>
                        <Unicode>von</Unicode>
                    </TextEquiv>
                </Word>
                <Word id="tr_4_tl_66_w5" custom="readingOrder {index:4;}">
                    <Coords points="2467,3770 2467,3830 2542,3830 2542,3770"/>
                    <TextEquiv>
                        <Unicode>einer</Unicode>
                    </TextEquiv>
                </Word>
                <Word id="tr_4_tl_66_w6" custom="readingOrder {index:5;}">
                    <Coords points="2568,3769 2568,3829 2693,3829 2693,3769"/>
                    <TextEquiv>
                        <Unicode>längeren</Unicode>
                    </TextEquiv>
                </Word>
                <Word id="tr_4_tl_66_w7" custom="readingOrder {index:6;}">
                    <Coords points="2723,3769 2723,3829 2873,3829 2873,3769"/>
                    <TextEquiv>
                        <Unicode>Vortrag¬¬</Unicode>
                    </TextEquiv>
                </Word>
                <TextEquiv>
                    <Unicode>Arthur Schnitzler kommt von einer längeren Vortrag¬¬</Unicode>
                </TextEquiv>
            </TextLine>
            <TextLine id="tr_4_tl_67" custom="readingOrder {index:66;}">
                <Coords points="1909,3857 2877,3868 2868,3815 1909,3822"/>
                <Baseline points="1916,3848 1964,3848 2012,3848 2060,3848 2108,3848 2157,3848 2205,3848 2253,3848 2301,3848 2349,3848 2398,3848 2446,3848 2494,3848 2542,3848 2590,3848 2639,3848 2687,3848 2735,3846 2783,3845 2831,3845 2880,3845"/>
                <Word id="tr_4_tl_67_w1" custom="readingOrder {index:0;}">
                    <Coords points="1903,3808 1903,3868 1965,3868 1965,3808"/>
                    <TextEquiv>
                        <Unicode>reise</Unicode>
                    </TextEquiv>
                </Word>
                <Word id="tr_4_tl_67_w2" custom="readingOrder {index:1;}">
                    <Coords points="1995,3808 1995,3868 2082,3868 2082,3808"/>
                    <TextEquiv>
                        <Unicode>zurück</Unicode>
                    </TextEquiv>
                </Word>
                <Word id="tr_4_tl_67_w3" custom="readingOrder {index:2;}">
                    <Coords points="2116,3808 2116,3868 2166,3868 2166,3808"/>
                    <TextEquiv>
                        <Unicode>und</Unicode>
                    </TextEquiv>
                </Word>
                <Word id="tr_4_tl_67_w4" custom="readingOrder {index:3;}">
                    <Coords points="2195,3808 2195,3868 2262,3868 2262,3808"/>
                    <TextEquiv>
                        <Unicode>wird</Unicode>
                    </TextEquiv>
                </Word>
                <Word id="tr_4_tl_67_w5" custom="readingOrder {index:4;}">
                    <Coords points="2292,3808 2292,3868 2350,3868 2350,3808"/>
                    <TextEquiv>
                        <Unicode>nach</Unicode>
                    </TextEquiv>
                </Word>
                <Word id="tr_4_tl_67_w6" custom="readingOrder {index:5;}">
                    <Coords points="2380,3808 2380,3868 2467,3868 2467,3808"/>
                    <TextEquiv>
                        <Unicode>seinem</Unicode>
                    </TextEquiv>
                </Word>
                <Word id="tr_4_tl_67_w7" custom="readingOrder {index:6;}">
                    <Coords points="2505,3808 2505,3868 2597,3868 2597,3808"/>
                    <TextEquiv>
                        <Unicode>Erfolg</Unicode>
                    </TextEquiv>
                </Word>
                <Word id="tr_4_tl_67_w8" custom="readingOrder {index:7;}">
                    <Coords points="2627,3807 2627,3867 2752,3867 2752,3807"/>
                    <TextEquiv>
                        <Unicode>gefragt.</Unicode>
                    </TextEquiv>
                </Word>
                <Word id="tr_4_tl_67_w9" custom="readingOrder {index:8;}">
                    <Coords points="2790,3805 2790,3865 2873,3865 2873,3805"/>
                    <TextEquiv>
                        <Unicode>Müde</Unicode>
                    </TextEquiv>
                </Word>
                <TextEquiv>
                    <Unicode>reise zurück und wird nach seinem Erfolg gefragt. Müde</Unicode>
                </TextEquiv>
            </TextLine>
            <TextLine id="tr_4_tl_68" custom="readingOrder {index:67;}">
                <Coords points="1909,3888 1949,3897 2001,3890 2008,3882 2050,3893 2110,3892 2134,3887 2136,3856 2106,3850 2050,3861 2041,3854 2011,3868 1985,3850 1961,3862 1944,3851 1910,3859"/>
                <Baseline points="1916,3884 1943,3884 1971,3883 1998,3881 2026,3881 2054,3881 2081,3881 2109,3880 2137,3878"/>
                <Word id="tr_4_tl_68_w1" custom="readingOrder {index:0;}">
                    <Coords points="1906,3843 1906,3903 1996,3903 1996,3843"/>
                    <TextEquiv>
                        <Unicode>winkt</Unicode>
                    </TextEquiv>
                </Word>
                <Word id="tr_4_tl_68_w2" custom="readingOrder {index:1;}">
                    <Coords points="2020,3841 2020,3901 2051,3901 2051,3841"/>
                    <TextEquiv>
                        <Unicode>er</Unicode>
                    </TextEquiv>
                </Word>
                <Word id="tr_4_tl_68_w3" custom="readingOrder {index:2;}">
                    <Coords points="2078,3840 2078,3900 2129,3900 2129,3840"/>
                    <TextEquiv>
                        <Unicode>ab:</Unicode>
                    </TextEquiv>
                </Word>
                <TextEquiv>
                    <Unicode>winkt er ab:</Unicode>
                </TextEquiv>
            </TextLine>
            <TextLine id="tr_4_tl_69" custom="readingOrder {index:68;}">
                <Coords points="1972,3930 2814,3930 2882,3921 2883,3873 1972,3900"/>
                <Baseline points="1979,3916 2024,3916 2069,3914 2114,3913 2159,3913 2205,3916 2250,3913 2295,3913 2340,3913 2385,3913 2431,3913 2476,3913 2521,3910 2566,3910 2611,3910 2657,3910 2702,3910 2747,3910 2792,3910 2837,3910 2883,3910"/>
                <Word id="tr_4_tl_69_w1" custom="readingOrder {index:0;}">
                    <Coords points="1975,3876 1975,3936 2054,3936 2054,3876"/>
                    <TextEquiv>
                        <Unicode>„Ach,</Unicode>
                    </TextEquiv>
                </Word>
                <Word id="tr_4_tl_69_w2" custom="readingOrder {index:1;}">
                    <Coords points="2077,3873 2077,3933 2152,3933 2152,3873"/>
                    <TextEquiv>
                        <Unicode>laßts</Unicode>
                    </TextEquiv>
                </Word>
                <Word id="tr_4_tl_69_w3" custom="readingOrder {index:2;}">
                    <Coords points="2184,3875 2184,3935 2246,3935 2246,3875"/>
                    <TextEquiv>
                        <Unicode>mich</Unicode>
                    </TextEquiv>
                </Word>
                <Word id="tr_4_tl_69_w4" custom="readingOrder {index:3;}">
                    <Coords points="2278,3873 2278,3933 2433,3933 2433,3873"/>
                    <TextEquiv>
                        <Unicode>zufrieden.</Unicode>
                    </TextEquiv>
                </Word>
                <Word id="tr_4_tl_69_w5" custom="readingOrder {index:4;}">
                    <Coords points="2473,3870 2473,3930 2553,3930 2553,3870"/>
                    <TextEquiv>
                        <Unicode>Zwei</Unicode>
                    </TextEquiv>
                </Word>
                <Word id="tr_4_tl_69_w6" custom="readingOrder {index:5;}">
                    <Coords points="2580,3870 2580,3930 2731,3930 2731,3870"/>
                    <TextEquiv>
                        <Unicode>Sekretäre</Unicode>
                    </TextEquiv>
                </Word>
                <Word id="tr_4_tl_69_w7" custom="readingOrder {index:6;}">
                    <Coords points="2763,3870 2763,3930 2829,3930 2829,3870"/>
                    <TextEquiv>
                        <Unicode>hab,</Unicode>
                    </TextEquiv>
                </Word>
                <Word id="tr_4_tl_69_w8" custom="readingOrder {index:7;}">
                    <Coords points="2843,3870 2843,3930 2878,3930 2878,3870"/>
                    <TextEquiv>
                        <Unicode>ich</Unicode>
                    </TextEquiv>
                </Word>
                <TextEquiv>
                    <Unicode>„Ach, laßts mich zufrieden. Zwei Sekretäre hab, ich</Unicode>
                </TextEquiv>
            </TextLine>
            <TextLine id="tr_4_tl_70" custom="readingOrder {index:69;}">
                <Coords points="1902,3956 2883,3950 2838,3915 2067,3935 1904,3908"/>
                <Baseline points="1910,3949 1958,3946 2007,3946 2056,3946 2105,3946 2154,3946 2202,3946 2251,3946 2300,3946 2349,3946 2398,3943 2446,3943 2495,3945 2544,3944 2593,3946 2642,3946 2690,3944 2739,3945 2788,3946 2837,3943 2886,3940"/>
                <Word id="tr_4_tl_70_w1" custom="readingOrder {index:0;}">
                    <Coords points="1899,3906 1899,3966 2042,3966 2042,3906"/>
                    <TextEquiv>
                        <Unicode>gebraucht</Unicode>
                    </TextEquiv>
                </Word>
                <Word id="tr_4_tl_70_w2" custom="readingOrder {index:1;}">
                    <Coords points="2070,3906 2070,3966 2197,3966 2197,3906"/>
                    <TextEquiv>
                        <Unicode>während</Unicode>
                    </TextEquiv>
                </Word>
                <Word id="tr_4_tl_70_w3" custom="readingOrder {index:2;}">
                    <Coords points="2229,3906 2229,3966 2272,3966 2272,3906"/>
                    <TextEquiv>
                        <Unicode>der</Unicode>
                    </TextEquiv>
                </Word>
                <Word id="tr_4_tl_70_w4" custom="readingOrder {index:3;}">
                    <Coords points="2300,3906 2300,3966 2395,3966 2395,3906"/>
                    <TextEquiv>
                        <Unicode>Reise!</Unicode>
                    </TextEquiv>
                </Word>
                <Word id="tr_4_tl_70_w5" custom="readingOrder {index:4;}">
                    <Coords points="2435,3903 2435,3963 2495,3963 2495,3903"/>
                    <TextEquiv>
                        <Unicode>Der</Unicode>
                    </TextEquiv>
                </Word>
                <Word id="tr_4_tl_70_w6" custom="readingOrder {index:5;}">
                    <Coords points="2523,3904 2523,3964 2582,3964 2582,3904"/>
                    <TextEquiv>
                        <Unicode>eine</Unicode>
                    </TextEquiv>
                </Word>
                <Word id="tr_4_tl_70_w7" custom="readingOrder {index:6;}">
                    <Coords points="2610,3904 2610,3964 2808,3964 2808,3904"/>
                    <TextEquiv>
                        <Unicode>beantwortete</Unicode>
                    </TextEquiv>
                </Word>
                <Word id="tr_4_tl_70_w8" custom="readingOrder {index:7;}">
                    <Coords points="2841,3901 2841,3961 2880,3961 2880,3901"/>
                    <TextEquiv>
                        <Unicode>die</Unicode>
                    </TextEquiv>
                </Word>
                <TextEquiv>
                    <Unicode>gebraucht während der Reise! Der eine beantwortete die</Unicode>
                </TextEquiv>
            </TextLine>
            <TextLine id="tr_4_tl_71" custom="readingOrder {index:70;}">
                <Coords points="1906,3985 2884,3993 2877,3951 1906,3957"/>
                <Baseline points="1913,3976 1961,3982 2010,3979 2058,3979 2107,3979 2156,3979 2204,3980 2253,3980 2302,3981 2350,3980 2399,3982 2448,3979 2496,3979 2545,3979 2594,3979 2642,3979 2691,3979 2740,3979 2788,3979 2837,3979 2886,3979"/>
                <Word id="tr_4_tl_71_w1" custom="readingOrder {index:0;}">
                    <Coords points="1903,3941 1903,4001 2006,4001 2006,3941"/>
                    <TextEquiv>
                        <Unicode>Briefe,</Unicode>
                    </TextEquiv>
                </Word>
                <Word id="tr_4_tl_71_w2" custom="readingOrder {index:1;}">
                    <Coords points="2026,3939 2026,3999 2066,3999 2066,3939"/>
                    <TextEquiv>
                        <Unicode>die</Unicode>
                    </TextEquiv>
                </Word>
                <Word id="tr_4_tl_71_w3" custom="readingOrder {index:2;}">
                    <Coords points="2086,3939 2086,3999 2121,3999 2121,3939"/>
                    <TextEquiv>
                        <Unicode>ich</Unicode>
                    </TextEquiv>
                </Word>
                <Word id="tr_4_tl_71_w4" custom="readingOrder {index:3;}">
                    <Coords points="2146,3939 2146,3999 2261,3999 2261,3939"/>
                    <TextEquiv>
                        <Unicode>erhielt,</Unicode>
                    </TextEquiv>
                </Word>
                <Word id="tr_4_tl_71_w5" custom="readingOrder {index:4;}">
                    <Coords points="2281,3940 2281,4000 2328,4000 2328,3940"/>
                    <TextEquiv>
                        <Unicode>der</Unicode>
                    </TextEquiv>
                </Word>
                <Word id="tr_4_tl_71_w6" custom="readingOrder {index:5;}">
                    <Coords points="2352,3941 2352,4001 2455,4001 2455,3941"/>
                    <TextEquiv>
                        <Unicode>andere</Unicode>
                    </TextEquiv>
                </Word>
                <Word id="tr_4_tl_71_w7" custom="readingOrder {index:6;}">
                    <Coords points="2480,3939 2480,3999 2622,3999 2622,3939"/>
                    <TextEquiv>
                        <Unicode>versandte</Unicode>
                    </TextEquiv>
                </Word>
                <Word id="tr_4_tl_71_w8" custom="readingOrder {index:7;}">
                    <Coords points="2651,3939 2651,3999 2817,3999 2817,3939"/>
                    <TextEquiv>
                        <Unicode>Haarlochen</Unicode>
                    </TextEquiv>
                </Word>
                <Word id="tr_4_tl_71_w9" custom="readingOrder {index:8;}">
                    <Coords points="2845,3939 2845,3999 2877,3999 2877,3939"/>
                    <TextEquiv>
                        <Unicode>an</Unicode>
                    </TextEquiv>
                </Word>
                <TextEquiv>
                    <Unicode>Briefe, die ich erhielt, der andere versandte Haarlochen an</Unicode>
                </TextEquiv>
            </TextLine>
            <TextLine id="tr_4_tl_72" custom="readingOrder {index:71;}">
                <Coords points="1909,4019 2887,4032 2867,3983 1909,3988"/>
                <Baseline points="1916,4012 1964,4015 2013,4015 2061,4015 2110,4015 2159,4015 2207,4015 2256,4015 2305,4015 2353,4015 2402,4015 2451,4015 2499,4015 2548,4012 2597,4014 2645,4013 2694,4015 2743,4015 2791,4015 2840,4015 2889,4018"/>
                <Word id="tr_4_tl_72_w1" custom="readingOrder {index:0;}">
                    <Coords points="1903,3973 1903,4033 1987,4033 1987,3973"/>
                    <TextEquiv>
                        <Unicode>meine</Unicode>
                    </TextEquiv>
                </Word>
                <Word id="tr_4_tl_72_w2" custom="readingOrder {index:1;}">
                    <Coords points="2016,3975 2016,4035 2150,4035 2150,3975"/>
                    <TextEquiv>
                        <Unicode>Verehrer</Unicode>
                    </TextEquiv>
                </Word>
                <Word id="tr_4_tl_72_w3" custom="readingOrder {index:2;}">
                    <Coords points="2182,3975 2182,4035 2230,4035 2230,3975"/>
                    <TextEquiv>
                        <Unicode>und</Unicode>
                    </TextEquiv>
                </Word>
                <Word id="tr_4_tl_72_w4" custom="readingOrder {index:3;}">
                    <Coords points="2259,3975 2259,4035 2502,4035 2502,3975"/>
                    <TextEquiv>
                        <Unicode>Verehrerinnen.</Unicode>
                    </TextEquiv>
                </Word>
                <Word id="tr_4_tl_72_w5" custom="readingOrder {index:4;}">
                    <Coords points="2539,3973 2539,4033 2612,4033 2612,3973"/>
                    <TextEquiv>
                        <Unicode>Aber</Unicode>
                    </TextEquiv>
                </Word>
                <Word id="tr_4_tl_72_w6" custom="readingOrder {index:5;}">
                    <Coords points="2640,3974 2640,4034 2717,4034 2717,3974"/>
                    <TextEquiv>
                        <Unicode>beide</Unicode>
                    </TextEquiv>
                </Word>
                <Word id="tr_4_tl_72_w7" custom="readingOrder {index:6;}">
                    <Coords points="2746,3975 2746,4035 2810,4035 2810,3975"/>
                    <TextEquiv>
                        <Unicode>habe</Unicode>
                    </TextEquiv>
                </Word>
                <Word id="tr_4_tl_72_w8" custom="readingOrder {index:7;}">
                    <Coords points="2839,3975 2839,4035 2871,4035 2871,3975"/>
                    <TextEquiv>
                        <Unicode>ich</Unicode>
                    </TextEquiv>
                </Word>
                <TextEquiv>
                    <Unicode>meine Verehrer und Verehrerinnen. Aber beide habe ich</Unicode>
                </TextEquiv>
            </TextLine>
            <TextLine id="tr_4_tl_73" custom="readingOrder {index:72;}">
                <Coords points="1906,4064 2522,4062 2522,4016 1906,4021"/>
                <Baseline points="1913,4051 1943,4051 1974,4049 2004,4048 2035,4048 2066,4048 2096,4048 2127,4048 2157,4050 2188,4050 2219,4048 2249,4048 2280,4050 2310,4051 2341,4051 2372,4051 2402,4050 2433,4048 2463,4048 2494,4047 2525,4045"/>
                <Word id="tr_4_tl_73_w1" custom="readingOrder {index:0;}">
                    <Coords points="1904,4010 1904,4070 1988,4070 1988,4010"/>
                    <TextEquiv>
                        <Unicode>leider</Unicode>
                    </TextEquiv>
                </Word>
                <Word id="tr_4_tl_73_w2" custom="readingOrder {index:1;}">
                    <Coords points="2013,4008 2013,4068 2166,4068 2166,4008"/>
                    <TextEquiv>
                        <Unicode>unterwegs</Unicode>
                    </TextEquiv>
                </Word>
                <Word id="tr_4_tl_73_w3" custom="readingOrder {index:2;}">
                    <Coords points="2195,4010 2195,4070 2369,4070 2369,4010"/>
                    <TextEquiv>
                        <Unicode>zurücklassen</Unicode>
                    </TextEquiv>
                </Word>
                <Word id="tr_4_tl_73_w4" custom="readingOrder {index:3;}">
                    <Coords points="2402,4008 2402,4068 2515,4068 2515,4008"/>
                    <TextEquiv>
                        <Unicode>müssen!</Unicode>
                    </TextEquiv>
                </Word>
                <TextEquiv>
                    <Unicode>leider unterwegs zurücklassen müssen!</Unicode>
                </TextEquiv>
            </TextLine>
            <TextLine id="tr_4_tl_74" custom="readingOrder {index:73;}">
                <Coords points="1975,4093 2307,4091 2307,4056 2295,4052 2216,4054 2199,4068 2107,4054 1975,4057"/>
                <Baseline points="1982,4084 2007,4084 2032,4084 2057,4083 2082,4081 2108,4082 2133,4084 2158,4082 2183,4081 2209,4083 2234,4083 2259,4081 2284,4080 2310,4078"/>
                <Word id="tr_4_tl_74_w1" custom="readingOrder {index:0;}">
                    <Coords points="1972,4044 1972,4104 2052,4104 2052,4044"/>
                    <TextEquiv>
                        <Unicode>„Ach,</Unicode>
                    </TextEquiv>
                </Word>
                <Word id="tr_4_tl_74_w2" custom="readingOrder {index:1;}">
                    <Coords points="2072,4042 2072,4102 2168,4102 2168,4042"/>
                    <TextEquiv>
                        <Unicode>warum</Unicode>
                    </TextEquiv>
                </Word>
                <Word id="tr_4_tl_74_w3" custom="readingOrder {index:2;}">
                    <Coords points="2208,4041 2208,4101 2300,4101 2300,4041"/>
                    <TextEquiv>
                        <Unicode>denn?</Unicode>
                    </TextEquiv>
                </Word>
                <TextEquiv>
                    <Unicode>„Ach, warum denn?</Unicode>
                </TextEquiv>
            </TextLine>
            <TextLine id="tr_4_tl_75" custom="readingOrder {index:74;}">
                <Coords points="1975,4129 2863,4117 2856,4079 2701,4074 1975,4093"/>
                <Baseline points="1982,4114 2026,4114 2070,4116 2114,4116 2158,4114 2203,4116 2247,4116 2291,4114 2335,4114 2379,4111 2424,4114 2468,4114 2512,4114 2556,4114 2600,4114 2645,4114 2689,4114 2733,4114 2777,4114 2821,4114 2866,4111"/>
                <Word id="tr_4_tl_75_w1" custom="readingOrder {index:0;}">
                    <Coords points="1973,4074 1973,4134 2067,4134 2067,4074"/>
                    <TextEquiv>
                        <Unicode>„Nun,</Unicode>
                    </TextEquiv>
                </Word>
                <Word id="tr_4_tl_75_w2" custom="readingOrder {index:1;}">
                    <Coords points="2084,4076 2084,4136 2127,4136 2127,4076"/>
                    <TextEquiv>
                        <Unicode>der</Unicode>
                    </TextEquiv>
                </Word>
                <Word id="tr_4_tl_75_w3" custom="readingOrder {index:2;}">
                    <Coords points="2154,4075 2154,4135 2213,4135 2213,4075"/>
                    <TextEquiv>
                        <Unicode>eine</Unicode>
                    </TextEquiv>
                </Word>
                <Word id="tr_4_tl_75_w4" custom="readingOrder {index:3;}">
                    <Coords points="2240,4074 2240,4134 2308,4134 2308,4074"/>
                    <TextEquiv>
                        <Unicode>liegt</Unicode>
                    </TextEquiv>
                </Word>
                <Word id="tr_4_tl_75_w5" custom="readingOrder {index:4;}">
                    <Coords points="2330,4073 2330,4133 2351,4133 2351,4073"/>
                    <TextEquiv>
                        <Unicode>im</Unicode>
                    </TextEquiv>
                </Word>
                <Word id="tr_4_tl_75_w6" custom="readingOrder {index:5;}">
                    <Coords points="2390,4074 2390,4134 2489,4134 2489,4074"/>
                    <TextEquiv>
                        <Unicode>Spital</Unicode>
                    </TextEquiv>
                </Word>
                <Word id="tr_4_tl_75_w7" custom="readingOrder {index:6;}">
                    <Coords points="2511,4074 2511,4134 2562,4134 2562,4074"/>
                    <TextEquiv>
                        <Unicode>mit</Unicode>
                    </TextEquiv>
                </Word>
                <Word id="tr_4_tl_75_w8" custom="readingOrder {index:7;}">
                    <Coords points="2584,4074 2584,4134 2657,4134 2657,4074"/>
                    <TextEquiv>
                        <Unicode>einem</Unicode>
                    </TextEquiv>
                </Word>
                <Word id="tr_4_tl_75_w9" custom="readingOrder {index:8;}">
                    <Coords points="2696,4074 2696,4134 2850,4134 2850,4074"/>
                    <TextEquiv>
                        <Unicode>Schreib</Unicode>
                    </TextEquiv>
                </Word>
                <TextEquiv>
                    <Unicode>„Nun, der eine liegt im Spital mit einem Schreib</Unicode>
                </TextEquiv>
            </TextLine>
            <TextLine id="tr_4_tl_76" custom="readingOrder {index:75;}">
                <Coords points="1897,4162 2875,4158 2857,4118 1897,4116"/>
                <Baseline points="1904,4152 1952,4152 2001,4152 2050,4154 2098,4153 2147,4152 2196,4152 2244,4152 2293,4149 2342,4149 2391,4149 2439,4149 2488,4149 2537,4149 2585,4150 2634,4154 2683,4155 2731,4153 2780,4152 2829,4149 2878,4143"/>
                <Word id="tr_4_tl_76_w1" custom="readingOrder {index:0;}">
                    <Coords points="1900,4112 1900,4172 2081,4172 2081,4112"/>
                    <TextEquiv>
                        <Unicode>krampf,</Unicode>
                    </TextEquiv>
                </Word>
                <Word id="tr_4_tl_76_w2" custom="readingOrder {index:1;}">
                    <Coords points="2104,4112 2104,4172 2154,4172 2154,4112"/>
                    <TextEquiv>
                        <Unicode>und</Unicode>
                    </TextEquiv>
                </Word>
                <Word id="tr_4_tl_76_w3" custom="readingOrder {index:2;}">
                    <Coords points="2181,4112 2181,4172 2226,4172 2226,4112"/>
                    <TextEquiv>
                        <Unicode>der</Unicode>
                    </TextEquiv>
                </Word>
                <Word id="tr_4_tl_76_w4" custom="readingOrder {index:3;}">
                    <Coords points="2249,4109 2249,4169 2349,4169 2349,4109"/>
                    <TextEquiv>
                        <Unicode>andere</Unicode>
                    </TextEquiv>
                </Word>
                <Word id="tr_4_tl_76_w5" custom="readingOrder {index:4;}">
                    <Coords points="2372,4109 2372,4169 2403,4169 2403,4109"/>
                    <TextEquiv>
                        <Unicode>ist</Unicode>
                    </TextEquiv>
                </Word>
                <Word id="tr_4_tl_76_w6" custom="readingOrder {index:5;}">
                    <Coords points="2426,4109 2426,4169 2671,4169 2671,4109"/>
                    <TextEquiv>
                        <Unicode>kahlköpfig</Unicode>
                    </TextEquiv>
                </Word>
                <Word id="tr_4_tl_76_w7" custom="readingOrder {index:6;}">
                    <Coords points="2694,4111 2694,4171 2875,4171 2875,4111"/>
                    <TextEquiv>
                        <Unicode>geworden!“</Unicode>
                    </TextEquiv>
                </Word>
                <TextEquiv>
                    <Unicode>krampf, und der andere ist kahlköpfig geworden!“</Unicode>
                </TextEquiv>
            </TextLine>
            <TextEquiv>
                <Unicode></Unicode>
            </TextEquiv>
        </TextRegion>
    </Page>
</PcGts>
