3248 4384
216 312 293 372 2.
343 324 938 384 Schnitzler's
1008 333 1240 393 Death

627 1767 929 1827 Ausschnitt
966 1773 1032 1833 aus

710 1970 1015 2030 Fränkischer
1050 1972 1201 2032 Kurier
1236 1975 1464 2035 Nürnberg

616 2058 708 2118 Nr.
741 2066 990 2126 2..vom.

1164 2080 1540 2140 193/

812 2223 978 2283 Artur
1014 2229 1303 2289 Schnitzler.

589 2280 710 2340 Artur
738 2283 933 2343 Schnitzler,
955 2286 1007 2346 der
1035 2286 1103 2346 jetzt
1130 2286 1156 2346 im
1204 2286 1252 2346 70.
1279 2289 1474 2349 Lebensjahr
1506 2291 1553 2351 ge¬

546 2322 661 2382 storben
702 2323 751 2383 ist,
772 2323 842 2383 war
868 2324 927 2384 føst
953 2322 983 2382 10
1013 2326 1124 2386 Jahre
1149 2328 1224 2388 lang
1260 2329 1310 2389 der
1340 2331 1471 2391 Führer
1501 2331 1551 2391 der

550 2362 796 2422 österreichischen
833 2364 1075 2424 Dichterschl,
1091 2367 1142 2427 der
1164 2367 1334 2427 Vertreter
1360 2371 1406 2431 des
1432 2370 1555 2430 Oester¬

545 2404 747 2464 reichertums
774 2403 800 2463 in
833 2405 885 2465 der
907 2403 1066 2463 Dichtung
1104 2405 1178 2465 üiber
1205 2406 1258 2466 das
1290 2407 1317 2467 er
1344 2409 1433 2469 gleich
1461 2411 1550 2471 Hugo

547 2439 601 2499 von
641 2442 921 2502 Hoffmannsthal
951 2444 1015 2504 mit
1045 2445 1123 2505 aller
1158 2447 1271 2507 Macht
1306 2450 1561 2510 hinausstrebte,

550 2480 583 2540 um
622 2481 650 2541 zu
679 2481 760 2541 einer
784 2483 942 2543 Dichtung
967 2484 1081 2544 großen
1111 2485 1196 2545 Stils
1221 2488 1249 2548 zu
1278 2489 1450 2549 gelangen.
1470 2489 1546 2549 Sein

548 2521 661 2581 ganzes
689 2521 896 2581 Lebenswerk
924 2524 1001 2584 blieb
1033 2525 1105 2585 aber
1133 2525 1186 2585 von
1219 2527 1304 2587 einer
1332 2528 1540 2588 traumvollen

549 2561 716 2621 Weichheit
740 2561 802 2621 und
831 2563 917 2623 einer
941 2564 1156 2624 eigenartigen
1195 2567 1366 2627 weiblichen
1396 2570 1548 2630 Zartheit

544 2601 810 2661 charakterisiert,
829 2602 1090 2662 Eigenschaften,
1114 2605 1155 2665 die
1188 2605 1239 2665 der
1272 2608 1462 2668 Gestaltung
1500 2608 1546 2668 der

548 2638 660 2698 großen
695 2639 852 2699 Tragödie
877 2641 985 2701 abhold
1015 2644 1093 2704 sind.
1118 2644 1167 2704 Er
1192 2645 1226 2705 ist
1246 2644 1329 2704 nicht
1349 2645 1403 2705 der
1428 2647 1550 2707 Dichter

544 2678 596 2738 des
626 2680 764 2740 Willens
799 2680 860 2740 und
895 2680 942 2740 der
976 2683 1053 2743 Tat,
1077 2684 1206 2744 sondern
1245 2686 1297 2746 der
1332 2688 1547 2748 Betrachtung

544 2717 606 2777 und
654 2718 707 2778 der
751 2721 971 2781 Stimmung.
1010 2722 1062 2782 So
1111 2725 1221 2785 schafft
1265 2726 1298 2786 er
1347 2728 1414 2788 auch
1467 2728 1548 2788 nicht

544 2758 702 2818 Menschen
740 2758 796 2818 aus
834 2759 931 2819 seiner
964 2761 1080 2821 Seele,
1104 2764 1234 2824 sondern
1272 2765 1304 2825 er
1337 2767 1472 2827 zeichnet
1500 2768 1546 2828 die

542 2797 644 2857 Natur
668 2797 723 2857 wie
747 2799 803 2859 mit
827 2800 911 2860 einem
949 2802 1041 2862 feinen
1075 2805 1313 2865 Silberstreifen
1347 2806 1430 2866 nach.
1450 2806 1547 2866 Seine

541 2836 703 2896 Menschen
733 2839 866 2899 sprechen
896 2841 994 2901 nicht,
1009 2841 1063 2901 wie
1088 2842 1117 2902 er
1142 2844 1176 2904 sie
1201 2844 1245 2904 als
1271 2844 1423 2904 Schöpfer
1453 2846 1541 2906 haben

540 2877 620 2937 will,
645 2877 779 2937 sondern
817 2880 856 2940 sie
890 2883 1023 2943 handeln
1062 2883 1124 2943 und
1163 2884 1297 2944 sprechen
1336 2886 1541 2946 vollkommen

537 2916 592 2976 aus
616 2918 704 2978 ihrer
728 2917 849 2977 eigenen
882 2922 1115 2982 Lebenssphäre
1138 2925 1273 2985 heraus.
1307 2925 1376 2985 Wie
1400 2925 1446 2985 bei
1465 2927 1534 2987 allen

536 2957 718 3017 derartigen
746 2961 890 3021 Naturen
923 2961 970 3021 der
993 2961 1249 3021 psychologischen
1283 2967 1538 3027 Betrachtungen

533 2997 595 3057 und
624 2997 671 3057 der
701 3000 1123 3060 melancholisch=skeptischen
1157 3003 1364 3063 Resignation
1398 3006 1450 3066 hat
1475 3008 1541 3068 auch

533 3035 705 3095 Schnitzler
730 3038 783 3098 das
812 3038 903 3098 Leben
937 3038 980 3098 als
1004 3041 1115 3101 Schein
1144 3042 1206 3102 und
1231 3044 1278 3104 als
1303 3044 1423 3104 schönen
1457 3045 1543 3105 Trug

533 3076 714 3136 aufgefaßt.
749 3077 896 3137 Obwohl
916 3079 945 3139 er
975 3080 999 3140 in
1029 3081 1072 3141 die
1097 3083 1170 3143 Zeit
1191 3083 1244 3143 der
1270 3084 1534 3144 naturalistischen

530 3116 821 3176 Weltbetrachtung
863 3120 985 3180 gestellt
1018 3121 1127 3181 wurde
1168 3122 1231 3182 und
1273 3125 1354 3185 seine
1391 3125 1532 3185 Dramen

532 3155 657 3215 vielfach
700 3156 755 3216 den
802 3158 941 3218 äußeren
988 3161 1136 3221 Anschein
1184 3162 1234 3222 des
1281 3164 1536 3224 Naturalismus

533 3197 649 3257 haben,
668 3197 751 3257 wäre
775 3197 808 3257 es
836 3199 896 3259 doch
925 3200 1088 3260 verkehrt,
1103 3203 1149 3263 ihn
1182 3203 1228 3263 als
1257 3203 1341 3263 einen
1374 3206 1541 3266 Vertreter

532 3236 624 3296 dieser
653 3239 891 3299 Dichtungsart
915 3241 1106 3301 anzusehen.
1126 3242 1172 3302 Er
1196 3243 1232 3303 ist
1256 3243 1298 3303 ein
1331 3245 1541 3305 Romanriker

533 3274 556 3334 im
612 3278 877 3338 naturalistischen
924 3280 1106 3340 Gewande.
1144 3283 1190 3343 In
1232 3283 1534 3343 unübertrefilicher

535 3315 630 3375 Weise
660 3316 712 3376 hat
741 3316 769 3376 er
804 3318 856 3378 von
890 3320 937 3380 sich
971 3322 994 3382 in
1028 3322 1115 3382 einer
1144 3325 1302 3385 Dichtung
1336 3325 1378 3385 ein
1417 3325 1541 3385 Selbst¬

533 3357 657 3417 bildnis
687 3358 850 3418 gegeben:

610 3405 679 3465 Mit
700 3409 967 3469 Menschenseelen
997 3411 1088 3471 spiele
1114 3412 1169 3472 ich.
1199 3414 1259 3474 Ein
1295 3412 1380 3472 Sinn

605 3445 681 3505 wird
714 3445 773 3505 nur
800 3447 855 3507 von
887 3446 937 3506 dem
979 3451 1156 3511 gefunden,
1174 3452 1224 3512 der
1252 3454 1302 3514 ihn
1334 3457 1429 3517 sucht.

605 3483 651 3543 Es
679 3483 791 3543 fließen
819 3486 1015 3546 ineinander
1044 3489 1150 3549 Traum
1198 3492 1258 3552 und
1291 3495 1412 3555 Wachen

602 3524 778 3584 Wahrheit
803 3528 864 3588 und
890 3528 990 3588 Lüge.
1026 3531 1212 3591 Sicherheit
1239 3533 1273 3593 ist
1294 3534 1465 3594 nirgends.

609 3567 674 3627 Wir
702 3567 799 3627 wissen
828 3569 925 3629 nichts
954 3570 1005 3630 von
1038 3570 1196 3630 anderen,
1216 3573 1308 3633 nichts
1337 3575 1392 3635 von
1425 3576 1499 3636 uns.

606 3603 671 3663 Wir
701 3606 812 3666 spielen
843 3609 975 3669 immer,
995 3609 1056 3669 wer
1087 3609 1111 3669 es
1143 3614 1238 3674 weiß,
1259 3615 1294 3675 ist
1320 3617 1400 3677 klug.

588 3655 654 3715 Das
688 3655 782 3715 Leben
815 3655 865 3715 als
899 3657 999 3717 Spiel
1027 3660 1065 3720 ist
1088 3660 1143 3720 das
1177 3663 1370 3723 Leitmotiv,
1393 3666 1449 3726 das
1477 3668 1537 3728 fast

530 3695 614 3755 durch
645 3695 700 3755 alle
726 3697 921 3757 Dichtungen
952 3698 1143 3758 Schnitzlers
1169 3702 1445 3762 hindurchklingt.
1475 3707 1520 3767 In

527 3735 579 3795 dem
627 3737 948 3797 Renaissancedrama
983 3740 1145 3800 „Schleier
1174 3740 1231 3800 der
1261 3743 1428 3803 Beatrice“
1467 3743 1528 3803 war

527 3774 581 3834 der
606 3776 767 3836 Vorwurf
792 3777 841 3837 für
871 3779 934 3839 eine
959 3780 1057 3840 große
1087 3783 1249 3843 Tragödie
1274 3785 1425 3845 gegeben.
1446 3782 1528 3842 Aber

527 3821 599 3881 auch
630 3820 697 3880 hier
733 3821 815 3881 hatte
847 3822 877 3882 er
909 3824 939 3884 es
976 3824 1053 3884 nicht
1085 3826 1162 3886 über
1193 3827 1260 3887 eine
1297 3827 1528 3887 Stimmungs¬

1464 336 1583 396 box
1667 343 1845 403 43/7

1949 607 2125 667 USSCHNTT
2142 614 2230 674 VOM:

2322 697 2338 757 2
2374 700 2424 760 6.
2451 704 2544 764 OKI.
2571 717 2681 777 1931

2028 796 2122 856 Die
2175 804 2496 864 Weltstadt,
2532 813 2705 873 Berlin

2088 1801 2267 1861 Arthur
2305 1805 2553 1865 Schnitzler

1963 1866 2092 1926 Wenige
2116 1868 2245 1928 Monate
2279 1868 2336 1928 vor
2365 1871 2570 1931 Vollendung
2600 1874 2704 1934 seines

1957 1907 2006 1967 70.
2034 1907 2278 1967 Lebensjahres
2320 1910 2405 1970 starb
2451 1909 2478 1969 in
2524 1910 2609 1970 Wien
2651 1913 2705 1973 der

1959 1948 2167 2008 Dramatiker
2204 1945 2263 2005 und
2304 1948 2545 2008 Schriftsteller
2582 1953 2704 2013 Arthur

2182 1987 2482 2047 Schnitzler.

1613 2205 1813 2265 erscheinung
1845 2211 2127 2271 hinausgebracht.
2169 2214 2230 2274 Als
2262 2218 2385 2278 Dichter
2416 2220 2467 2280 der
2494 2223 2617 2283 psycho¬

1617 2246 1759 2306 logischen
1804 2247 1970 2307 Reflexion
2020 2253 2073 2313 hat
2113 2253 2142 2313 er
2186 2257 2363 2317 allerdings
2402 2259 2461 2319 auf
2501 2262 2598 2322 seinem

1615 2284 1857 2344 Sondergebiet
1887 2288 2018 2348 Großes
2054 2293 2241 2353 geschaffen.
2287 2296 2332 2356 Er
2368 2298 2423 2358 hat
2454 2298 2479 2358 in
2525 2301 2620 2361 seiner

1619 2325 1804 2385 „Liebelei",
1830 2328 1932 2388 seinem
1985 2331 2077 2391 ersten
2118 2334 2329 2394 Welterfolg,
2355 2340 2406 2400 bei
2438 2340 2514 2400 aller
2551 2341 2617 2401 Be¬

1614 2367 1781 2427 grenzheit
1806 2367 1854 2427 des
1884 2370 2061 2430 Vorwurfs
2091 2372 2159 2432 eine
2184 2375 2345 2435 Tragödie
2376 2378 2488 2438 großen
2528 2381 2616 2441 Stils

1616 2402 1768 2462 gestaltet.
1808 2408 1871 2468 Die
1911 2408 2023 2468 Heldin
2068 2411 2161 2471 dieses
2201 2414 2347 2474 Dramas
2388 2417 2446 2477 hat
2481 2420 2613 2480 zugleich

1612 2443 1740 2503 typische
1766 2446 2007 2506 Schnitzlersche
2032 2453 2308 2513 Charokterzüge,
2328 2456 2407 2516 denn
2442 2459 2615 2519 Schnitzler

1614 2483 1648 2543 ist
1669 2483 1718 2543 der
1744 2485 1894 2545 Schöpfer
1920 2488 1970 2548 des
2006 2492 2126 2552 „Süßen
2156 2495 2327 2555 Mädels".
2342 2498 2422 2558 Auch
2453 2498 2477 2558 in
2508 2501 2603 2561 seinen

1612 2525 1865 2585 Einakterzyklen
1899 2527 1955 2587 wie
1985 2531 2142 2591 „Anatol"
2171 2534 2204 2594 u.
2224 2534 2256 2594 a.
2276 2536 2381 2596 taucht
2405 2539 2433 2599 es
2463 2538 2519 2598 auf
2544 2541 2605 2601 und

1614 2565 1704 2625 spielt
1724 2566 1784 2626 eine
1810 2567 2037 2627 liebenswerte
2062 2573 2168 2633 Rolle.
2204 2574 2274 2634 Mit
2300 2576 2350 2636 dem
2391 2579 2526 2639 Geistes=
2552 2579 2612 2639 und

1609 2602 1836 2662 Gefühlsleben
1881 2605 1934 2665 der
1969 2611 2171 2671 Gegenwart
2211 2614 2280 2674 war
2315 2617 2492 2677 Schnitzler
2532 2620 2616 2680 nicht

1606 2641 1698 2701 innig
1727 2644 1928 2704 verbunden.
1970 2648 2025 2708 Als
2054 2650 2208 2710 Novellist
2232 2653 2287 2713 hat
2311 2653 2339 2713 er
2367 2657 2614 2717 Hervorragen¬

1608 2683 1657 2743 des
1682 2683 1833 2743 geleistet,
1849 2686 1922 2746 denn
1952 2686 2006 2746 sein
2031 2689 2129 2749 Wesen
2159 2692 2217 2752 und
2243 2695 2454 2755 Formgefühl
2479 2698 2512 2758 ist
2528 2699 2611 2759 meyr

1609 2724 1658 2784 für
1689 2722 1734 2782 die
1760 2725 1891 2785 Novelle
1916 2726 1962 2786 als
1993 2727 2042 2787 für
2073 2729 2123 2789 das
2154 2731 2275 2791 Drama
2306 2737 2492 2797 geschaffen.
2533 2740 2613 2800 Hier

1609 2762 1680 2822 kann
1714 2761 1742 2821 er
1771 2766 1905 2826 einfache
1929 2767 2106 2827 Erlebnisse
2135 2770 2197 2830 mit
2221 2773 2331 2833 reichen
2370 2777 2603 2837 Stimmungen

1604 2803 1667 2863 und
1702 2803 1790 2863 einer
1820 2806 1913 2866 Fülle
1947 2806 2001 2866 von
2041 2812 2295 2872 psychologischen
2335 2817 2599 2877 Beobachtungen

1604 2841 1795 2901 ausstatten.
1835 2844 1879 2904 In
1934 2845 1982 2905 der
2027 2848 2159 2908 Noyelle
2204 2853 2391 2913 „Sterben“
2435 2856 2528 2916 sowie
2573 2859 2602 2919 in

1610 2881 1791 2941 „Leutnant
1816 2883 1932 2943 Gustl“
1968 2886 2022 2946 und
2059 2889 2083 2949 in
2124 2892 2295 2952 „Fräulein
2332 2890 2427 2950 Else“
2457 2895 2543 2955 hatte
2574 2895 2608 2955 er

1605 2922 1708 2982 wahre
1738 2923 1851 2983 Perlen
1891 2925 1944 2985 der
1975 2928 2156 2988 Novellistik
2186 2934 2373 2994 geschaffen,
2398 2937 2476 2997 ohne
2506 2937 2604 2997 jedoch

1597 2961 1634 3021 an
1673 2961 1721 3021 die
1748 2963 1862 3023 großen
1900 2967 1964 3027 und
1992 2970 2197 3030 wesentlichen
2236 2970 2322 3030 Ziele
2355 2974 2408 3034 der
2437 2976 2512 3036 Zeit
2539 2978 2625 3038 und¬

1602 3003 1652 3063 des
1688 3003 1809 3063 Lebens
1846 3009 1875 3069 zu
1917 3010 2033 3070 rühren

2235 3019 2572 3079 Karl-Anders./
