3436 4384
179 363 304 423 12.
365 366 948 426 Schnitzler's
1019 366 1251 426 Death

797 1306 1211 1366 „OBSERVEN

681 1366 876 1426 Sien,
892 1375 954 1435 I.,
970 1375 1190 1435 Wollzeile
1214 1382 1354 1442 Nr.11

817 1430 967 1490 Tolafon
996 1435 1242 1495 R-23-0-43

865 1589 1027 1649 Rerliner
1043 1602 1314 1662 Bärsen-Cerrie

1368 1635 1456 1695 Cerli

749 1709 847 1769 27.
867 1699 1014 1759 NOV.
1045 1689 1152 1749 1932

690 1775 748 1835 Ein
779 1772 931 1832 Denkmal
955 1769 1002 1829 für
1026 1767 1143 1827 Arthur
1167 1764 1343 1824 Schnitzler
1367 1760 1437 1820 wird
1468 1760 1490 1820 in

639 1818 722 1878 Wien
752 1814 903 1874 errichtet
932 1810 1005 1870 nach
1030 1808 1078 1868 dem
1118 1805 1264 1865 Entwürf
1284 1804 1332 1864 von
1362 1801 1499 1861 Alexan¬

640 1863 689 1923 der
717 1859 812 1919 Jaray
854 1855 876 1915 im
917 1850 1262 1910 Türkenschanzpark,
1281 1847 1303 1907 in
1335 1844 1385 1904 der
1413 1841 1498 1901 Nähe

640 1899 691 1959 von
738 1897 934 1957 Schnitzlers
991 1894 1214 1954 langjährigem
1271 1886 1434 1946 Wohnsitz
1471 1889 1541 1949 in,

646 1941 969 2001 Währing-Cottage.

804 2405 1217 2465 „OBSERVEN

737 2466 883 2526 Wien,
904 2471 964 2531 1,
978 2476 1293 2536 ollzeileNr
1320 2481 1366 2541 11

824 2528 984 2588 Talefe
1011 2528 1026 2588 R

861 2841 961 2901 28.
985 2852 1086 2912 NOV
1144 2871 1267 2931 1932

512 2971 564 3031 Ein
598 2973 803 3033 Denkmal
824 2976 876 3036 für
903 2976 1009 3036 Arthur
1036 2979 1255 3039 Schnitzler
1283 2982 1355 3042 wird
1382 2985 1408 3045 in
1435 2986 1514 3046 Wien
1555 2991 1601 3051 er¬

450 3014 565 3074 richtet,
581 3012 646 3072 nach
666 3012 716 3072 dem
752 3013 893 3073 Entwurf
913 3013 958 3073 von
989 3017 1150 3077 Alexauder
1176 3021 1292 3081 Jaray,
1302 3023 1327 3083 im
1363 3026 1599 3086 Türkenschanz¬

451 3050 533 3110 park,
560 3050 585 3110 in
622 3050 667 3110 der
704 3050 781 3110 Nähe
833 3053 884 3113 von
916 3055 1091 3115 Schnitzlers
1143 3061 1344 3121 längjährigem
1391 3066 1535 3126 Wohnsitz
1562 3069 1587 3129 in

459 3089 763 3149 Währing=Cottage.

1475 360 1597 420 box
1676 363 1852 423 44/3

2556 345 2596 405 R

2173 503 2875 563 „OBSERVER

2250 560 2278 620 1.
2298 558 2416 618 österr.
2433 557 2583 617 behördl.
2604 551 2892 611 konzessioniertes

2228 608 2457 668 Unternehmen
2487 605 2532 665 für
2558 602 2925 662 Zeitungs-Ausschnitte

2292 667 2433 727 WIEN,
2452 669 2496 729 I.,
2521 666 2781 726 WOLLZEILE
2818 664 2855 724 11

2365 720 2574 780 TELEPHON
2615 716 2790 776 R-23-0-43

2175 855 2389 915 Ausschnitt
2420 852 2481 912 aus
2502 852 2512 912 :

2610 885 2846 945 Telkszgituns

2872 896 2990 956 Mlen.

2592 945 2628 1005 1.
2658 942 2782 1002 CUNI
2812 944 2907 1004 ISS0

2182 1080 2295 1140 vom:

2475 1187 2740 1247 Petrucci:

2216 1264 2515 1324 Denkmäler
2565 1265 2661 1325 und
2720 1265 3000 1325 Bildnisse.

2179 1315 2344 1375 Entwürfe
2372 1316 2432 1376 und
2466 1316 2576 1376 Büsten
2616 1318 2643 1378 in
2676 1318 2725 1378 der
2754 1318 2858 1378 Neuen
2892 1318 3035 1378 Galerie.

2257 1369 2301 1429 Es
2332 1370 2413 1430 gibt,
2454 1369 2626 1429 innerhalb
2662 1369 2712 1429 des
2743 1371 3026 1431 letztvergangenen

2178 1414 2390 1474 Jahrzehnts,
2406 1412 2478 1472 kaum
2520 1414 2561 1474 ein
2592 1414 2763 1474 Ereignis,
2779 1414 2831 1474 das
2857 1414 2882 1474 in
2909 1414 3033 1474 irgend¬

2178 1457 2238 1517 eine
2260 1456 2439 1516 Beziehung
2472 1456 2521 1516 zur
2549 1458 2847 1518 bildkünstlerischen
2881 1456 2962 1516 Welt
2984 1457 3032 1517 ge¬

2175 1498 2254 1558 stellt
2294 1500 2413 1560 werden
2463 1500 2595 1560 könnte,
2636 1501 2665 1561 zu
2696 1500 2744 1560 dem
2789 1500 2868 1560 nicht
2894 1500 2957 1560 auch
2988 1499 3036 1559 der

2180 1544 2350 1604 Bildhauer
2377 1543 2485 1603 Mario
2517 1544 2666 1604 Petrucci
2687 1545 2754 1605 eine
2781 1545 2956 1605 Beziehung
2988 1544 3034 1604 ge¬

2181 1587 2255 1647 sucht
2281 1587 2361 1647 und,
2403 1588 2538 1648 zumeist
2584 1587 2614 1647 in
2670 1587 2755 1647 einer
2786 1587 3028 1647 entscheidenden

2175 1633 2291 1693 Form,
2313 1632 2466 1692 gefunden
2498 1632 2598 1692 hätte.
2621 1631 2731 1691 Dieser
2759 1632 2842 1692 rege,
2864 1629 3038 1689 phantasie¬

2170 1674 2294 1734 erfüllte
2321 1674 2414 1734 Geist
2461 1676 2533 1736 geht
2565 1674 2590 1734 in
2628 1674 2726 1734 vielem
2795 1674 2877 1734 seine
2909 1673 3028 1733 eigenen

2181 1718 2281 1778 Wege,
2297 1718 2352 1778 vor
2373 1718 2448 1778 allem
2489 1718 2570 1778 schon
2601 1718 2626 1778 im
2667 1716 2758 1776 ersten
2789 1715 2955 1775 Ausbauen
2986 1716 3036 1776 der

2181 1764 2270 1824 Idee,
2303 1760 2361 1820 und
2399 1760 2478 1820 seine
2510 1760 2680 1820 Kühnheit
2712 1760 2802 1820 kennt
2834 1760 2972 1820 Grenzen
3015 1758 3041 1818 so

2180 1805 2299 1865 wenig,
2315 1805 2365 1865 daß
2390 1805 2420 1865 er
2441 1805 2485 1865 sich
2511 1805 2696 1865 wiederholt
2717 1802 2766 1862 den
2802 1802 2957 1862 durchaus
2983 1801 3037 1861 un¬

2180 1850 2376 1910 berechtigten
2413 1847 2579 1907 Vorwurf
2600 1847 2729 1907 gefallen
2755 1847 2843 1907 lassen
2874 1847 2993 1907 mußte,
3014 1846 3040 1906 er

2184 1891 2216 1951 sei
2244 1891 2271 1951 zu
2305 1891 2371 1951 sehr
2399 1892 2587 1952 literarisch.
2610 1889 2686 1949 Was
2715 1889 2847 1949 nämlich
2881 1892 2952 1952 über
2986 1889 3035 1949 das

2183 1933 2333 1993 Moment
2355 1933 2406 1993 des
2433 1933 2495 1993 rein
2526 1933 2714 1993 Plastischen
2751 1933 2959 1993 hinausgeht,
2980 1932 3042 1992 was

2179 1980 2224 2040 sich
2256 1978 2281 2038 in
2318 1976 2359 2036 ein
2396 1975 2591 2035 erweitertes
2623 1975 2710 2035 Reich
2742 1975 2793 2035 der
2819 1976 3041 2036 Empfindung

2175 2021 2365 2081 eingliedern
2403 2020 2487 2080 will,
2514 2020 2592 2080 wird
2631 2021 2688 2081 nur
2726 2022 2752 2082 zu
2789 2020 2837 2080 oft
2864 2020 2964 2080 damit
2991 2017 3043 2077 ab¬

2184 2065 2284 2125 getan,
2327 2065 2385 2125 daß
2417 2065 2490 2125 man
2523 2064 2549 2124 es
2581 2062 2633 2122 als
2666 2062 2850 2122 überhaupt
2894 2062 2978 2122 nicht
3005 2059 3031 2119 im

2181 2110 2271 2170 Reich
2295 2107 2345 2167 des
2368 2107 2554 2167 Plastischen
2583 2107 2678 2167 seiend
2707 2107 2871 2167 betrachten
2900 2106 2984 2166 will.
3001 2104 3040 2164 Es

2185 2152 2239 2212 soll
2283 2152 2347 2212 hier
2396 2152 2482 2212 nicht
2526 2149 2747 2209 verschwiegen
2801 2149 2941 2209 werden,
2985 2149 3038 2209 daß

2186 2193 2345 2253 Petruccis
2372 2193 2449 2253 Art,
2465 2193 2603 2253 manches
2630 2193 2686 2253 aus
2712 2191 2799 2251 einer
2821 2190 2882 2250 sehr
2903 2190 3047 2250 eigenen,

2601 2235 2692 2295 selbst
2753 2235 3035 2295 untraditionellen

2181 2238 2526 2298 unkonventionellen,

2182 2282 2377 2342 Perspektive
2402 2282 2431 2342 zu
2461 2280 2562 2340 sehen,
2580 2280 2627 2340 ihm
2669 2278 2722 2338 den
2746 2280 2864 2340 andern
2889 2277 3048 2337 Vorwurf

2184 2330 2238 2390 des
2271 2328 2551 2388 Dilettantismus
2590 2328 2789 2388 eingetragen
2833 2325 2903 2385 hat.
2931 2325 3033 2385 Gegen

2184 2370 2281 2430 beides
2314 2370 2438 2430 wurde,
2461 2367 2568 2427 gerade
2596 2367 2623 2427 in
2656 2367 2709 2427 der
2737 2364 3050 2424 „Volks=Zeitung",

2185 2411 2370 2471 wiederholt
2386 2411 2602 2471 aufgetreten,
2619 2410 2675 2470 aus
2697 2408 2784 2468 guten
2815 2408 2985 2468 Grunden,
3001 2407 3042 2467 die

2183 2455 2230 2515 die
2257 2455 2340 2515 nicht
2362 2453 2477 2513 immer
2510 2453 2615 2513 reinen
2647 2451 2773 2511 Motive
2826 2451 2878 2511 der
2905 2450 3047 2510 Gegner¬

2188 2498 2281 2558 schaft
2310 2498 2476 2558 betreffen,
2504 2498 2565 2558 und
2599 2497 2659 2557 mit
2693 2495 2781 2555 guter
2815 2494 3047 2554 Begründung,

2185 2545 2227 2605 die
2249 2543 2306 2603 aus
2328 2541 2375 2601 dem
2414 2540 2519 2600 Werke
2541 2540 2588 2600 des
2616 2540 2780 2600 Künstlers
2808 2537 2908 2597 geholt
2930 2537 3052 2597 wurde.

2186 2585 2229 2645 Er
2257 2585 2345 2645 selbst
2367 2585 2483 2645 wehrte
2511 2585 2554 2645 sich
2588 2584 2720 2644 zumeist
2743 2582 2770 2642 in
2798 2582 2897 2642 keiner
2925 2579 3040 2639 andern

2185 2631 2265 2691 Form
2312 2628 2363 2688 als
2393 2628 2479 2688 durch
2514 2626 2560 2686 die
2583 2626 2733 2686 eifrigere
2762 2625 2819 2685 und
2849 2623 3045 2683 ansteigende

2191 2674 2405 2734 Fortführung
2439 2671 2533 2731 seines
2561 2670 2687 2730 Werks.
2710 2669 2754 2729 Es
2782 2668 2815 2728 ist
2843 2668 3052 2728 bezeichnend,

2190 2719 2243 2779 daß
2276 2717 2324 2777 der
2352 2716 2497 2776 Künstler
2530 2714 2583 2774 vor
2611 2715 2692 2775 nicht
2714 2713 2794 2773 ganz
2817 2713 2902 2773 einem
2946 2711 3048 2771 Jahr¬

2193 2761 2295 2821 zehnt,
2311 2761 2359 2821 als
2387 2761 2414 2821 er
2447 2758 2511 2818 noch
2539 2758 2565 2818 in
2598 2758 2646 2818 der
2674 2756 2906 2816 Meisterschule
2928 2753 3051 2813 Bitter¬

2191 2806 2262 2866 lichs
2290 2806 2372 2866 war,
2395 2804 2477 2864 schon
2511 2803 2632 2863 spürte,
2655 2801 2709 2861 daß
2743 2800 2770 2860 er
2798 2800 3041 2860 Anfeindungen

2184 2847 2353 2907 ausgesetzt
2380 2847 2437 2907 sei,
2464 2846 2538 2906 weil
2565 2845 2596 2905 er
2629 2844 2745 2904 anders
2777 2844 2829 2904 sein
2867 2841 2972 2901 wollte
3000 2840 3052 2900 als

2191 2892 2233 2952 die
2261 2892 2380 2952 meisten
2413 2889 2553 2949 andern.
2592 2889 2722 2949 Anders
2749 2886 2803 2946 sein
2836 2886 2960 2946 müßte,
2982 2886 3052 2946 weil

2193 2934 2241 2994 das
2274 2937 2382 2997 innere
2410 2934 2518 2994 Gesetz
2535 2933 2562 2993 es
2595 2932 2621 2992 so
2649 2931 2800 2991 forderte.
2839 2931 3001 2991 Damals,
3023 2928 3049 2988 es

2193 2983 2230 3043 sei
2258 2979 2317 3039 aus
2345 2979 2393 3039 der
2420 2976 2631 3036 Erinnerung
2686 2976 2838 3036 gehoben,
2881 2973 2952 3033 trug
3001 2972 3054 3032 der

2196 3024 2296 3084 Sockel
2323 3023 2349 3083 zu
2392 3021 2476 3081 einer
2509 3023 2609 3083 Figur
2641 3020 2651 3080 —
2710 3018 2758 3078 ein
2790 3018 2816 3078 in
2853 3015 3033 3075 kraftvollem

2197 3066 2284 3126 Trotz
2307 3064 2538 3124 verharrender
2567 3062 2693 3122 Mensch
2732 3058 2748 3118 —
2804 3061 2853 3121 die
2882 3059 3058 3119 Inschrift:

2197 3110 2297 3170 „Was
2351 3110 2427 3170 mich
2481 3110 2563 3170 nicht
2611 3107 2800 3167 umbringt,
2847 3107 2947 3167 macht
2978 3104 3053 3164 mich

2200 3155 2343 3215 stärker".

2276 3201 2327 3261 Im
2412 3197 2633 3257 vergangenen
2691 3194 2877 3254 Jahrzehnt
2941 3191 3053 3251 wurde

2195 3242 2335 3302 manches
2368 3240 2615 3300 unternommen
2653 3238 2667 3298 —
2737 3238 2793 3298 von
2840 3235 3054 3295 unobjektiver

2191 3286 2301 3346 Kritik
2324 3284 2367 3344 bis
2401 3284 2456 3344 zur
2479 3282 2699 3342 Delogierung
2733 3280 2793 3340 aus
2827 3280 2876 3340 der
2910 3277 3053 3337 Arbeits¬

2198 3328 2282 3388 stätte
2304 3325 2361 3385 —,
2372 3325 2440 3385 was
2467 3325 2514 3385 den
2541 3325 2694 3385 Kunstler
2715 3322 2799 3382 hätte
2821 3322 3047 3382 „umbringen"

2198 3372 2333 3432 können.
2355 3370 2463 3430 Selbst
2491 3367 2566 3427 seine
2594 3367 2685 3427 besten
2724 3364 2902 3424 Absichten,
2924 3364 2978 3424 wie
3006 3364 3054 3424 der

2201 3414 2278 3474 Plan
2309 3412 2360 3472 zum
2403 3412 2660 3472 Sportdenkmal
2682 3409 2707 3469 im
2755 3409 2987 3469 Stadionpark,
3008 3408 3048 3468 ein

2197 3457 2301 3517 Plan,
2329 3457 2384 3517 der
2412 3457 2583 3517 großzügig
2628 3454 2682 3514 alle
2716 3451 3047 3511 Künstlerkameraden

2198 3501 2356 3561 umfaßte,
2383 3498 2435 3558 der
2478 3498 2546 3558 aber
2584 3495 2715 3555 dennoch
2753 3493 2779 3553 in
2822 3495 3058 3555 Vergessenheit

2199 3544 2342 3604 gesunken
2371 3543 2420 3603 ist,
2437 3541 2525 3601 selbst
2549 3540 2592 3600 die
2620 3537 2714 3597 besten
2748 3537 2897 3597 Absichten
2926 3537 3052 3597 wurden

2201 3587 2366 3647 verkannt.
2392 3585 2542 3645 Petrucci
2574 3584 2609 3644 ist
2636 3582 2749 3642 stärker
2781 3582 2967 3642 geworden:
3014 3579 3044 3639 im

2198 3630 2338 3690 Wollen,
2382 3630 2441 3690 das
2501 3627 2549 3687 sich
2603 3627 2668 3687 auf
2717 3626 2765 3686 die
2814 3625 2959 3685 Tatsache
3003 3624 3051 3684 des

2198 3672 2367 3732 Arbeitens
2394 3671 2512 3731 bezieht
2544 3670 2600 3730 und
2626 3670 2652 3730 im
2694 3669 2796 3729 Wesen
2828 3669 2885 3729 und
2911 3669 2936 3729 im
2978 3669 3060 3729 Aus¬

2201 3715 2285 3775 druck
2312 3715 2406 3775 dieses
2439 3713 2635 3773 Arbeitens.
2657 3711 2704 3771 Es
2736 3712 2772 3772 ist
2799 3711 2863 3771 dies
2900 3710 3058 3770 eigentlich

2201 3758 2247 3818 die
2294 3758 2370 3818 erste
2418 3755 2774 3815 Kollektivausstellung
2826 3755 2888 3815 von
2940 3755 3063 3815 einiger

2198 3801 2409 3861 Bedeutung,
2446 3801 2497 3861 die
2524 3800 2580 3860 seit
2622 3799 2735 3859 gestern
2793 3797 2818 3857 in
2870 3797 2921 3857 der
2948 3796 3055 3856 Neuen

2204 3845 2333 3905 Galerie
2355 3846 2381 3906 zu
2414 3845 2494 3905 sehen
2527 3844 2559 3904 ist
2592 3843 2652 3903 und
2679 3842 2727 3902 die
2749 3842 2964 3902 Rechenschaft
2987 3839 3056 3899 über

2204 3888 2255 3948 das
2281 3887 2426 3947 Schaffen
2463 3887 2509 3947 des
2540 3887 2711 3947 Künstlers
2737 3887 2855 3947 ablegt.
2877 3885 2954 3945 Vier
2981 3884 3063 3944 Pro¬

2205 3933 2276 3993 jekte
2321 3933 2397 3993 (mit
2420 3931 2486 3991 drei
2509 3929 2691 3989 Modellen)
2736 3928 2797 3988 und
2847 3927 2880 3987 13
2908 3925 3062 3985 Bildnisse

2209 3974 2330 4034 wenden
2362 3976 2403 4036 sich
2435 3976 2466 4036 an
2499 3975 2551 4035 den
2583 3973 2783 4033 Betrachter,
2800 3971 2846 4031 dem
2889 3970 3057 4030 allerdings

2210 4016 2266 4076 nur
2298 4015 2416 4075 wenige
2448 4017 2530 4077 Tage
2562 4016 2618 4076 zur
2650 4015 2867 4075 Besichtigung
2904 4012 2956 4072 zur
2987 4009 3069 4069 Ver¬

2205 4062 2320 4122 fügung
2358 4059 2473 4119 stehen,
2500 4057 2563 4117 und
2601 4057 2684 4117 zwar
2717 4056 2753 4116 ist
2780 4054 2827 4114 die
2859 4053 3059 4113 Ausstellung

2210 4107 2289 4167 nur
2331 4104 2376 4164 an
2427 4102 2527 4162 vier
2573 4102 2725 4162 Tagen
2776 4099 2881 4159 offen;
2917 4098 3068 4158 heute,

2992 4134 3061 4194 und

2778 4140 2925 4200 Freitag,

2206 4143 2434 4203 Donnerstag,
2504 4140 2712 4200 morgen,

2201 4185 2450 4245 Dienstag,
2476 4185 2527 4245 den
2559 4183 2595 4243 6.
2621 4182 2668 4242 d.,
2689 4179 2746 4239 von
2793 4180 2808 4240 9
2850 4179 2897 4239 bis
2939 4179 2954 4239 1
2996 4176 3057 4236 und

2248 4230 2253 4290 m
2290 4228 2301 4288 2
2332 4225 2379 4285 bis
2405 4228 2440 4288 6.
2459 4233 2518 4293 und
2543 4227 2790 4287 Samstag,
2809 4225 2857 4285 den
2887 4224 2924 4284 3.
2936 4224 2984 4284 d.,
3003 4224 3056 4284 von
