3392 4384
279 159 416 219 der,
434 160 485 220 der
521 160 563 220 no
694 160 857 220 eper
893 159 1004 219 nder
1031 158 1082 218 sch
1117 159 1125 219 m
1291 160 1298 220 z
1428 163 1513 223 ans,
1533 165 1661 225 Masten
1697 167 1721 227 zu
1757 164 1886 224 tragcen,
1904 164 1938 224 um
1973 165 2007 225 zu
2034 164 2153 224 schahen

2354 204 2426 264 leicht
2455 204 2494 264 tun
2528 204 2561 264 die
2589 204 2689 264 Samen
2716 202 2763 262 sich
2784 202 2823 262 ins
2850 204 2978 264 Säckchen
3005 205 3058 265 ein;

253 206 598 266 Randbemerkungen.
652 206 714 266 Die
748 205 921 265 Romantik
960 205 1108 265 entfaltet
1143 204 1228 264 ihren
1272 207 1305 267 zu
1344 208 1493 268 wahren,
1518 210 1584 270 was
1618 212 1681 272 uns
1715 210 1801 270 teuer
1830 210 1882 270 ist,
1931 209 1993 269 und
2023 209 2056 269 es
2090 209 2157 269 läßt
2186 207 2248 267 uns

2358 246 2426 306 nicht
2449 246 2503 306 viel
2526 246 2553 306 an
2586 246 2653 306 ihnen
2690 246 2749 306 wird
2781 246 2799 306 zu
2831 246 2903 306 sieben
2936 246 2999 306 sein.

248 252 435 312 betörenden
473 252 596 312 Glanz.
619 252 706 312 „Wir
739 252 834 312 wissen
872 252 967 312 nichts
1000 252 1055 312 von
1087 252 1247 312 anderen,

1278 255 1455 315 manchmal
1479 257 1553 317 trotz
1576 258 1628 318 der
1656 258 1749 318 hellen
1782 258 1964 318 Vernunft,
1983 257 2038 317 auf
2062 254 2108 314 die
2137 253 2192 313 wir
2221 255 2243 315 so

255 300 350 360 nichts
382 300 441 360 von
483 300 574 360 uns.“
611 300 701 360 Diese
734 300 916 360 resignierte
948 297 1144 357 Erkenntnis
1176 296 1226 356 ver

1270 300 1345 360 stolz
1371 303 1457 363 sind,
1472 304 1497 364 in
1528 306 1654 366 Demut
1675 306 1731 366 vor
1762 304 1843 364 einen
1879 303 2005 363 höheren
2041 300 2147 360 Willen
2183 300 2248 360 hin¬

2357 306 2419 366 Das
2449 306 2515 366 Licht
2541 306 2578 366 des
2608 303 2691 363 Tages
2716 303 2804 363 weicht
2829 304 2875 364 aus
2901 304 2971 364 Gelb
3001 306 3046 366 und
3076 309 3142 369 Rot,

2353 348 2393 408 die
2418 348 2508 408 Stille
2533 348 2614 408 hängt
2635 348 2717 408 herein
2750 347 2787 407 als
2816 346 2860 406 wie
2889 348 2922 408 ein
2951 348 2995 408 Lot

252 348 327 408 liert
373 348 458 408 ihren
499 346 639 406 Stachel,
685 348 740 408 das
776 346 871 406 Leben
902 345 972 405 ruft
1002 345 1027 405 in
1063 345 1108 405 all
1133 345 1234 405 seiner
1275 347 1396 407 sinken,
1411 350 1516 410 mögen
1547 351 1602 411 wir
1628 353 1673 413 ihn
1704 354 1763 414 nun
1794 351 1920 411 Zufall,
1935 348 2151 408 Bestimmung
2177 348 2247 408 oder

2349 392 2391 452 den
2421 393 2514 453 blassen
2544 392 2632 452 Bogen
2667 392 2726 452 teilt
2752 390 2785 450 ein
2816 393 2946 453 schwarzer
2977 390 3086 450 Schlot.

256 394 390 454 Vielfalt
421 393 483 453 und
519 393 690 453 Schönheit
721 393 783 453 und
820 393 912 453 dankt
938 395 1093 455 vielleicht
1125 393 1233 453 gerade
1270 394 1357 454 Gott
1389 396 1538 456 nennen.
1565 398 1735 458 Schnitzler
1766 397 1958 457 formuliert
1989 396 2087 456 seinen
2129 394 2252 454 ethisch¬

255 440 344 500 jenem
389 441 483 501 letzten
523 440 592 500 Rest
622 440 676 500 von
711 440 1004 500 Fragwürdigke,
1024 440 1078 500 der
1109 440 1246 500 Mensch¬

1271 444 1441 504 religiösen
1492 446 1708 506 Standpunkt
1744 446 1774 506 in
1820 443 1869 503 der
1915 443 2117 503 „Dreifachen
2162 443 2252 503 War¬

2352 454 2408 514 Der
2432 452 2532 512 Rechen
2560 451 2656 511 kämmt
2676 449 2711 509 die
2736 449 2843 509 Ranken
2872 450 2899 510 an
2927 449 2971 509 den
2999 452 3091 512 Rand,

252 485 337 545 lichem
383 489 443 549 nun
478 488 599 548 einmal
625 488 785 548 anhaftet,
811 488 891 548 ihren
927 489 1063 549 störksten
1099 488 1239 548 Zauber.
1271 493 1406 553 nung“.
1427 491 1492 551 Der
1518 493 1709 553 unsichtbare
1740 493 1825 553 Geist
1851 491 2021 551 entgegnet
2047 491 2097 551 dem
2143 489 2248 549 Jüng¬

2349 496 2394 556 das
2423 496 2484 556 erste
2509 494 2645 554 Zündholz
2670 494 2728 554 setzt
2753 494 2794 554 den
2823 494 2892 554 Mist
2922 494 2942 554 in
2976 494 3086 554 Brand;

252 533 284 593 Im
329 537 469 597 Schaffen
503 536 583 596 jedes
617 534 802 594 Künstlers,
824 535 867 595 sei
889 536 921 596 er
955 536 997 596 eer
1025 536 1232 596 Wirklichkeit
1265 538 1341 598 ling
1369 540 1428 600 auf
1456 539 1499 599 die
1527 542 1651 602 Frage,
1674 542 1733 602 wer
1761 541 1793 601 er
1821 539 1880 599 sei:
1908 538 2076 598 „Erkannt
2099 539 2152 599 hat
2180 541 2250 601 mich

2357 539 2379 599 im
2418 542 2513 602 Wind,
2535 541 2574 601 der
2596 539 2704 599 anhebt,
2722 537 2809 597 zittert
2835 538 2904 598 leicht
2926 539 2965 599 die
2988 539 3078 599 Hand.

257 584 327 644 noch
362 584 387 644 so
418 584 488 644 sehr
519 584 690 644 verhaftet,
716 586 781 646 gibt
812 584 842 644 es
877 584 937 644 eir,
973 584 1119 644 Stunde,
1145 584 1175 644 da
1211 585 1240 645 er

1275 587 1335 647 kein
1365 587 1558 647 Sterblicher
1589 584 1679 644 noch,
1700 585 1750 645 der
1776 585 1897 645 Namen
1928 588 1983 648 hab
2014 586 2049 646 ich
2080 588 2176 648 viele,
2196 584 2236 644 Be

253 622 306 682 vor
335 624 383 684 sich
417 625 524 685 selbst,
573 628 625 688 vor
661 630 713 690 den
752 630 898 690 Freuden
937 630 994 690 und
1034 629 1237 689 Bitternissen

1269 634 1442 694 stimmung
1481 631 1606 691 nennen
1654 632 1721 692 mich
1760 631 1813 691 die
1847 631 2154 691 Abergläubischen,

2281 664 2429 724 stürmisch
2464 661 2597 721 hervor,
2617 661 2780 721 schließlich
2815 662 2933 722 werden
2973 664 3057 724 seine
3087 661 3249 721 Gedanker

259 677 345 737 jedes
374 676 470 736 neuen
508 676 608 736 Tages
647 676 671 736 in
710 676 762 736 das
796 676 954 736 Paradies
988 677 1040 737 der
1075 676 1242 736 Phantasie

1269 679 1370 739 Toren
1404 682 1519 742 Zufall
1544 679 1606 739 und
1641 679 1688 739 die
1718 679 1891 739 Frommen
1925 678 2026 738 Gott.
2046 677 2180 737 Denen,
2205 678 2248 738 die

2275 709 2340 769 von
2373 709 2457 769 einem
2499 709 2596 769 Wahn
2625 709 2652 769 in
2686 709 2727 769 die
2755 709 2829 769 Irre
2853 712 3034 772 getrieben,
3049 711 3081 771 er
3110 709 3258 769 vergiftet

260 724 405 784 flüchtet,
431 725 708 785 Wunschträumen
744 724 935 784 nachhängt,
961 724 1021 784 mit
1047 724 1148 784 seinen
1184 724 1243 784 Ge¬

1275 729 1320 789 sich
1356 728 1400 788 die
1431 727 1548 787 Weisen
1584 727 1729 787 dünken,
1755 727 1806 787 bin
1842 727 1877 787 ich
1913 727 1957 787 die
1988 727 2100 787 Kraft,
2125 727 2170 787 die
2201 727 2236 787 am

2282 755 2368 815 Elise
2393 755 2474 815 ohne
2503 754 2609 814 Reue,
2633 755 2709 815 ohne
2739 756 2897 816 Skrupel.
2922 757 3008 817 Erst,
3028 757 3075 817 als
3105 756 3138 816 er
3162 754 3258 814 Adele

260 772 367 832 stalten
394 772 460 832 eins
487 772 538 832 ist,
554 772 631 832 nicht
652 774 755 834 fragt,
771 772 920 832 sondern,
936 775 982 835 dem
1024 772 1245 832 Schöpfungs¬

1277 775 1406 835 Anfang
1431 778 1507 838 aller
1532 775 1613 835 Tage
1638 775 1704 835 war
1729 775 1791 835 und
1815 775 1925 835 weiter
1950 775 2041 835 wirkt
2061 773 2252 833 unaufhalt¬

2276 802 2413 862 trotzdem
2482 802 2614 862 verliert
2664 802 2727 862 und
2777 802 2830 862 der
2865 805 2983 865 Pistole
3037 802 3086 862 des
3121 802 3257 862 Rächers

254 819 350 879 drang
376 822 594 882 hingegeben,
615 820 681 880 nach
707 820 834 880 eigenem
875 821 982 881 Willen
1013 820 1119 880 Wesen
1150 820 1246 880 bildet

1285 826 1329 886 sam
1379 826 1403 886 in
1438 823 1487 883 die
1517 823 1674 883 Ewigkeit
1700 823 1789 883 durch
1824 823 1897 883 alles
1932 820 2134 880 Geschehen.“
2184 817 2247 877 Der

2277 849 2563 909 gegenübersteht,
2579 849 2633 909 erst
2659 847 2684 907 im
2724 850 2885 910 Angesicht
2911 850 2965 910 des
2991 849 3091 909 Todes
3117 849 3192 909 fällt
3213 849 3257 909 die

253 864 314 924 und
349 866 382 926 sie
417 867 468 927 ins
502 867 599 927 Glück
628 867 701 927 oder
735 869 757 929 in
798 869 849 929 den
883 868 945 928 Tod
980 868 1087 928 führt,
1116 867 1172 927 wie
1201 870 1235 930 es
1264 873 1434 933 Jüngling
1474 872 1542 932 will
1571 870 1615 930 die
1656 872 1837 932 Wahrheit,
1866 870 1911 930 die
1945 868 2189 928 Entscheidung,
2218 867 2251 927 da

2279 894 2395 954 Maske
2441 896 2501 956 von
2537 896 2638 956 seinem
2684 896 2806 956 Antlitz
2852 897 2912 957 und
2943 897 2973 957 er
3025 897 3252 957 entschwindet

253 913 322 973 eben
358 915 412 975 den
448 915 676 975 individuellen
712 915 846 975 Gesetzen
882 915 1065 975 entspricht.

1267 920 1367 980 stürzt
1393 921 1443 981 er,
1464 922 1513 982 „in
1555 918 1595 978 ein
1631 918 1762 978 Dunkel
1787 918 1873 978 darin
1914 918 1959 978 die
1990 916 2100 976 Nächte
2132 917 2237 977 lauern

2281 943 2349 1003 „ein
2387 944 2603 1004 Entsühnter,
2625 947 2656 1007 zu
2688 944 2756 1004 ihr,
2778 946 2804 1006 zu
2841 946 2920 1006 Elife
2947 948 2999 1008 ins
3031 948 3158 1008 Nichts,
3174 945 3242 1005 nach

1265 969 1316 1029 die
1349 968 1521 1028 gekommen
1559 966 1620 1026 sind
1658 966 1718 1026 und
1756 966 1891 1026 kommen
1929 966 2045 1026 werden
2088 963 2138 1023 vom
2190 963 2232 1023 An

298 969 557 1029 Wunschträume
584 970 594 1030 —
645 972 737 1032 ihnen
768 972 829 1032 sind
855 972 901 1032 die
927 970 1085 1030 seltsamen
1116 969 1238 1029 Frauer

2281 992 2334 1052 dem
2377 990 2408 1050 er
2435 993 2482 1053 sich
2509 993 2604 1053 lange
2631 991 2758 1051 gesehnt
2779 993 2901 1053 hatte“.

257 1017 313 1077 und
345 1019 489 1079 Männer
521 1019 691 1079 verfallen,
712 1020 758 1080 die
785 1020 852 1080 jetzt
878 1020 930 1080 vor
961 1018 1085 1078 unseren
1122 1017 1230 1077 Augen
1272 1016 1385 1076 beginn
1417 1014 1463 1074 bis
1495 1015 1546 1075 zum
1588 1014 1675 1074 Ende
1702 1014 1753 1074 der
1779 1014 1939 1074 Welten“.

2317 1038 2379 1098 Der
2406 1044 2616 1104 Junggeselle
2638 1042 2700 1102 war
2727 1044 2779 1104 für
2806 1045 2884 1105 seine
2911 1047 3063 1107 Freunde
3090 1044 3262 1104 zeitlebens

256 1065 409 1125 nochmals
440 1067 488 1127 ihr
514 1067 657 1127 Schicksal
677 1065 805 1125 erfüllen
841 1064 979 1124 werden,
999 1064 1172 1124 Stäubchen
1202 1063 1226 1123 im

1308 1070 1392 1130 Eine
1427 1067 1570 1127 Rettung
1605 1069 1664 1129 vor
1699 1069 1753 1129 dem
1803 1067 1906 1127 Nichts
1946 1067 2015 1127 gibt
2041 1067 2075 1127 es
2110 1065 2163 1125 für
2199 1067 2247 1127 der

2283 1088 2327 1148 ein
2362 1091 2577 1151 Komödiant.
2618 1088 2662 1148 In
2716 1091 2819 1151 seinem
2883 1091 3070 1151 Testament
3115 1091 3188 1151 will
3228 1089 3261 1149 er

262 1112 428 1172 Kreislauf
456 1114 509 1174 der
543 1112 715 1172 Ewigkeit,
742 1112 807 1172 aber
840 1112 1023 1172 notwendig
1062 1113 1120 1173 und
1153 1115 1239 1175 sinn=
1273 1117 1445 1177 modernen
1489 1118 1656 1178 Menschen
1694 1118 1835 1178 lediglich
1873 1117 1899 1177 in
1943 1115 1997 1175 der
2030 1115 2245 1175 inbrünstigen

2288 1137 2478 1197 wenigstens
2510 1136 2587 1196 seine
2619 1137 2902 1197 Mittelmäßigkeit
2929 1139 3104 1199 überragen
3146 1136 3202 1196 und
3239 1134 3264 1194 so

254 1160 319 1220 voll
345 1163 401 1223 wie
432 1163 487 1223 das
524 1163 650 1223 kleinste
687 1160 823 1220 Rädchen
860 1161 890 1221 im
936 1163 1048 1223 großen
1089 1160 1154 1220 Bau
1191 1160 1241 1220 der

1267 1168 1417 1228 Hingabe
1448 1166 1483 1226 an
1514 1166 1574 1226 das
1605 1166 1725 1226 Leben.
1756 1166 1821 1226 Uns
1857 1163 1948 1223 selbst
1973 1163 2084 1223 müssen
2125 1163 2180 1223 wir
2210 1163 2255 1223 die

2287 1184 2355 1244 sagt
2382 1184 2413 1244 er
2440 1184 2492 1244 den
2530 1184 2667 1244 Dreien,
2689 1187 2720 1247 er
2747 1185 2820 1245 habe
2847 1187 2915 1247 ihre
2942 1187 3068 1247 Frauen
3106 1184 3269 1244 verführt.

260 1210 474 1270 Weltenuhr.

1271 1214 1379 1274 Treue
1405 1214 1529 1274 halten,
1550 1214 1606 1274 alle
1633 1214 1870 1274 Möglichkeiten
1907 1211 2133 1271 ausschöpfen,
2155 1211 2195 1271 die
2222 1212 2247 1272 ir

2283 1232 2456 1292 Wahrheit
2483 1232 2558 1292 oder
2586 1232 2693 1292 Lüge?
2743 1230 2812 1290 Vom
2862 1234 3077 1294 Standpunkt
3132 1233 3261 1293 höherer

1270 1263 1338 1323 uns
1373 1262 1599 1322 schlummern.
1634 1262 1781 1322 Deshalb
1816 1262 1943 1322 entläßt
1973 1259 2135 1319 Erasmus
2174 1259 2252 1319 sein¬

295 1265 611 1325 „Dämmerseelen.“
668 1264 821 1324 Zunächst
878 1265 959 1325 zwei
1011 1262 1245 1322 merkwürdige

2283 1279 2495 1339 Sittlichkeit,
2517 1278 2575 1338 vom
2618 1279 2836 1339 Standpunkt
2880 1279 2937 1339 des
2970 1279 3161 1339 Lebendigen
3220 1280 3251 1340 ge

1267 1313 1372 1373 junge
1415 1312 1525 1372 Gattin
1574 1310 1752 1370 Dionysia,
1785 1309 1822 1369 sie
1865 1309 1938 1369 darf
1975 1309 2033 1369 dem
2086 1306 2154 1366 Ton
2202 1307 2255 1367 der

252 1312 434 1372 Schicksale,
481 1310 533 1370 die
576 1311 663 1371 durch
711 1310 758 1370 die
795 1310 940 1370 ivonische
978 1312 1149 1372 Färbung,
1202 1310 1243 1370 die

2287 1327 2394 1387 sehen,
2416 1327 2451 1387 ist
2478 1327 2508 1387 es
2540 1327 2709 1387 zweifellos
2741 1327 2838 1387 Lüge.
2859 1327 2951 1387 Denn
2988 1329 3055 1389 mag
3086 1327 3137 1387 der
3164 1324 3266 1384 Treu¬

1271 1359 1513 1419 „Hirtenflöte“
1545 1358 1673 1418 folgen,
1694 1359 1740 1419 ein
1772 1357 1916 1417 Märchen
1953 1355 2004 1415 von
2041 1355 2149 1415 Liebe,
2165 1357 2247 1417 Glüc

256 1361 346 1421 ihnen
387 1360 554 1420 Schnitzler
605 1358 777 1418 zeitweilig
828 1357 980 1417 verleiht,
1026 1360 1056 1420 in
1112 1358 1243 1418 apartes

2283 1375 2371 1435 bruch
2401 1375 2524 1435 einmal
2549 1375 2706 1435 begangen
2741 1375 2864 1435 worden
2904 1375 2987 1435 sein,
3007 1375 3125 1435 spätere
3155 1373 3268 1433 Kame¬

261 1409 415 1469 Zwielicht
446 1408 564 1468 gerückt
596 1405 740 1465 werden.
771 1406 853 1466 „Das
890 1405 1039 1465 Schicksal
1066 1405 1122 1465 des
1153 1407 1245 1467 Frei=
1282 1405 1343 1465 und
1380 1405 1441 1465 Tod
1478 1405 1503 1465 in
1545 1406 1632 1466 einem
1679 1407 1870 1467 Wachtraum
1917 1404 2040 1464 erleben
2076 1403 2138 1463 und
2174 1406 2256 1466 kehrt

2284 1422 2442 1482 radschaft
2469 1423 2526 1483 hat
2548 1423 2595 1483 ihn
2632 1421 2842 1481 ausgelöscht.
2885 1423 2958 1483 Und
2985 1423 3069 1483 recht
3117 1421 3258 1481 behalten

261 1454 351 1514 herrn
403 1454 463 1514 von
509 1454 727 1514 Leisenbohg“
773 1453 859 1513 wäre
905 1453 1001 1513 Stoff
1052 1453 1107 1513 für
1154 1452 1244 1512 einen

1273 1456 1355 1516 dann
1397 1456 1504 1516 müde,
1532 1456 1655 1516 beladen
1697 1456 1758 1516 mit
1785 1456 1898 1516 Schuld
1935 1453 1996 1513 und
2028 1453 2193 1513 Schicksal,
2219 1456 2250 1516 zu

2286 1471 2451 1531 schließlich
2488 1471 2534 1531 die
2564 1469 2694 1529 Tätigen
2730 1471 2812 1531 nicht
2842 1470 2890 1530 die
2920 1471 3043 1531 Toten.
3074 1472 3168 1532 („Der
3204 1468 3262 1528 Tod

264 1503 442 1563 Satiriker,
464 1504 559 1564 ginge
591 1503 638 1563 der
670 1503 839 1563 treffliche,
866 1500 991 1560 korrekte
1029 1501 1129 1561 Mann
1166 1500 1250 1560 nicht

1273 1504 1358 1564 ihrem
1409 1503 1540 1563 Manne
1575 1503 1701 1563 zurück,
1732 1503 1788 1563 der
1823 1503 1858 1563 sie
1899 1502 1980 1562 ohne
2015 1501 2177 1561 Vorwurf
2213 1500 2242 1560 be

2285 1515 2338 1575 des
2368 1518 2654 1578 Junggesellen".)

257 1551 436 1611 zugrunde.
479 1551 754 1611 Jahrzehntelang
791 1548 886 1608 wirbt
913 1548 944 1608 er
977 1548 1013 1608 um
1061 1548 1108 1608 die
1135 1548 1240 1608 Gunst
1273 1553 1389 1613 grüßt.
1421 1551 1478 1611 Ein
1516 1551 1632 1611 Weiser
1675 1551 1732 1611 wie
1770 1551 1801 1611 er
1839 1551 1960 1611 meint,
1993 1551 2061 1611 doch
2098 1551 2251 1611 Dionysic

2323 1569 2470 1629 Deshalb
2505 1572 2578 1632 wird
2613 1572 2680 1632 auch
2710 1572 2760 1632 der
2789 1572 2873 1632 „tote
2897 1572 3055 1632 Gabriel“
3084 1572 3141 1632 den
3170 1572 3265 1632 Gang

257 1599 347 1659 einer
378 1599 569 1659 Sängerin,
610 1597 690 1657 wird
746 1599 857 1659 immer
913 1596 968 1656 von
1029 1596 1240 1656 glücklicheren

1278 1600 1358 1660 lehrt
1409 1600 1459 1660 ihn
1520 1599 1575 1659 den
1636 1599 1772 1659 tieferen
1828 1599 1919 1659 Sinn
1980 1599 2065 1659 ihrer
2117 1597 2247 1657 innerer

2288 1622 2340 1682 der
2368 1620 2547 1680 Ereignisse
2579 1619 2664 1679 durch
2701 1620 2802 1680 seinen
2839 1620 3040 1680 Selbstmord
3078 1620 3157 1680 nicht
3189 1620 3273 1680 hem¬

254 1647 388 1707 Rivalen
431 1647 607 1707 verdrängt
644 1647 700 1707 und
737 1645 825 1705 gerät
857 1646 919 1706 just
951 1644 976 1704 in
1013 1645 1064 1705 dem
1117 1644 1225 1704 Augen

1278 1650 1463 1710 Wandlung
1501 1650 1686 1710 begreifen:
1718 1648 1786 1708 „Du
1829 1647 1871 1707 ein
1914 1647 2051 1707 Weiser?
2089 1645 2157 1705 Und
2194 1647 2247 1707 haf

2285 1668 2376 1728 men.
2420 1668 2485 1728 Die
2512 1668 2772 1728 Schauspielerin
2827 1667 3038 1727 Wilhelmine
3071 1668 3108 1728 ist
3137 1668 3185 1728 die
3213 1665 3277 1725 Ge¬

260 1693 348 1753 blick,
370 1694 417 1754 als
444 1692 475 1752 er
502 1692 549 1752 die
576 1694 717 1754 Geliebte
744 1695 765 1755 in
802 1693 849 1753 den
886 1693 996 1753 Armen
1029 1692 1112 1752 hält,
1129 1692 1154 1752 in
1181 1693 1233 1753 den
1277 1697 1360 1757 nicht
1393 1697 1540 1757 erkannt,
1567 1696 1624 1756 das
1656 1696 1745 1756 jedem
1793 1697 2003 1757 menschlichen
2041 1695 2156 1755 Dasein
2193 1695 2256 1755 nur

2288 1713 2380 1773 liebte
2407 1715 2505 1775 seines
2531 1715 2701 1775 Freundes
2728 1715 2914 1775 Ferdinand
2945 1715 3105 1775 geworden
3143 1715 3199 1775 und
3230 1715 3266 1775 an

255 1740 356 1800 Bann
396 1742 480 1802 eines
515 1742 667 1802 Fluches,
695 1742 746 1802 den
786 1741 841 1801 sein
882 1739 1129 1799 unmittelbarer
1164 1739 1248 1799 Vor=
1277 1742 1327 1802 ein
1372 1745 1518 1805 schmaler
1564 1745 1671 1805 Strich
1717 1745 1857 1805 gegönnt
1897 1745 1953 1805 ist,
1976 1744 2037 1804 sein
2072 1742 2179 1802 Wesen
2219 1743 2246 1803 zu

2285 1763 2406 1823 Irene,
2434 1763 2479 1823 die
2512 1763 2561 1823 ihn
2595 1760 2711 1820 liebte,
2734 1761 2783 1821 sah
2812 1762 2844 1822 er
2879 1763 3005 1823 vorbei.
3028 1763 3138 1823 Dieses
3178 1760 3277 1820 Mäd¬

261 1790 377 1850 gänger
411 1790 431 1850 in
469 1789 516 1849 der
544 1790 761 1850 Todesstunde
783 1788 937 1848 ausstieß.
959 1789 1065 1849 Zufall
1087 1787 1161 1847 oder
1188 1786 1246 1846 Be¬

1273 1794 1435 1854 verstehen
1479 1795 1538 1855 und
1577 1793 1609 1853 zu
1647 1793 1810 1853 erfüllen?
1843 1793 1929 1853 Dort
1962 1793 2005 1853 wo
2043 1793 2098 1853 das
2141 1793 2260 1853 einzige

2284 1809 2354 1869 chen
2408 1809 2508 1869 merkt
2550 1809 2697 1869 entsetzt,
2733 1809 2791 1869 daß
2845 1811 2891 1871 die
2922 1810 3027 1870 beiden
3081 1811 3174 1871 ruhig
3199 1811 3269 1871 ihre

265 1838 445 1898 stimmung,
474 1838 535 1898 wer
570 1837 642 1897 weiß
683 1835 738 1895 es?
791 1837 835 1897 Er
870 1836 937 1896 war
971 1836 1021 1896 der
1056 1835 1236 1895 anmutigen
1277 1840 1338 1900 mit
1373 1844 1496 1904 einmal
1525 1844 1677 1904 geborene
1717 1844 1779 1904 und
1814 1844 1955 1904 niemals
1989 1841 2254 1901 wiederkehrende

2293 1854 2378 1914 Bahn
2438 1855 2723 1915 weiterschreiten,
2767 1856 2863 1916 lachen
2923 1856 2987 1916 und
3041 1857 3164 1917 weinen
3203 1856 3261 1916 und

263 1886 351 1946 Klüre
387 1886 446 1946 nur
482 1885 646 1945 Werkzeug
688 1883 747 1943 und
789 1881 835 1941 dem
889 1883 989 1943 Tenor
1025 1883 1148 1943 Sigurd
1184 1884 1243 1944 erst
1274 1890 1397 1950 Rätsel
1427 1891 1527 1951 seines
1563 1889 1692 1949 Wesens
1728 1891 1757 1951 im
1799 1889 1928 1949 gleichen
1976 1888 2058 1948 Bett
2095 1887 2159 1947 mit
2195 1886 2247 1946 den

2289 1904 2492 1964 aneinander
2521 1903 2658 1963 Gefühle
2681 1902 2741 1962 und
2769 1904 3017 1964 Leidenschaften
3050 1904 3276 1964 vortäuschen,

257 1931 353 1991 recht;
380 1932 448 1992 jetzt
476 1932 534 1992 hat
561 1931 614 1991 der
647 1931 784 1991 ominöse
817 1931 907 1991 Fluch
945 1931 1025 1991 seine
1057 1931 1152 1991 Kraft
1180 1928 1232 1988 ver

1278 1939 1373 1999 hohen
1403 1939 1539 1999 Gesetzen
1574 1936 1740 1996 göttlicher
1766 1938 1825 1998 und
1856 1938 2067 1998 menschlicher
2093 1936 2253 1996 Ordnung

2289 1951 2439 2011 während
2467 1950 2607 2010 Gabriel
2630 1951 2721 2011 unter
2749 1949 2797 2009 der
2824 1951 2905 2011 Erde
2932 1953 3008 2013 liegt
3036 1952 3094 2012 und
3122 1953 3159 2013 sie
3182 1951 3273 2011 selbst

257 1981 344 2041 loren
376 1981 438 2041 und
464 1981 500 2041 sie
526 1981 634 2041 dürfen
661 1979 707 2039 sich
733 1978 883 2038 furchtlos
910 1978 992 2038 ihrer
1013 1976 1100 2036 Liebe
1127 1976 1230 2036 freuen

1277 1986 1387 2046 läuft?
1425 1985 1483 2045 Ein
1513 1985 1690 2045 Liebender
1720 1987 1778 2047 du?
1816 1986 1889 2046 Und
1919 1984 1978 2044 bist
1994 1984 2081 2044 nicht
2105 1984 2192 2044 selbst
2215 1988 2251 2048 an
2289 1995 2354 2055 aus
2385 1999 2532 2059 Haßliebe
2562 1997 2665 2057 seinen
2703 1997 2842 2057 Rivalen
2895 1999 2968 2059 beim
3013 2002 3152 2062 Abschied
3183 2000 3270 2060 küßt.

305 2027 373 2087 Dem
413 2026 555 2086 biederen
595 2026 743 2086 Andreas
773 2026 950 2086 Thameyer
980 2025 1087 2085 ergeht
1112 2025 1141 2085 es
1171 2025 1254 2085 nicht

1277 2038 1367 2098 jenem
1412 2035 1518 2095 fernen
1554 2035 1690 2095 Morgen
1731 2033 1781 2093 ins
1812 2035 1872 2095 Tal
1897 2034 2170 2094 hinabgestiegen,
2195 2032 2260 2092 eine

2285 2047 2345 2107 Ein
2385 2047 2501 2107 Rätsel
2524 2046 2562 2106 ist
2585 2046 2640 2106 das
2674 2047 2934 2107 Menschenherz.
2957 2045 2973 2105 -

258 2074 369 2134 besser.
391 2075 470 2135 Auch
498 2075 529 2135 er
556 2075 636 2135 nicht
658 2075 828 2135 Hammer,
845 2074 978 2134 sondern
1010 2074 1132 2134 Amboß
1160 2074 1244 2134 eines

1278 2087 1370 2147 Flöte
1397 2086 1427 2146 zu
1458 2083 1659 2143 zerbrechen,
1680 2083 1767 2143 deren
1799 2083 1886 2143 Töne
1912 2082 1963 2142 der
1985 2080 2149 2140 Geliebten
2180 2080 2242 2140 Ver

2331 2099 2399 2159 Zum
2448 2098 2594 2158 Schlusse
2622 2098 2697 2158 noch
2725 2098 2774 2158 die
2802 2098 3071 2158 Traumnovellen
3114 2098 3127 2158 —
3183 2101 3272 2161 kurze

249 2124 420 2184 boshaften
485 2123 662 2183 Geschicks.
711 2125 780 2185 Hat
834 2125 920 2185 seine
953 2125 1065 2185 Frau,
1114 2122 1167 2182 die
1200 2122 1242 2182 ein

1285 2134 1423 2194 führung
1454 2131 1609 2191 drohten?
1645 2131 1727 2191 Dein
1764 2132 1840 2192 Herz
1872 2131 1933 2191 war
1965 2131 2067 2191 müd',
2083 2130 2242 2190 Erasmus

2289 2150 2362 2210 Zeit
2391 2146 2441 2206 vor
2476 2146 2526 2206 dem
2572 2144 2651 2204 Tode
2680 2146 2871 2206 Schnitzlers
2900 2149 3092 2209 erschienen.
3115 2147 3176 2207 Die
3205 2146 3272 2206 ver¬

266 2172 433 2232 schwarzes
471 2169 557 2229 Kind
591 2172 736 2232 gebiert,
758 2171 806 2231 sich
845 2170 1017 2230 tatsächlich
1051 2169 1120 2229 bloß
1164 2169 1239 2229 „ver

1278 2181 1380 2241 darum
1428 2181 1535 2241 ließest
1557 2178 1592 2238 du
1634 2179 1701 2239 mich
1737 2178 1892 2238 scheiden,
1913 2179 1990 2239 ohne
2021 2178 2108 2238 einen
2145 2178 2263 2238 Kampf

2295 2193 2465 2253 schiedenen
2499 2193 2659 2253 Themen,
2699 2193 2748 2253 die
2776 2193 2825 2253 ihn
2859 2193 2936 2253 stets
2986 2193 3063 2253 aufs
3091 2193 3174 2253 neue
3219 2193 3273 2253 be¬

263 2221 399 2281 sehen",
419 2219 490 2279 oder
523 2220 633 2280 beging
660 2219 705 2279 sie
732 2217 817 2277 einen
850 2218 1032 2278 Fehltritt?
1059 2217 1253 2277 Gleichviel;
1281 2230 1541 2290 aufzunehmen,
1561 2228 1613 2288 der
1646 2227 1770 2287 damals
1803 2227 1874 2287 noch
1901 2226 1979 2286 nicht
2005 2226 2148 2286 verloren
2181 2226 2265 2286 war.

2295 2241 2492 2301 schäftigten,
2521 2241 2638 2301 werden
2673 2240 2701 2300 in
2741 2240 2825 2300 einem
2876 2242 3113 2302 Brennspiegel
3164 2241 3271 2301 einge¬

260 2268 411 2328 Andreas
455 2268 537 2328 kann
569 2269 619 2329 die
645 2268 720 2328 üble
746 2268 902 2328 Nachrede
948 2266 1035 2326 nicht
1080 2267 1249 2327 ertragen,
1276 2276 1363 2336 Dein
1402 2277 1489 2337 Geist
1521 2277 1591 2337 war
1629 2277 1773 2337 erwürgt
1818 2277 1842 2337 im
1906 2276 2007 2336 kalten
2052 2274 2252 2334 Krallengrif

2295 2289 2427 2349 fangen.
2468 2289 2618 2349 Fridolin
2671 2289 2733 2349 und
2763 2289 2935 2349 Albertine
2965 2289 3022 2349 sind
3075 2289 3271 2349 verheiratet

266 2319 395 2379 schreibt
436 2318 537 2378 seinen
583 2316 707 2376 „letzten
747 2316 865 2376 Brief“
906 2316 967 2376 und
1007 2319 1154 2379 erschießt
1188 2316 1238 2376 sich

1282 2327 1340 2387 von
1380 2326 1529 2386 Worten,
1555 2327 1659 2387 darum
1705 2325 1913 2385 vermeintest
1953 2322 1985 2382 du
2038 2324 2089 2384 des
2136 2322 2252 2382 Lebens
2299 2333 2357 2393 und
2390 2337 2598 2397 anscheinend
2631 2336 2787 2396 glücklich.
2808 2335 2852 2395 An
2892 2337 2963 2397 eine
2990 2337 3093 2397 ideale
3120 2336 3275 2396 Gemein¬

264 2367 320 2427 Ein
355 2367 526 2427 Spielball
550 2367 715 2427 unseliger
738 2364 880 2424 Zufälle.

1275 2375 1465 2435 ungeheure
1503 2375 1614 2435 Fülle,
1646 2372 1704 2432 das
1747 2372 1826 2432 Hin=
1863 2372 1926 2432 und
1970 2372 2165 2432 Widerspiel
2197 2371 2255 2431 von

2290 2384 2387 2444 schaft
2417 2384 2468 2444 von
2509 2384 2612 2444 Mann
2647 2383 2710 2443 und
2739 2384 2825 2444 Frau
2860 2383 2917 2443 hat
2941 2384 3113 2444 Schnitzler
3143 2385 3194 2445 nie
3223 2383 3275 2443 ge¬

310 2420 353 2480 In
381 2422 436 2482 der
464 2423 716 2483 „Weissagung“
745 2420 816 2480 geht
838 2420 887 2480 der
910 2421 1030 2481 Dichter
1059 2420 1113 2480 mit
1136 2420 1234 2480 vollem
1280 2423 1455 2483 Millionen
1489 2423 1615 2483 Kräften
1649 2423 1676 2483 im
1720 2423 1824 2483 hohlen
1858 2421 1995 2481 Spiegel
2018 2421 2105 2481 einer
2128 2420 2243 2480 Forme

2289 2433 2424 2493 glaubt.
2448 2432 2582 2492 „Keiner
2606 2432 2701 2492 kennt
2724 2429 2780 2489 den
2809 2432 2955 2492 andern,
2973 2432 3057 2492 jeder
3086 2432 3119 2492 ist
3142 2429 3260 2489 allein"

264 2471 361 2531 Ernst
405 2471 441 2531 an
473 2470 521 2530 die
546 2470 767 2530 Geheimnisse
811 2469 865 2529 der
891 2469 988 2529 Seele
1032 2469 1130 2529 heran
1186 2471 1246 2531 und
1284 2474 1516 2534 einzufangen.
1536 2472 1591 2532 Ja,
1610 2471 1701 2531 wärst
1727 2471 1757 2531 du
1788 2470 1977 2530 erschaudert
1997 2470 2052 2530 vor
2077 2469 2126 2529 dem
2163 2468 2261 2528 Hauch
2292 2473 2377 2533 Doch
2409 2477 2458 2537 die
2483 2479 2666 2539 Sehnsucht
2716 2478 2789 2538 nach
2820 2480 3023 2540 Abenteuern
3067 2478 3127 2538 und
3159 2480 3275 2540 Genuß

264 2519 388 2579 schließt
416 2519 545 2579 bewußt
578 2518 637 2578 mit
664 2518 750 2578 einem
799 2519 1042 2579 Fragezeichen.
1064 2516 1134 2576 Der
1167 2517 1253 2577 Hell=
1280 2520 1334 2580 der
1361 2520 1490 2580 tausend
1524 2519 1701 2579 Schicksale,
1729 2519 1777 2579 der
1805 2519 1842 2579 um
1891 2519 1988 2579 meine
2015 2516 2128 2576 Stirne
2161 2518 2247 2578 fließt

2289 2527 2430 2587 brennt,
2459 2528 2487 2588 so
2527 2528 2622 2588 lange
2657 2526 2713 2586 wir
2747 2528 2877 2588 atmen,
2906 2525 2967 2585 wir
3002 2527 3108 2587 wollen
3154 2527 3182 2587 in
3222 2527 3272 2587 ge¬

1281 2570 1307 2630 so
1334 2570 1418 2630 hätt'
1439 2569 1476 2629 ich
1498 2567 1614 2627 bleiben
1646 2567 1757 2627 dürfen
1789 2567 1847 2627 und
1880 2566 1985 2626 unsere
2012 2566 2123 2626 Seelen
2155 2564 2255 2624 wären

268 2570 351 2630 seher
381 2570 454 2630 kann
495 2568 548 2628 dem
588 2567 691 2627 Herrn
726 2567 784 2627 von
819 2567 986 2627 Umprecht
1011 2566 1065 2626 den
1100 2566 1256 2626 Moment

2295 2574 2455 2634 steigerten
2489 2574 2716 2634 Augenblicken
2767 2573 2821 2633 den
2861 2573 2943 2633 Sinn
3000 2573 3049 2633 des
3083 2573 3199 2633 Lebens
3233 2571 3277 2631 er¬

270 2618 366 2678 seines
394 2616 506 2676 Endes
534 2614 582 2674 als
610 2616 718 2676 Vision
751 2614 939 2674 vorgaukeln
972 2614 1036 2674 und
1064 2614 1118 2674 das
1145 2614 1247 2674 Opfer
1280 2616 1436 2676 vielleicht
1486 2614 1674 2674 ineinander
1723 2614 1944 2674 verschmolzen
1999 2614 2025 2674 in
2080 2612 2133 2672 der
2182 2612 2263 2672 Glut

2293 2623 2388 2683 fassen
2429 2620 2485 2680 und
2519 2621 2547 2681 in
2588 2623 2694 2683 seliger
2729 2620 2926 2680 Umarmung
2961 2621 3017 2681 alle
3046 2623 3181 2683 Zweifel
3210 2619 3276 2679 ver¬

264 2664 398 2724 entgeht
431 2663 485 2723 der
518 2665 733 2725 Weissagung
787 2665 868 2725 trotz
917 2663 1148 2723 verzweifelter
1187 2660 1251 2720 An=
1284 2664 1483 2724 namenloser
1511 2662 1710 2722 Schmerzen.
1732 2662 1774 2722 So
1807 2664 1871 2724 aber
1899 2662 2006 2722 tiefer,
2023 2660 2071 2720 als
2099 2659 2152 2719 vor
2180 2659 2249 2719 aller

2294 2671 2417 2731 gessen.
2441 2671 2553 2731 Uralte
2583 2668 2759 2728 Sehnsucht
2789 2669 2871 2729 jedes
2907 2669 3160 2729 Erdenpilgers,
3184 2668 3271 2728 jedes

265 2714 435 2774 strengung
466 2714 565 2774 nicht.
583 2713 665 2773 Sind
695 2713 753 2773 wir
778 2713 836 2773 also
866 2713 1001 2773 unserer
1026 2713 1243 2773 Bestimmung
1279 2712 1414 2772 Masken
1450 2712 1508 2772 und
1538 2712 1696 2772 Wundern
1732 2710 1785 2770 der
1816 2710 1897 2770 Welt
1922 2711 2015 2771 graut
2045 2708 2098 2768 mir
2128 2707 2180 2767 vor
2204 2707 2257 2767 der
2293 2718 2522 2778 Gottsuchers,
2541 2718 2622 2778 heiße
2647 2718 2675 2778 er
2700 2718 2758 2778 nun
2788 2719 2887 2779 Faust
2912 2719 2982 2779 oder
3006 2719 3070 2779 Don
3100 2718 3211 2778 Juan,
3230 2716 3270 2776 So

1281 2761 1450 2821 steinernen
1508 2761 1616 2821 Fratze
1668 2758 1776 2818 deiner
1828 2757 2013 2817 Weisheit.“
2065 2755 2142 2815 Eine
2199 2755 2250 2815 ver

268 2764 420 2824 unterten
460 2763 518 2823 und
553 2763 671 2823 wickelt
696 2764 739 2824 sich
774 2761 867 2821 unser
897 2761 990 2821 Leben
1030 2761 1064 2821 ab
1094 2761 1162 2821 nach
1197 2760 1231 2820 un

2295 2767 2395 2827 stürzt
2413 2767 2460 2827 sich
2490 2766 2632 2826 Fridolin
2662 2764 2714 2824 für
2739 2764 2803 2824 eine
2828 2764 2927 2824 Nacht
2946 2764 2975 2824 in
2999 2765 3052 2825 den
3082 2764 3276 2824 geheimnis¬

267 2811 525 2871 veränderlichen
564 2810 730 2870 Gesetzen,
752 2810 800 2870 die
833 2809 892 2869 wir
925 2809 1005 2869 nicht
1032 2809 1242 2869 beeinflussen
1286 2808 1447 2868 nichtende
1501 2806 1630 2866 Absage
1685 2806 1722 2866 an
1782 2805 1975 2865 hochmütige
2013 2803 2271 2863 Überlegenheit,

2293 2811 2395 2871 vollen
2429 2812 2553 2872 Trubel
2576 2811 2667 2871 eines
2696 2811 2949 2871 Maskenfestes,
2973 2811 3103 2871 nachdem
3148 2811 3176 2871 er
3205 2811 3278 2871 vor¬

1282 2858 1329 2918 ein
1367 2853 1783 2913 dichterisch-beschwingtes
1815 2853 2020 2913 Bekenntnis
2053 2852 2105 2912 zum
2153 2850 2247 2910 Leben

269 2861 415 2921 können?
440 2859 511 2919 Der
537 2859 662 2919 Dichter
693 2859 794 2919 bleibt
820 2859 880 2919 uns
911 2859 961 2919 die
987 2858 1072 2918 klare
1098 2856 1239 2916 Antwor

2289 2859 2347 2919 her
2381 2859 2423 2919 ein
2456 2861 2635 2921 Dirnchen,
2678 2859 2726 2919 ein
2760 2859 2889 2919 armes,
2932 2859 3030 2919 liebes
3063 2859 3165 2919 Kind,
3209 2859 3278 2919 eine

272 2910 428 2970 schuldig;
454 2910 528 2970 über
554 2910 603 2970 die
629 2908 728 2968 letzten
760 2907 878 2967 Rätsel
898 2907 1023 2967 werden
1055 2906 1117 2966 wir
1143 2905 1254 2965 immer
1286 2904 1323 2964 zu
1355 2903 1411 2963 dem
1455 2902 1630 2962 Gefährten
1668 2901 1724 2961 von
1762 2901 1837 2961 Lust
1863 2901 1924 2961 und
1957 2902 2118 2962 Schmerz,
2144 2901 2175 2961 zu
2213 2899 2262 2959 der
2294 2905 2431 2965 Stunde
2463 2907 2487 2967 in
2526 2907 2626 2967 seinem
2677 2907 2738 2967 Arm
2783 2907 2951 2967 gehalten.
2996 2907 3057 2967 Die
3090 2907 3270 2967 gewohnten

265 2958 385 3018 wieder
424 2959 558 3019 grübeln
603 2958 666 3018 und
706 2957 820 3017 immer
859 2955 973 3015 wieder
1012 2955 1126 3015 unsere
1159 2954 1254 3014 Ohn=
1274 2949 1452 3009 Heiligkeit
1479 2949 1529 3009 der
1562 2949 1721 3009 Gefühle.
1741 2948 1842 3008 Unser
1868 2946 1983 3006 Wissen
2015 2946 2053 3006 ist
2073 2946 2270 3006 Stückwerk,
2296 2953 2436 3013 Normen
2469 2955 2602 3015 scheinen
2641 2956 2685 3016 ihm
2731 2956 2781 3016 für
2814 2955 2890 3015 diese
2916 2955 3018 3015 Nacht
3044 2956 3126 3016 nicht
3153 2955 3184 3015 zu
3216 2953 3280 3013 gel¬

1290 3000 1554 3060 Vergangenheit
1576 2997 1728 3057 versinkt,
1744 2997 1955 3057 Zukünftiges
1982 2996 2013 3056 ist
2036 2997 2172 3057 Ahnung
2204 2995 2262 3055 und

2297 3004 2366 3064 ten.
2394 3003 2463 3063 Was
2496 3003 2528 3063 er
2556 3001 2630 3061 sieht
2658 3003 2722 3063 und
2750 3003 2841 3063 hört,
2863 3003 2970 3063 erhält
2998 3003 3051 3063 von
3084 3001 3137 3061 der
3165 3002 3283 3062 Atmo¬

267 3006 367 3066 macht
388 3006 569 3066 bekennen.
590 3006 655 3066 Und
686 3005 777 3065 unser
797 3003 979 3063 Gefährte?
999 3003 1115 3063 Bleibt
1136 3003 1165 3063 er
1191 3003 1251 3063 uns

1278 3044 1433 3104 Wunsch.
1475 3044 1536 3104 Die
1568 3044 1769 3104 Gegenwart
1816 3044 1857 3104 ist
1884 3043 1976 3103 unser
2003 3041 2090 3101 Teil,
2133 3044 2204 3104 auch
2236 3042 2261 3102 in

2295 3050 2407 3110 sphäre
2458 3049 2514 3109 des
2565 3050 2822 3110 Phantastischen
2879 3048 2973 3108 einen
3049 3050 3274 3110 traumhaften

269 3055 354 3115 nicht
380 3053 455 3113 ewig
486 3053 612 3113 fremd?
643 3053 825 3113 Katharina
860 3050 920 3110 und
951 3050 1067 3110 Albert
1093 3049 1158 3109 sind
1189 3047 1244 3107 ver

1285 3091 1333 3151 ihr
1363 3092 1510 3152 wandeln
1549 3090 1607 3150 wir
1642 3092 1749 3152 häufig
1784 3092 1842 3152 auf
1872 3091 2097 3151 unbekanntem
2141 3089 2244 3149 Boden

2299 3098 2494 3158 Schimmer.
2515 3098 2638 3158 Schöne
2669 3097 2767 3157 nackte
2793 3098 2921 3158 Frauen
2958 3098 3070 3158 tanzen
3132 3098 3188 3158 vor
3215 3098 3260 3158 ihn

268 3104 421 3164 heiratet,
442 3104 510 3164 doch
541 3102 570 3162 er
600 3101 674 3161 weiß
710 3101 803 3161 nichts
834 3100 893 3160 von
928 3101 992 3161 ihr,
1012 3098 1046 3158 sie
1072 3098 1240 3158 entschwin

268 3152 317 3212 det
347 3152 425 3212 ihm,
450 3152 493 3212 als
528 3149 656 3209 gehörte
686 3149 724 3209 sie
749 3148 838 3208 einer
868 3146 1004 3206 anderen
1039 3145 1172 3205 Sphäre
1202 3144 1260 3204 an.
1285 3142 1344 3202 dem
1388 3140 1526 3200 Nächsten
1565 3137 1624 3197 und
1659 3137 1717 3197 uns
1752 3138 1840 3198 selbst
1880 3140 1972 3200 fern.
2018 3138 2169 3198 „Masken
2209 3138 2262 3198 und

2292 3143 2358 3203 mit
2380 3144 2570 3204 maskierten
2602 3144 2813 3204 Kavalieren,
2835 3146 2865 3206 er
2892 3146 2948 3206 soll
2969 3146 3015 3206 ein
3047 3145 3284 3205 Losungswort

269 3200 409 3260 Überaus
440 3197 591 3257 sensibel,
617 3197 697 3257 ahnt
718 3196 758 3256 sie
784 3196 965 3256 Ereignisse
996 3195 1137 3255 voraus,
1157 3191 1258 3251 trieb=
1289 3185 1455 3245 Wunder“
1481 3182 1495 3242 —
1547 3184 1596 3244 der
1627 3185 1743 3245 Reigen
1779 3185 1849 3245 geht
1875 3185 2000 3245 weiter.

2288 3191 2443 3251 nennen,
2474 3191 2549 3251 weiß
2585 3191 2614 3251 es
2650 3192 2735 3252 nicht
2766 3191 2831 3251 und
2867 3191 2952 3251 seine
2983 3194 3163 3254 Partnerin
3204 3194 3274 3254 muß

1329 3236 1395 3296 Wie
1422 3235 1508 3295 sollen
1545 3233 1601 3293 wir
1627 3233 1673 3293 die
1699 3233 1843 3293 seltsame
1869 3233 2034 3293 Geschichte
2055 3231 2265 3291 hinnehmen,
2297 3239 2347 3299 ihm
2389 3239 2476 3299 durch
2502 3239 2569 3299 ihre
2595 3239 2739 3299 Hingabe
2765 3239 2795 3299 an
2832 3239 2888 3299 alle
2909 3239 3027 3299 andere
3053 3242 3202 3302 Männer
3228 3240 3279 3300 des

269 3248 339 3308 haft
390 3248 450 3308 und
491 3245 840 3305 verantwortungslos
896 3245 971 3305 gibt
997 3245 1037 3305 sie
1063 3245 1113 3305 sich
1169 3242 1239 3302 jede

1283 3282 1332 3342 die
1360 3280 1426 3340 Dr.
1443 3280 1603 3340 Wehwald
1659 3280 1713 3340 von
1752 3282 1940 3342 Redegonda
1974 3278 2111 3338 erzählt?
2161 3281 2260 3341 („Das
2294 3286 2420 3346 Zirkels
2449 3286 2498 3346 den
2531 3286 2664 3346 Abgang
2692 3286 2917 3346 ermöglichen.
2940 3286 2984 3346 Am
3024 3286 3155 3346 nächsten
3189 3287 3266 3347 Mor

265 3296 405 3356 Regung
431 3296 509 3356 hin,
525 3295 592 3355 eine
624 3292 800 3352 „Fremde“
827 3292 1040 3352 wahrhaftig.
1072 3289 1253 3349 Siegmund

2288 3336 2351 3396 gen
2383 3333 2499 3393 forscht
2547 3333 2579 3393 er
2611 3334 2679 3394 nach
2712 3331 2764 3391 der
2796 3334 2965 3394 Retterin.
3009 3334 3214 3394 Vergebens,
3241 3334 3267 3394 im

264 3346 366 3406 Freud
399 3346 507 3406 würde
535 3344 566 3404 sie
600 3343 664 3403 eine
692 3340 913 3400 Neurotikerin
941 3340 1065 3400 nennen
1104 3340 1162 3400 und
1196 3337 1249 3397 das
1282 3331 1449 3391 Tagebuch
1494 3329 1547 3389 des
1596 3328 1850 3388 Redegonda“.)
1894 3329 1959 3389 Hat
1981 3327 2018 3387 sie
2062 3325 2196 3385 wirklich
2224 3327 2267 3387 die

1285 3378 1395 3438 Dinge
1427 3376 1542 3436 erlebt,
1569 3376 1617 3436 die
1649 3376 1685 3436 sie
1723 3376 1806 3436 ihrem
1855 3376 2013 3436 Tagevuch
2045 3373 2260 3433 anvertraut?
2298 3379 2398 3439 Lichte
2446 3379 2498 3439 des
2530 3379 2630 3439 Tages
2683 3379 2836 3439 verblaßt
2884 3379 2936 3439 der
2984 3382 3152 3442 nächtliche
3179 3383 3284 3443 Spuk.

264 3391 304 3451 ist
335 3392 375 3452 sie
416 3394 502 3454 wohl
538 3391 629 3451 auch.
665 3391 741 3451 Ihre
772 3388 919 3448 Wünsche
950 3388 1062 3448 streben
1103 3388 1169 3448 nach
1200 3385 1245 3445 Er

1284 3424 1367 3484 War
1394 3425 1430 3485 sie
1457 3422 1641 3482 Wehwalds
1673 3422 1820 3482 Geliebte
1852 3424 1920 3484 oder
1952 3423 2041 3483 haben
2078 3421 2125 3481 die
2152 3421 2256 3481 beiden
2294 3426 2467 3486 Nochmals
2499 3428 2614 3488 glaubt
2641 3427 2667 3487 er
2699 3427 2725 3487 in
2783 3428 2872 3488 einem
2941 3430 3020 3490 totem
3068 3430 3283 3490 Frauenleib,

269 3439 397 3499 füllung
434 3442 495 3502 und
533 3439 610 3499 diese
641 3436 811 3496 Erfüllung
848 3436 1029 3496 verkörpert
1060 3436 1106 3496 sich
1138 3434 1189 3494 für
1226 3433 1261 3493 sie

1290 3471 1346 3531 auf
1378 3471 1615 3531 telepathischem
1668 3470 1760 3530 Wege
1792 3471 1858 3531 ihre
1890 3471 2065 3531 Phantasie
2097 3468 2128 3528 zu
2170 3468 2252 3528 einem

2297 3474 2350 3534 den
2383 3474 2415 3534 er
2443 3474 2469 3534 im
2530 3474 2724 3534 Seziersaal
2747 3474 2898 3534 entdeckt,
2942 3477 2990 3537 die
3034 3477 3196 3537 Ersehnte
3245 3480 3272 3540 zu

268 3486 292 3546 in
338 3486 391 3546 dem
441 3486 624 3546 geeigneten
669 3484 930 3544 Liebespartner.
960 3483 1039 3543 Gott
1074 3480 1177 3540 Eros,
1208 3480 1256 3540 der

1286 3523 1360 3583 Ziel
1386 3521 1536 3581 gelangen
1593 3519 1713 3579 lassen,
1739 3519 1793 3579 das
1824 3519 1914 3579 ihnen
1970 3516 2136 3576 verwehrt
2182 3516 2266 3576 war?

2294 3522 2427 3582 finden.
2448 3522 2509 3582 Der
2537 3522 2665 3582 stumme
2696 3522 2799 3582 Mund
2831 3522 2990 3582 schweigt,
3006 3523 3063 3583 das
3094 3525 3279 3585 gebrochene

264 3534 318 3594 dem
364 3534 462 3594 Leben
502 3534 616 3594 ebenso
652 3531 874 3591 verschwistert
904 3529 939 3589 ist
974 3528 1028 3588 wie
1064 3528 1118 3588 dem
1168 3528 1246 3588 Tode

1282 3568 1478 3628 Gleichviel;
1509 3567 1569 3627 wer
1600 3567 1635 3627 an
1696 3567 1837 3627 geheime
1868 3564 2090 3624 Seelenkräfte
2147 3564 2262 3624 glaubt

2297 3571 2388 3631 Auge
2421 3570 2562 3630 verbirgt
2589 3570 2675 3630 jedes
2709 3570 2914 3630 Geheimnis.
2936 3570 2984 3630 So
3012 3570 3099 3630 kehrt
3126 3573 3272 3633 Fridolin

270 3583 352 3643 wird
379 3583 404 3643 im
446 3585 584 3645 Taumel
606 3582 651 3642 die
683 3582 811 3642 hehrsten
848 3579 1059 3639 Geheimnisse
1086 3576 1240 3636 enthüllen

1286 3615 1370 3675 wird
1397 3616 1565 3676 Schnitzler
1613 3615 1713 3675 gerne
1740 3615 1866 3675 folgen,
1909 3612 1971 3672 und
2004 3613 2051 3673 der
2099 3612 2267 3672 Skeptiker

2297 3618 2480 3678 ernüchtert
2514 3619 2540 3679 zu
2584 3618 2681 3678 seiner
2714 3618 2876 3678 ärztlichen
2920 3618 3038 3678 Pflicht
3066 3621 3190 3681 zurück,
3218 3620 3271 3680 aus

270 3632 400 3692 deshalb
431 3632 481 3692 das
512 3631 733 3691 unersättliche
759 3629 890 3689 Streben
926 3627 991 3687 nach
1022 3627 1172 3687 Begierde
1198 3624 1253 3684 und

1291 3664 1366 3724 wird
1394 3666 1464 3726 eben
1503 3663 1638 3723 lächelnd
1672 3663 1725 3723 den
1758 3663 1845 3723 Kopf
1873 3660 2041 3720 schütteln.

2296 3668 2348 3728 der
2381 3666 2481 3726 Weite
2513 3665 2539 3725 in
2577 3663 2624 3723 die
2651 3664 2740 3724 Enge
2773 3666 2873 3726 seines
2905 3666 3048 3726 Berufes
3086 3668 3144 3728 und
3176 3667 3276 3727 seiner

274 3681 358 3741 Lust.
384 3681 460 3741 Karl
485 3680 717 3740 Breiteneder,
732 3676 782 3736 der
808 3675 888 3735 seine
919 3675 1090 3735 erblindete
1126 3672 1261 3732 Heliebte

2296 3716 2378 3776 Ehe,
2399 3715 2440 3775 ein
2476 3714 2595 3774 Diener
2627 3712 2683 3772 und
2714 3713 2823 3773 Helfer
2849 3713 2900 3773 der
2926 3714 3174 3774 Gemeinschaft.
3195 3710 3277 3770 Vor¬

1327 3719 1391 3779 Der
1439 3721 1561 3781 „Held“
1593 3719 1646 3779 der
1673 3717 1805 3777 Novelle
1854 3717 1943 3777 „Der
1971 3713 2124 3773 Mörder“
2157 3713 2188 3773 ist
2215 3713 2257 3773 ein

269 3728 321 3788 das
353 3729 451 3789 „neue
478 3728 592 3788 Lied“,
609 3725 665 3785 das
697 3724 765 3784 Lied
792 3724 880 3784 ihrer
906 3722 1125 3782 schmerzlichen
1157 3722 1261 3782 Sehn¬

2299 3766 2348 3826 her
2384 3764 2449 3824 muß
2484 3762 2514 3822 er
2545 3761 2715 3821 allerdings
2751 3761 2815 3821 noch
2851 3761 2896 3821 die
2926 3761 3101 3821 schaurigen
3137 3761 3277 3821 Traum¬

279 3776 355 3836 sucht
387 3776 443 3836 und
479 3776 561 3836 ihrer
593 3772 798 3832 Fügsamkeit
824 3770 849 3830 in
891 3770 931 3830 ein
969 3770 1097 3830 bitteres
1128 3767 1261 3827 Geschick
1288 3767 1467 3827 harmloser
1514 3767 1776 3827 Genußmensch.
1818 3765 1864 3825 Er
1911 3762 1946 3822 ist
1993 3761 2054 3821 mit
2080 3762 2177 3822 seiner
2209 3761 2270 3821 ma¬

275 3826 377 3886 singen
414 3824 500 3884 hört,
521 3824 552 3884 ist
583 3823 696 3883 freilich
727 3819 922 3879 meilenweit
948 3819 999 3879 von
1036 3819 1123 3879 jeder
1149 3815 1256 3875 Meta=
1283 3814 1426 3874 teriellen
1483 3816 1765 3876 Unabhängigkeit
1813 3812 1874 3872 und
1926 3811 1987 3871 mit
2008 3809 2105 3869 seiner
2152 3809 2259 3869 netten
2301 3809 2465 3869 erlebnisse
2496 3809 2594 3869 seiner
2625 3809 2707 3869 Frau
2738 3809 2953 3869 vernehmen,
2975 3809 3030 3869 mit
3057 3809 3154 3869 denen
3211 3806 3277 3866 ver¬

2296 3860 2407 3920 glichen
2455 3860 2513 3920 sein
2545 3860 2667 3920 eigenes
2699 3857 2762 3917 Tun
2800 3857 2857 3917 und
2890 3857 3022 3917 Treiben
3054 3860 3111 3920 fast
3134 3857 3276 3917 harmlos

275 3875 394 3935 physik,
420 3872 475 3932 von
511 3872 596 3932 jeder
627 3867 868 3927 Seelenkunde,
893 3866 1048 3926 entfernt.
1094 3864 1139 3924 Er
1170 3865 1260 3925 spürt
1291 3863 1462 3923 Freundin
1497 3863 1522 3923 so
1558 3863 1652 3923 lange
1683 3860 1864 3920 zufrieden,
1890 3860 1934 3920 bis
1970 3860 2050 3920 seine
2081 3858 2186 3918 Sinne
2217 3858 2261 3918 ihn

2297 3907 2471 3967 erscheint.

1289 3910 1379 3970 einer
1408 3908 1542 3968 anderen
1581 3910 1662 3970 Frau
1701 3905 1883 3965 zutreiben.
1907 3907 1974 3967 Nun
2008 3905 2156 3965 gewinnt
2181 3905 2252 3965 lang

275 3919 351 3979 nur,
390 3920 448 3980 daß
506 3919 587 3979 seine
621 3916 727 3976 Marie
756 3913 872 3973 anders
906 3913 1088 3973 geworden,
1113 3913 1165 3973 daß
1200 3910 1257 3970 aus

2331 3956 2410 4016 „Die
2443 3952 2561 4012 Seele,
2583 3953 2626 4013 ein
2670 3950 2777 4010 weites
2816 3952 2944 4012 Land“.
2972 3952 3042 4012 Alle
3075 3954 3284 4014 Gegensätze,

280 3969 359 4029 ihren
390 3967 465 4027 toten
501 3967 606 4027 Augen
642 3964 691 4024 das
722 3964 847 4024 Grauen
878 3961 923 4021 ihn
954 3961 1089 4021 ansieht,
1110 3959 1144 4019 da
1170 3958 1260 4018 flieht
1291 3958 1381 4018 sam,
1402 3956 1471 4016 aber
1502 3955 1703 4015 unerbittlich
1739 3953 1788 4013 der
1819 3955 1945 4015 Wunsch
1996 3954 2025 4014 in
2061 3952 2105 4012 ihm
2156 3954 2246 4014 Raum

264 4015 315 4075 er,
341 4015 382 4075 ein
424 4015 671 4075 Undankbarer,
697 4012 738 4072 ein
775 4008 1012 4068 Unwissender.
1039 4006 1105 4066 Und
1142 4006 1249 4066 Marie
1281 4006 1368 4066 Elise
1400 4003 1616 4063 loszuwerden
1653 4003 1688 4063 um
1735 4003 1833 4063 Adele
1860 4003 1890 4063 zu
1922 4001 2060 4061 besitzen.
2082 4000 2143 4060 Die
2169 4000 2251 4060 bösen
2293 4000 2375 4060 alles
2407 4000 2494 4060 Gute
2531 4000 2593 4060 und
2624 4000 2799 4060 Schlimme
2831 4000 2887 4060 hat
2918 4002 3011 4062 Raum
3058 4001 3083 4061 in
3125 4000 3186 4060 ihr.
3218 4002 3274 4062 Die

273 4066 326 4126 hat
357 4066 416 4126 mit
441 4066 525 4126 ihrem
574 4061 826 4121 Liebeserlebnis
863 4058 918 4118 den
948 4057 1092 4117 Glauben
1135 4057 1165 4117 an
1208 4056 1255 4116 die
1286 4054 1442 4114 Instikte,
1455 4054 1503 4114 die
1522 4054 1612 4114 wohl
1630 4054 1708 4114 schon
1739 4054 1829 4114 lange
1853 4054 1877 4114 in
1908 4054 1955 4114 ihm
1986 4051 2119 4111 ruhten,
2138 4051 2257 4111 brechen
2294 4051 2480 4111 Sehnsucht
2511 4051 2577 4111 nach
2608 4051 2740 4111 völliger
2771 4051 2994 4111 Vereinigung
3031 4051 3054 4111 in
3091 4051 3180 4111 Liebe
3211 4051 3271 4111 und
