3436 4384
1494 318 1630 378 box
1712 321 1905 381 44/2

210 318 338 378 12.
399 325 886 385 Schnitzler
947 331 985 391 s
1056 321 1283 381 Death

1250 1359 1297 1419 die
1336 1358 1448 1418 Halle,
1487 1357 1524 1417 um
1572 1359 1637 1419 nach
1676 1363 1780 1423 kurzer
1810 1363 1998 1423 Begvüßung
2056 1363 2139 1423 einen
2180 1365 2264 1425 zöge.
2284 1364 2320 1424 Zu
2359 1364 2405 1424 den
2435 1365 2547 1425 Dingen
2577 1366 2624 1426 des
2654 1366 2804 1426 Theaters
2833 1366 3069 1426 zurücklehrend,

332 1384 533 1444 Kunst
591 1384 703 1444 und
772 1386 1199 1446 Wissenschaft

1245 1399 1466 1459 Spazurgang
1519 1402 1767 1462 vorzuschlagen.
1813 1404 1879 1464 „Im
1938 1402 2042 1462 Cpiel
2095 1402 2140 1462 der

2176 1402 2289 1462 kommt
2308 1405 2361 1465 das
2386 1405 2536 1465 Gespräch
2561 1405 2614 1465 auf
2633 1405 2680 1465 den
2705 1405 2951 1465 amerikanischen
2982 1406 3048 1466 Dra

3099 1408 3182 1468 Nöte
3215 1411 3240 1471 er
3273 1411 3388 1471 warme

1238 1438 1495 1498 Sommerlüfte“
1530 1440 1603 1500 liegt
1634 1441 1682 1501 der
1712 1440 1998 1500 St.=Moritz=See,
2019 1442 2127 1502 sonnen

2167 1444 2302 1504 matiker
2326 1441 2462 1501 O'Neill
2486 1445 2539 1505 und
2569 1446 2657 1506 dessen
2688 1444 2876 1504 „Seltsames
2907 1446 3053 1506 Zwischen

3152 1457 3227 1517 Das
3254 1459 3386 1519 Probler

323 1471 648 1531 Frinnerungen
698 1471 744 1531 an
784 1468 946 1528 Arthur
986 1471 1195 1531 Schnitzler

1244 1477 1459 1537 überblendet,
1482 1480 1532 1540 von
1566 1480 1687 1540 leichtem
1732 1480 1820 1540 Wind
1849 1480 2025 1540 gekräuselt,
2048 1480 2130 1540 gebet

2175 1483 2281 1543 spiel".
2305 1484 2476 1544 Schnitzler
2512 1486 2665 1546 moquiert
2702 1486 2748 1546 sich
2784 1486 2861 1546 über
2897 1486 2943 1546 die
2980 1483 3073 1543 „Ent¬

3099 1498 3159 1558 ler.
3206 1497 3250 1557 Er
3282 1497 3373 1557 glaub

1239 1518 1290 1578 tet
1311 1518 1336 1578 in
1374 1518 1498 1578 waldige
1524 1519 1643 1579 Berge,
1664 1521 1746 1581 deren
1778 1521 1887 1581 Gipfel
1908 1521 2125 1581 morgendliche

2170 1521 2307 1581 deckung"
2348 1521 2397 1581 der
2425 1524 2774 1584 Psychoanalyse
2802 1524 2890 1584 durch
2924 1524 2968 1584 den
3007 1521 3062 1581 klei

542 1530 796 1590 Morgenstunde
824 1530 844 1590 in
879 1531 968 1591 Wien

3097 1539 3250 1599 Rußland
3273 1539 3363 1599 geschä

1243 1557 1417 1617 Neuschnee
1449 1558 1549 1618 krönt.
1576 1560 1781 1620 Hotelpaläste
1813 1560 2003 1620 synkopieren
2046 1558 2129 1618 Hrof

2171 1563 2228 1623 nen
2263 1563 2384 1623 Moritz
2408 1563 2460 1623 aus
2490 1563 2646 1623 Amerika,
2669 1563 2698 1623 in
2728 1563 2808 1623 Form
2856 1564 3069 1624 Molidrescher

3098 1578 3160 1638 aus
3192 1575 3310 1635 eigener
3336 1576 3379 1636 An

366 1589 657 1649 Sywestermorgen
694 1591 781 1651 1927,
804 1590 861 1650 zehn
898 1590 985 1650 Grad
1015 1590 1103 1650 unter
1132 1590 1211 1650 Null

1244 1599 1292 1659 die
1319 1599 1508 1659 Landschaft.
1536 1599 1698 1659 Schnitzler
1731 1601 1838 1661 beklagt
1866 1600 1909 1660 die
1936 1599 2022 1659 arme
2050 1599 2125 1659 Nach

2165 1602 2184 1662 à
2220 1605 2330 1665 parts.
2376 1605 2491 1665 Ebenso
2527 1603 2673 1663 amüsant
2699 1605 2799 1665 findet
2824 1605 2995 1665 Schnitzler
3031 1603 3055 1663 es

3103 1615 3150 1675 den
3190 1617 3387 1677 Bolschewis,

309 1632 481 1692 strahlende
519 1629 635 1689 Sonne
685 1632 740 1692 und
796 1629 907 1689 blauer
957 1629 1098 1689 Himmel
1142 1629 1209 1689 über

1243 1638 1333 1698 welt,
1353 1638 1413 1698 die,
1439 1638 1489 1698 auf
1515 1638 1570 1698 den
1605 1638 1736 1698 Spuren
1787 1638 1912 1698 unserer
1959 1641 2139 1701 verlorenen

2167 1641 2258 1701 wenn
2288 1643 2495 1703 ausländische
2519 1644 2657 1704 Kritiker
2681 1645 2703 1705 in
2733 1645 2779 1705 ihm
2826 1644 2906 1704 einen
2935 1644 3067 1704 Schüler
3103 1655 3258 1715 Während
3316 1657 3373 1717 wir

308 1670 423 1730 Wien.
464 1671 533 1731 Von
574 1668 707 1728 Hietzing
760 1668 892 1728 schweift
940 1671 991 1731 der
1027 1671 1113 1731 Blick
1143 1671 1217 1731 über

1247 1680 1316 1740 Zeit
1342 1677 1518 1737 wandelnd,
1539 1680 1705 1740 angesichts
1736 1680 1821 1740 dieses
1851 1680 1977 1740 stillosen
2013 1680 2143 1740 Konglo¬

2175 1680 2226 1740 der
2256 1683 2493 1743 Psychoanalyse
2529 1683 2719 1743 mutmaßen.
2743 1686 2893 1746 Dichtung
2935 1683 2975 1743 sei
2999 1683 3068 1743 stets

3098 1698 3353 1758 Spazierganges

317 1713 454 1773 hügelige
479 1710 671 1770 Landschaft,
696 1710 755 1770 man
792 1710 900 1770 könnte
931 1712 1075 1772 wähnen,
1100 1713 1123 1773 in
1160 1710 1207 1770 der

1247 1717 1363 1777 merats
1395 1716 1532 1776 Schlüsse
1586 1718 1643 1778 auf
1670 1720 1717 1780 die
1744 1718 1934 1778 Architektur
1982 1718 2034 1778 von
2093 1718 2124 1778 de

2173 1724 2421 1784 seelenschärfend
2458 1724 2516 1784 aus
2549 1724 2733 1784 Intuition,
2760 1724 2823 1784 also
2861 1724 3055 1784 psychoanaly

3098 1736 3174 1796 blick
3200 1736 3257 1796 auf
3290 1739 3334 1799 die
3360 1739 3378 1799 z

313 1748 398 1808 Harz
430 1750 545 1810 versetzt
577 1748 601 1808 zu
638 1749 717 1809 sein.
736 1748 797 1808 Die
828 1749 901 1809 Luft
927 1748 969 1808 ist
994 1748 1055 1808 klar
1092 1748 1153 1808 wie
1184 1749 1208 1809 in
1246 1757 1300 1817 20.
1319 1757 1558 1817 Jahrhunderts
1589 1759 1705 1819 Beginn
1743 1760 1834 1820 ziehen
1866 1760 1945 1820 wag.
1970 1760 2031 1820 Vor
2062 1758 2129 1818 unse

2174 1763 2244 1823 tisch
2270 1763 2295 1823 in
2321 1763 2404 1823 einem
2443 1763 2584 1823 weiteren
2617 1763 2693 1823 Sinn
2725 1766 2866 1826 gewesen,
2886 1767 2937 1827 als
2957 1764 3052 1824 psycho

3096 1777 3235 1837 gänger:
3286 1778 3375 1838 „Zwe

313 1792 362 1852 den
401 1790 544 1850 Bergen.
567 1788 633 1848 Von
672 1790 721 1850 der
761 1790 1004 1850 wunderschönen
1043 1790 1125 1850 Villa
1165 1790 1208 1850 des

1243 1796 1294 1856 ren
1330 1799 1428 1859 Augen
1460 1799 1604 1859 erscheint
1630 1798 1681 1858 das
1708 1799 1831 1859 schäefer
1853 1799 2028 1859 profilierte
2054 1799 2131 1859 Carl

2169 1804 2300 1864 logische
2327 1804 2582 1864 Schulweisheit.

3093 1816 3178 1876 nicht
3205 1817 3386 1877 vertragen,

308 1830 455 1890 Dichters
485 1832 514 1892 im
556 1831 744 1891 Währinger
768 1832 915 1892 Cottage,
939 1832 1045 1892 mitten
1063 1829 1086 1889 im
1122 1829 1204 1889 Park

1240 1839 1317 1899 toa,
1340 1838 1395 1898 und
1429 1838 1467 1898 ich
1495 1838 1644 1898 erinnere
1672 1841 1706 1901 an
1739 1841 1789 1901 das
1822 1839 1977 1899 verfilmte
2006 1838 2144 1898 Fräu¬

3102 1856 3229 1916 gehen".
3255 1856 3357 1916 Whrt

2231 1862 2405 1922 Schnitzler
2432 1862 2485 1922 hat
2513 1863 2559 1923 es,
2579 1862 2639 1922 wie
2667 1862 2720 1922 aus
2754 1863 2848 1923 seinem
2895 1862 2995 1922 „Buch
3022 1862 3068 1922 der

311 1871 392 1931 aus,
422 1874 520 1934 sieht,
543 1872 596 1932 das
654 1871 851 1931 unbewehrte
904 1873 991 1933 Auge
1044 1873 1096 1933 bis
1149 1873 1206 1933 zum

1242 1878 1336 1938 lein
1367 1879 1487 1939 Else,
1508 1880 1593 1940 deren
1629 1880 1734 1940 Vision
1765 1880 1789 1940 in
1825 1880 1875 1940 der
1905 1880 2116 1940 Verkörperun

2166 1902 2319 1962 Sprüche
2350 1903 2405 1963 und
2436 1901 2615 1961 Bedenken"
2646 1901 2775 1961 bekannt
2807 1904 2855 1964 ist,
2881 1901 2935 1961 seit
2961 1903 2991 1963 je
3016 1900 3077 1960 mit
3103 1898 3231 1958 deuten:
3256 1895 3385 1955 Schnitz

312 1913 540 1973 Semmer.

1240 1919 1400 1979 Elisabeth
1434 1921 1600 1981 Bergners
1640 1919 1701 1979 mir
1734 1919 1845 1979 bereits
1885 1922 1934 1982 auf
1968 1922 2018 1982 der
2046 1922 2134 1982 Fahr

2166 1942 2228 2002 der
2257 1942 2426 2002 Kritik.
2449 1939 2579 1999 Manche
2608 1939 2743 1999 Kritiker
2772 1939 2913 1999 erblicken
2947 1941 2975 2001 in
3009 1941 3060 2001 ihm
3106 1936 3286 1996 triebsamen
3332 1936 3388 1996 wie

361 1951 415 2011 In
451 1960 547 2020 diesen
582 1957 755 2017 Zeitläufen
798 1958 845 2018 hat
873 1960 997 2020 Arthur
1033 1958 1198 2018 Schnitz

1239 1957 1298 2017 von
1334 1960 1424 2020 Chur
1455 1958 1540 2018 durch
1576 1957 1626 2017 das
1667 1959 1828 2019 Rhaetikon
1864 1957 2029 2017 gekommen
2070 1957 2130 2017 war

2172 1981 2226 2041 bis
2252 1981 2337 2041 heute
2368 1981 2417 2041 den
2448 1981 2570 2041 Dichter
2596 1984 2644 2044 des
2669 1981 2773 2041 „füßen
2811 1981 2976 2041 Mädels",
2995 1981 3068 2041 ohne
3106 1975 3302 2035 kennenden?
3327 1978 3388 2038 Sei

304 1999 378 2059 ler
408 1999 493 2059 Siun
529 1999 580 2059 und
609 1999 684 2059 Bild
708 1999 759 2059 des
789 1999 926 2059 Dichters
956 1999 984 2059 zu
1019 1999 1135 2059 wahren
1170 1997 1215 2057 ge¬
1245 1997 1285 2057 da
1314 1999 1365 2059 das
1395 1999 1447 2059 von
1482 1999 1527 2059 der
1557 1999 1723 2059 Leinwand
1753 1999 1822 2059 über
1852 1999 1891 2059 die
1921 1997 2070 2057 Nethaut
2094 1997 2116 2057 in

2170 2023 2266 2083 dabei
2289 2023 2321 2083 zu
2359 2020 2527 2080 bemerken,
2555 2023 2609 2083 daß
2642 2023 2679 2083 sie
2713 2020 2804 2080 allein
2837 2020 2973 2080 verkalkt
3006 2020 3064 2080 sind

1240 2038 1374 2098 Innere
1405 2041 1583 2101 projizierte
1614 2041 1687 2101 Bild
1718 2041 1767 2101 des
1798 2041 1846 2101 von
1884 2039 1932 2099 der
1964 2038 2123 2098 Plattforn

312 2041 416 2101 wußt,
433 2041 491 2101 wie
518 2038 586 2098 kaum
629 2041 665 2101 ein
698 2041 845 2101 anderer.
867 2041 930 2101 Der
957 2038 1105 2098 berrliche
1126 2041 1210 2101 Kopf

2172 2064 2219 2124 In
2256 2062 2336 2122 einem
2378 2062 2526 2122 kritischen
2559 2059 2712 2119 Elaborat
2739 2062 2849 2122 konnte
2876 2062 2945 2122 man
2977 2062 3077 2122 jüngst

3276 2068 3363 2128 Schn

1243 2080 1304 2140 aus
1346 2078 1392 2138 dem
1444 2077 1592 2137 Eindruck
1650 2078 1701 2138 der
1759 2080 1861 2140 Natur
1918 2079 2139 2139 hingegebenen

310 2082 368 2142 aus
401 2080 449 2140 dem
488 2079 514 2139 im
558 2080 703 2140 Gespräch
737 2080 774 2140 ein
808 2080 915 2140 blaues
948 2080 1131 2140 Augenpaar
1159 2077 1212 2137 das

2166 2104 2221 2164 die
2254 2103 2448 2163 Feststellung
2482 2101 2603 2161 finden,
2632 2101 2787 2161 Professor
2821 2101 3009 2161 Bernhardi
3037 2099 3064 2159 se

1239 2117 1393 2177 Fräulein
1424 2119 1496 2179 Else
1517 2120 1661 2180 Bergner
1687 2119 1810 2179 plötzlich
1842 2119 1949 2179 wieder
1981 2119 2135 2179 auftaucht

304 2119 498 2179 Gegenüber
525 2119 756 2179 durchleuchtet,
783 2119 835 2179 wie
862 2119 910 2179 die
937 2122 1205 2182 Sonnenstrahler

3153 2130 3243 2190 Nach
3271 2131 3354 2191 mehr

2169 2143 2203 2203 im
2243 2143 2380 2203 Grunde
2410 2143 2449 2203 ein
2484 2141 2725 2201 altgewordener
2755 2140 2887 2200 Anatol,
2933 2140 3050 2200 währen

1236 2158 1413 2218 Schnitzler
1445 2160 1518 2220 weiß
1555 2160 1579 2220 im
1623 2160 1715 2220 ersten
1746 2160 1930 2220 Augenblick
1955 2157 2047 2217 nichts
2084 2157 2133 2217 vor

314 2162 342 2222 in
377 2160 446 2220 zwei
475 2160 608 2220 Fforden
643 2160 903 2220 wiederstrahlen,
944 2160 1111 2220 erschienen
1146 2160 1198 2220 der

3101 2172 3153 2232 der
3186 2172 3371 2232 Zwischenze

2169 2182 2259 2242 einem
2300 2184 2430 2244 Pariser
2461 2181 2591 2241 Kritiler
2623 2179 2667 2239 die
2698 2181 2884 2241 Entdeckung
2915 2178 3060 2238 vorbehal

310 2200 591 2260 ehrungswürdig,
615 2199 706 2259 selbst
736 2200 822 2260 wenn
857 2200 925 2260 man
966 2201 1064 2261 nichts
1099 2200 1219 2260 wüßte,
1243 2199 1375 2259 Carlton
1416 2199 1473 2259 und
1502 2199 1680 2259 rhaetischer
1710 2199 1795 2259 Bahn
1854 2199 1882 2259 in
1934 2197 2112 2257 Verbindun

3097 2212 3177 2272 „Im
3224 2211 3362 2271 Spiel

2166 2223 2219 2283 ten
2252 2220 2349 2280 blieb,
2377 2223 2403 2283 in
2431 2222 2620 2282 Schnitzlers
2653 2220 2772 2280 Werken
2811 2220 2891 2280 finde
2924 2220 2972 2280 sich
3006 2220 3070 2280 stet¬

1240 2238 1308 2298 mit
1331 2238 1477 2298 Fräulein
1506 2238 1591 2298 Else,
1608 2238 1642 2298 da
1671 2238 1709 2298 er
1738 2239 1794 2299 mit
1812 2238 1863 2298 dem
1903 2238 2026 2298 inneren
2055 2238 2122 2298 Auf

313 2241 373 2301 wer
405 2241 526 2301 Arthur
551 2241 721 2301 Schnitzler
747 2241 795 2301 ist.

3100 2250 3228 2310 schenkte
3251 2253 3306 2313 uns
3334 2253 3378 2313 Ar

2166 2262 2268 2322 etwas
2303 2259 2609 2319 Unvollkommenes,
2638 2261 2712 2321 ohne
2741 2262 2791 2322 den
2832 2262 2962 2322 leisesten
2997 2259 3058 2319 Ver

367 2289 417 2349 Ob
455 2289 517 2349 man
555 2289 604 2349 von
643 2289 692 2349 der
724 2289 968 2349 oberschlesischen
1006 2289 1137 2349 Heimat
1169 2286 1212 2346 er¬
1238 2278 1300 2338 des
1332 2278 1475 2338 Dichters
1513 2279 1569 2339 und
1607 2277 1656 2337 der
1689 2279 1844 2339 Begleiter
1876 2278 2001 2338 filmisch
2033 2277 2132 2337 schaut

3105 2290 3219 2350 endung
3249 2292 3346 2352 seines

2175 2300 2239 2360 such
2266 2301 2350 2361 eines
2376 2301 2565 2361 Nachweises
2592 2302 2625 2362 zu
2658 2301 2893 2361 unternehmer.
2913 2301 2971 2361 Als
2998 2298 3068 2358 Bei¬

1248 2317 1308 2377 Die
1331 2319 1458 2379 Novelle
1481 2319 1625 2379 Fräulein
1654 2319 1725 2379 Else
1747 2320 1830 2380 spielt
1853 2320 1875 2380 in
1904 2319 1969 2379 San
1997 2318 2119 2378 Martin

319 2329 399 2389 zählt
427 2330 494 2390 oder
521 2331 575 2391 der
602 2329 730 2389 Dichter
758 2331 811 2391 sich
839 2331 865 2391 im
913 2330 1060 2390 Anschluß
1095 2328 1128 2388 an
1163 2329 1209 2389 die

3097 2329 3243 2389 „Flych

2178 2344 2247 2404 spiel
2275 2343 2328 2403 für
2356 2343 2404 2403 die
2426 2340 2593 2400 arrocante
2622 2340 2794 2400 Ignoranz
2822 2340 2870 2400 des
2919 2340 3064 2400 kritischer

1240 2366 1277 2426 di
1305 2364 1467 2424 Castrozza
1522 2364 1548 2424 im
1614 2362 1743 2422 Herbst,
1783 2364 1836 2424 der
1885 2364 1961 2424 Film
2027 2364 2064 2424 ist
2113 2361 2140 2421 in

304 2370 439 2430 Lektüre
472 2370 525 2430 der
558 2370 752 2430 Tagebücher
791 2370 931 2430 Theodor
964 2370 1126 2430 Herzl's
1170 2370 1201 2430 er

3105 2370 3218 2430 Vertag
3255 2371 3385 2431 Berlin)

2174 2379 2405 2439 Durchschnitts
2434 2380 2518 2440 führt
2542 2380 2710 2440 Schnitzler
2734 2380 2778 2440 die
2801 2380 2925 2440 kürzlich
2954 2378 3055 2438 erschie

1240 2408 1309 2468 St.
1326 2408 1444 2468 Moritz
1466 2408 1493 2468 im
1531 2408 1655 2468 Winter
1677 2408 1838 2468 gekurbelt.
1855 2408 1919 2468 Der
1947 2405 2070 2465 Dichter
2093 2405 2140 2465 be¬

308 2411 434 2471 innert,
455 2409 666 2469 Persönliches
703 2408 846 2468 mitteilt,
878 2408 936 2468 und
973 2408 1025 2468 wie
1058 2409 1131 2469 stets
1163 2407 1199 2467 be

3096 2412 3154 2472 ßen
3193 2410 3376 2470 Prosawerk

2169 2423 2251 2483 nene
2277 2420 2379 2480 Kritik
2405 2420 2487 2480 einer
2514 2420 2647 2480 Pariser
2673 2420 2998 2480 Literaturzeitschrift
3025 2419 3056 2479 ge

308 2450 431 2510 deutsam
473 2450 602 2510 urteilt,
618 2449 648 2509 ob
680 2447 710 2507 er
736 2449 782 2509 die
803 2448 1045 2508 Bewunderung
1072 2447 1123 2507 für
1154 2447 1205 2507 seit

3095 2450 3167 2510 eine
3201 2453 3286 2513 Frau
3327 2453 3372 2513 sich

1251 2451 1354 2511 stätigt
1381 2450 1471 2510 jedoch
1505 2450 1575 2510 auch
1609 2450 1673 2510 St.
1693 2454 1810 2514 Moritz
1837 2453 1928 2513 gern:
1974 2453 2071 2513 „Hier
2104 2453 2142 2513 ist
2176 2461 2331 2521 legentlich
2364 2460 2409 2520 der
2429 2459 2638 2519 französischen
2671 2459 2885 2519 Uebersetzung
2912 2460 2963 2520 von
2996 2457 3054 2517 Tho

306 2492 445 2552 neuestes
473 2491 580 2551 Werk,
597 2489 645 2549 das
673 2489 759 2549 weise
781 2489 899 2549 „Buch
927 2489 996 2549 der
1024 2489 1212 2549 Sprüche

3101 2492 3219 2552 jüngste
3260 2491 3384 2551 Novelle

1244 2495 1292 2555 die
1320 2495 1391 2555 Luft
1419 2495 1473 2555 wie
1501 2497 1736 2557 Champagner"

2170 2504 2241 2564 mas
2275 2501 2447 2561 Manns
2487 2501 2647 2561 „Tristan"
2682 2500 2736 2560 an.
2781 2498 2892 2558 Dieses
2942 2498 3059 2558 Refera

309 2531 395 2591 und
423 2531 676 2591 Bedenken"
703 2528 854 2588 wahrhaft
876 2528 1016 2588 rührend
1038 2528 1199 2588 bescheiden

2167 2543 2287 2603 gipfelt
2323 2543 2484 2603 angesichts
2525 2537 2576 2597 des
2612 2540 2935 2600 Nobelpreisträgers
2976 2537 3079 2597 darin,
3103 2534 3155 2594 bis
3190 2533 3218 2593 in
3253 2530 3374 2590 Schnitz

1294 2543 1463 2603 Schnitzler
1496 2543 1528 2603 ist
1556 2544 1605 2604 dem
1644 2545 1742 2605 Film
1787 2544 1830 2604 als
1858 2543 1999 2603 Gattung
2027 2543 2125 2603 keines

306 2571 370 2631 wie
397 2572 429 2632 es
462 2570 515 2630 nur
543 2572 597 2632 das
630 2570 727 2630 Genie
760 2570 813 2630 sein
846 2572 938 2632 kann,
966 2570 1025 2630 fast
1047 2569 1187 2629 schüchier

3104 2570 3136 2630 an
3169 2572 3217 2632 die
3240 2570 3369 2630 Meister

1240 2582 1320 2642 wegs
1353 2585 1471 2645 abhold.
1493 2582 1530 2642 Er
1558 2583 1611 2643 hat
1633 2585 1676 2645 ein
1709 2585 1843 2645 Angebot
1865 2585 1918 2645 aus
1946 2583 2145 2643 Hollywood,
2178 2583 2242 2643 man
2280 2582 2376 2642 werde
2404 2582 2447 2642 die
2469 2580 2678 2640 Uebersetzung
2711 2579 2759 2639 der
2792 2579 3050 2639 „Buddenbrooks

304 2611 466 2671 abwehrt,
488 2609 547 2669 wie
575 2611 602 2671 er
629 2608 780 2668 sprühend
813 2610 867 2670 und
917 2608 943 2668 in
998 2608 1197 2668 jugendlicher

3097 2611 3149 2671 die
3178 2611 3359 2671 Finsternis

2169 2622 2369 2682 abzuwarten
2401 2622 2513 2682 haben,
2535 2620 2580 2680 ebe
2602 2620 2668 2680 man
2700 2620 2771 2680 über
2798 2620 2843 2680 den
2875 2617 2967 2677 Wert
2994 2617 3055 2677 Tho

1251 2623 1314 2683 drei
1346 2623 1570 2683 Manuskripte
1603 2625 1634 2685 zu
1673 2623 1833 2683 schreiben,
1865 2623 1942 2683 nicht
1975 2624 2147 2684 abgezehnt.

308 2650 411 2710 Feuer
446 2650 521 2710 über
551 2650 666 2710 James
701 2650 863 2710 Joyce,
904 2648 949 2708 die
1002 2651 1111 2711 Dinge
1164 2648 1209 2708 der

3104 2650 3231 2710 gleiten,
3253 2651 3306 2711 wie
3328 2650 3375 2710 das

1240 2662 1311 2722 Vom
1356 2665 1421 2725 Film
1472 2662 1581 2722 kommt
1610 2664 1658 2724 das
1692 2662 1840 2722 Gespräch
1874 2662 1929 2722 auf
1957 2662 2006 2722 das
2040 2661 2138 2721 Thea-
2167 2659 2238 2719 mas
2271 2661 2397 2721 Manns
2431 2662 2480 2722 sich
2514 2662 2541 2722 im
2586 2659 2684 2719 klaren
2718 2659 2772 2719 sei.
2812 2659 3004 2719 Schnitzler,
3027 2657 3054 2717 er

304 2692 466 2752 Theaters
499 2692 619 2752 handelt
652 2691 704 2751 und
736 2689 793 2749 auf
820 2689 925 2749 Bitten
979 2686 1031 2746 von
1084 2687 1205 2747 eigener

1242 2702 1307 2762 ter.
1350 2706 1415 2766 Ich
1452 2705 1571 2765 gedenke
1608 2704 1655 2764 den
1698 2706 1902 2766 erfolgreichen
1945 2704 2142 2764 Wiederauf=
2173 2701 2256 2761 zählt
2281 2701 2328 2761 r,
2353 2699 2407 2759 und
2437 2698 2449 2758 —
2497 2698 2509 2758 —
2558 2698 2641 2758 Karl
2666 2698 2941 2758 Schoenherr
2972 2697 3068 2757 hätten
3104 2693 3152 2753 den
3188 2692 3236 2752 als
3273 2692 3362 2752 Folge

3101 2730 3312 2790 Sektionsrat
3354 2732 3383 2792 im

307 2734 430 2794 Plänen
467 2731 621 2791 berichtet,
648 2731 699 2791 wie
730 2730 761 2790 er
788 2728 844 2788 teil
870 2730 921 2790 hat
948 2731 983 2791 an
1020 2728 1122 2788 allem,
1149 2728 1210 2788 wal

2169 2737 2222 2797 sich
2253 2740 2370 2800 einmal
2390 2740 2433 2800 den
2468 2740 2576 2800 Scherz
2601 2737 2713 2797 machen
2743 2737 2870 2797 wollen,
2890 2737 2953 2797 ihre
2978 2737 3066 2797 neuer

1244 2743 1357 2803 nahme
1408 2746 1458 2806 des
1504 2746 1792 2806 „Professors
1854 2744 2125 2804 Bernhardi

314 2773 375 2833 uns
403 2774 533 2834 bewegt,
562 2773 609 2833 das
644 2775 685 2835 ist
706 2773 877 2833 menschlich
926 2773 1001 2833 groß
1057 2770 1111 2830 und
1160 2768 1194 2828 er

2171 2782 2285 2842 Stücke
2309 2781 2395 2841 unter
2424 2779 2678 2839 ausgewechselten
2714 2778 2829 2838 Nomen
2858 2776 3077 2836 einzureichen.
3101 2770 3343 2830 Ministerium,

1240 2784 1385 2844 während
1418 2785 1465 2845 der
1498 2785 1709 2845 vergangenen
1742 2783 1886 2843 Berliner
1925 2785 1978 2845 und
2011 2784 2118 2844 Wiene

315 2811 477 2871 schütternd

1240 2823 1411 2883 Spielzeit.
1455 2823 1627 2883 Schnitzler
1665 2823 1778 2883 erklär;
1805 2823 1853 2883 sich
1891 2823 1950 2883 mit
1978 2823 2025 2883 der
2058 2819 2139 2879 Auf=
2166 2819 2252 2879 Hier
2285 2820 2473 2880 protestierte
2500 2820 2537 2880 ich
2576 2818 2629 2878 mit
2656 2817 2704 2877 dem
2748 2817 2936 2877 Bemerken,
2958 2817 2984 2877 so
3012 2819 3071 2879 arg
3098 2811 3388 2871 ordnet-bürgerlic

2167 2861 2278 2921 stünde
2315 2859 2343 2919 es
2385 2859 2420 2919 um
2468 2859 2514 2919 die
2544 2859 2651 2919 Kritik
2681 2859 2710 2919 in
2746 2859 2951 2919 Deutschland
3005 2856 3063 2916 nur

3159 2859 3206 2919 Er
3230 2858 3283 2918 hat
3307 2858 3383 2918 seine

1236 2865 1361 2925 fassung
1416 2865 1651 2925 Kortners
1688 2865 1753 2925 sehr
1784 2862 2030 2922 einverstanden.
2079 2861 2139 2921 Die

519 2892 693 2952 Spazieren
736 2889 763 2949 in
799 2888 868 2948 St.
897 2889 1016 2949 Moritz

3100 2899 3265 2959 verloren,
3289 2899 3368 2959 ohne

1235 2904 1535 2964 Falconetti,
1553 2904 1755 2964 Frankreichs
1785 2904 1877 2964 große
1907 2902 2056 2962 Bühnen-
2086 2901 2138 2961 und
2179 2901 2294 2961 wieder
2324 2901 2409 2961 nicht.

3103 2939 3211 2999 schwer
3249 2939 3275 2999 zu
3319 2941 3389 3001 trag

1245 2946 1580 3006 Filmschauspielerin,
1604 2943 1673 3003 will
1702 2943 1725 3003 im
1772 2944 1899 3004 nächsten
1934 2943 2055 3003 Winter

369 2952 418 3012 Es
455 2949 589 3009 bedeutet
619 2949 683 3009 eine
719 2949 854 3009 günstige
883 2946 1033 3006 Fügung,
1063 2946 1097 3006 am
1141 2946 1212 3006 Tag

2228 2956 2301 3016 Wir
2342 2958 2466 3018 kommen
2507 2958 2535 3018 in
2575 2956 2666 3016 diesem
2718 2956 2984 3016 Zusammenhang
3019 2958 3052 3018 au

3098 2979 3199 3039 Oito,
3225 2979 3313 3039 einem
3358 2980 3376 3040 a

1247 2985 1346 3045 Paris
1380 2985 1440 3045 alle
1469 2982 1641 3042 weiblichen
1674 2982 1780 3042 Rollen
1819 2982 1847 3042 im
1892 2982 2041 3042 „teigen"
2075 2981 2130 3041 spie

310 2992 367 3052 der
402 2991 546 3051 Ankunft
593 2991 650 3051 vor
692 2990 737 3050 dem
790 2988 899 3048 Grand
940 2985 1038 3045 Hotel
1074 2987 1212 3047 Viktorio

2173 3003 2220 3063 die
2242 3003 2373 3063 junge
2400 3003 2675 3063 Generation
2707 3003 2733 3063 zu
2765 3003 2918 3063 sprechen.
2940 3001 3061 3061 Schniz

3096 3018 3197 3078 leidet
3230 3018 3278 3078 seit
3316 3018 3390 3078 seine

1244 3024 1306 3084 len.
1352 3024 1437 3084 Man
1471 3024 1551 3084 liebt
1580 3027 1749 3087 Schnitzler
1784 3024 1841 3084 aus
1875 3021 2130 3081 Wohlverwandt

305 3032 400 3092 einem
447 3030 548 3090 gelben
583 3029 787 3089 Kraftwagen
821 3027 854 3087 zu
889 3027 1059 3087 begegnen,
1083 3026 1110 3086 in
1150 3026 1200 3086 dem

2169 3047 2221 3107 ler
2249 3047 2365 3107 wendet
2386 3047 2434 3107 sich
2461 3044 2635 3104 entschieden
2667 3047 2810 3107 dagegen,
2832 3046 2885 3106 daß
2917 3046 2970 3106 alle
2997 3044 3059 3104 Nas

3101 3059 3202 3119 Tages
3233 3059 3262 3119 in
3292 3057 3393 3117 geistig

1251 3065 1338 3125 schaft
1364 3065 1415 3125 seit
1436 3063 1462 3123 je
1488 3063 1513 3123 in
1550 3065 1647 3125 Paris
1679 3063 1735 3123 und
1761 3062 1812 3122 hat
1838 3062 1915 3122 seine
1942 3060 2044 3120 Werke
2076 3062 2126 3122 aud

310 3072 367 3132 der
402 3073 489 3133 selbst
513 3070 553 3130 am
594 3070 716 3130 Steuer
768 3068 884 3128 sitzende
937 3066 1029 3126 Emil
1076 3065 1203 3125 Ludwig

2175 3090 2245 3150 lang
2275 3092 2316 3152 ein
2352 3091 2440 3151 neues
2470 3090 2711 3150 Originalgenie
2735 3089 2941 3149 proklamiert
2965 3089 3077 3149 werde,
3101 3097 3200 3157 darum
3242 3096 3289 3156 ver
3313 3098 3383 3158 lang

1249 3104 1277 3164 in
1312 3104 1405 3164 letzter
1440 3103 1509 3163 Zeit
1539 3103 1602 3163 viel
1631 3104 1677 3164 ins
1713 3101 1915 3161 Französische
1950 3101 2130 3161 übertragen

314 3113 441 3173 Artbur
478 3110 716 3170 Schnitzler
770 3105 828 3165 von
871 3104 954 3164 einer
992 3104 1203 3164 Spazierfahr

2168 3134 2210 3194 um
2274 3135 2341 3195 nach
2390 3134 2521 3194 wenigen
2564 3134 2711 3194 Monaten
2748 3134 2806 3194 mit
2833 3134 2927 3194 Recht
2954 3134 3069 3194 bereits
3102 3137 3154 3197 ihn
3186 3139 3212 3199 zu
3244 3137 3344 3197 töten,

307 3152 399 3212 durch
456 3152 507 3212 das
544 3147 759 3207 Oberenocdin
796 3142 893 3202 soeben
929 3144 1047 3204 heimas
1063 3141 1134 3201 hrt
1166 3144 1217 3204 ist.
1244 3145 1315 3205 Der
1341 3144 1464 3204 Dichter
1490 3143 1634 3203 bemerkt,
1655 3143 1706 3203 daß
1732 3141 1762 3201 er
1789 3140 1834 3200 die
1856 3140 2045 3200 französische
2072 3140 2143 3200 Fas¬

310 3197 460 3257 Elastisch
496 3195 570 3255 tritt
599 3194 646 3254 der
681 3194 805 3254 Dichter
840 3192 991 3252 lebhaften
1033 3188 1142 3248 Blickes
1178 3188 1205 3248 in
1240 3188 1322 3248 sung
1357 3190 1452 3250 seiner
1488 3188 1653 3248 „Therese"
1695 3187 1756 3247 fast
1784 3187 1831 3247 dem
1880 3185 2038 3245 Original
2074 3181 2142 3241 vor-
2177 3180 2293 3240 wieder
2321 3182 2348 3242 in
2383 3182 2430 3242 der
2466 3182 2658 3242 Versenkung
2687 3182 2720 3242 zu
2748 3182 2982 3242 verschwinden.
3004 3179 3072 3239 Der
3100 3180 3202 3240 trete.
3224 3181 3278 3241 Die
3306 3179 3388 3239 depre

3016 3395 3260 3455 13,)

1101 3425 1858 3485 Uoldeutocte
2002 3403 2819 3463 Horgenpret
