3344 4384
574 189 760 249 Luzerner
794 196 1087 256 Stadttheater.

409 246 595 306 Arthur
627 252 1251 312 Schnitzler=Gedenkfeier

354 295 669 355 „Liebelei“",
701 302 896 362 Schauspiel
928 301 943 361 —
1011 303 1067 363 10.
1099 308 1310 368 November.

393 350 437 410 Im
487 348 678 408 Vorsprung
718 351 782 411 vor
812 353 895 413 allen
935 356 1122 416 Schweizer
1152 358 1294 418 Bühnen

346 392 481 452 wurde,
505 390 556 450 dem
604 390 665 450 vor
698 393 773 453 drei
802 395 933 455 Wochen
971 398 999 458 in
1037 398 1130 458 Wien
1168 401 1309 461 verstor¬

342 433 446 493 benen
491 432 624 492 Arthur
679 435 857 495 Schnitzler
902 437 942 497 am
1007 440 1145 500 hiesigen
1195 445 1308 505 Thea¬

347 476 394 536 ter
452 475 499 535 ein
557 476 801 536 Gedenkabend
863 482 1059 542 gewidmet,
1098 485 1131 545 zu
1193 488 1293 548 dessen

348 517 539 577 Einleitung
578 518 635 578 der
664 518 692 578 in
750 522 875 582 Luzern
914 524 971 584 von
1009 527 1124 587 früher
1158 528 1215 588 her
1249 530 1301 590 be¬

342 560 425 620 reits
476 560 633 620 bekannte
673 562 731 622 und
772 566 1008 626 hochgeschätzte
1058 569 1191 629 Aesthet
1235 571 1299 631 und

343 604 561 664 Dramatiker
592 605 769 665 Professor
801 608 868 668 Dr.
895 608 1019 668 Carl
1056 614 1305 674 Friedrich

349 648 601 708 Wiegand,
622 646 756 706 Zürich,
772 647 829 707 das
861 648 937 708 Bild
969 649 1020 709 des
1047 655 1196 715 Dichters
1227 655 1299 715 ent¬

345 688 442 748 warf.
469 688 660 748 Schnitzlers
696 691 960 751 Zugehörigkeit
992 696 1022 756 zu
1059 695 1110 755 den
1147 697 1301 757 intellek¬

343 730 461 790 tuellen
524 730 683 790 jüdischen
725 733 859 793 Kreisen
922 736 1046 796 Wiens
1088 741 1299 801 beeinflußt:

340 773 425 833 seine
466 772 677 832 Einstellung
713 778 748 838 zu
789 776 845 836 den
896 781 1183 841 Daseinsfragen.
1234 787 1279 847 Im

340 814 460 874 ewigen
501 817 687 877 Zwiespalt
718 819 864 879 zwischen
925 823 1191 883 Lebenshunger
1232 826 1292 886 und

336 858 582 918 Todesahnung
622 859 695 919 war
726 861 780 921 ihm
825 861 883 921 das
919 867 1298 927 Berauschungsmittel

330 897 381 957 die
408 900 506 960 Liebe
538 900 563 960 in
595 901 688 961 ihren
720 906 968 966 tausendfachen
1021 912 1301 972 Spiegelungen,

336 942 395 1002 wie
426 942 466 1002 sie
502 944 552 1004 die
583 947 794 1007 genußfrohe
851 951 987 1011 Kultur
1017 951 1072 1011 der
1108 954 1299 1014 vorkriegs¬

343 984 494 1044 zeitlichen
535 990 747 1050 Kaiserstadt
778 990 819 1050 an
860 993 915 1053 der
972 995 1093 1055 Donau
1139 999 1285 1059 aufwies

336 1029 412 1089 Mit
434 1031 634 1091 Schnitzler,
656 1034 753 1094 dessen
792 1035 922 1095 spätere
955 1038 1182 1098 Lebensjahre
1204 1042 1290 1102 durch

337 1070 526 1130 familiäres
586 1076 802 1136 Mißgeschick
835 1079 1024 1139 verdüstert
1063 1082 1219 1142 wurden,
1253 1083 1295 1143 ist

333 1112 395 1172 mit
421 1113 477 1173 dem
525 1116 768 1176 meisterhaften
804 1122 970 1182 Erzählen
1006 1124 1068 1184 und
1105 1126 1296 1186 wirkungs¬

335 1157 440 1217 sichern
473 1163 764 1223 Bühnendichter,
786 1163 886 1223 dessen
919 1165 1067 1225 Geltung
1104 1169 1183 1229 weit
1210 1169 1295 1229 über

330 1199 391 1259 das
428 1202 567 1262 deutsche
629 1207 872 1267 Sprachgebiet
909 1211 1167 1271 hinausdrang,
1199 1214 1291 1274 einer

330 1242 383 1302 der
415 1242 527 1302 letzten
570 1247 697 1307 Zeugen
741 1249 799 1309 der
831 1253 1097 1313 österreichischen
1141 1257 1300 1317 Vergan¬

331 1287 469 1347 genheit
496 1287 559 1347 und
592 1288 650 1348 der
678 1291 805 1351 stärkste
832 1294 1120 1354 Heimatkünstler
1169 1299 1296 1359 Wiens

328 1330 630 1390 dahingegangen,
665 1333 725 1393 von
766 1336 821 1396 dem
867 1339 937 1399 noch
978 1339 1023 1399 ein
1059 1342 1180 1402 reicher
1210 1343 1290 1403 dich¬

331 1372 473 1432 terischer
511 1375 653 1435 Nachlaß
696 1378 753 1438 zur
785 1381 1096 1441 Veröffentlichung
1139 1387 1276 1447 kommen

326 1414 427 1474 wird.
479 1417 551 1477 Auf
580 1419 664 1479 diese
705 1422 840 1482 stofflich
886 1427 1083 1487 gesättigte,
1112 1429 1281 1489 rhetorisch

325 1459 510 1519 glänzende
547 1460 613 1520 und
656 1462 712 1522 von
754 1466 954 1526 Verehrung
991 1471 1042 1531 für
1079 1471 1135 1531 den
1177 1474 1290 1534 Abge¬

328 1503 501 1563 schiedenen
540 1506 729 1566 durchglüte
757 1509 844 1569 freie
871 1512 1153 1572 Gedachtnisrede
1181 1515 1289 1575 folgte

324 1545 369 1605 die
423 1546 653 1606 Aufführung
714 1551 772 1611 von
832 1556 1036 1616 Schnitzlers
1089 1559 1287 1619 Schauspiel

334 1588 503 1648 „Liebelei

373 1632 559 1692 „Liebelei"
599 1633 646 1693 ist
678 1635 731 1695 der
787 1639 935 1699 Anfang
967 1643 1068 1703 jenes
1108 1644 1278 1704 magischen

328 1674 478 1734 Kreises,
499 1675 559 1735 der
590 1678 681 1738 mehr
712 1680 792 1740 oder
823 1684 974 1744 weniger
1005 1686 1070 1746 alle
1101 1689 1287 1749 Schopfun¬

319 1721 378 1781 gen
411 1718 606 1778 Schnitzlers
639 1724 855 1784 umschließt:
878 1727 942 1787 Die
970 1727 1088 1787 Liebe.
1127 1731 1202 1791 Für
1235 1730 1284 1790 die

325 1760 414 1820 einen
446 1761 489 1821 ist
510 1761 552 1821 sie
574 1765 684 1825 etwas
717 1769 833 1829 zeitlich
860 1771 1061 1831 Bedingtes,
1078 1772 1130 1832 von
1157 1775 1278 1835 äußern

321 1805 450 1865 Dingen
487 1808 731 1868 Abhängiges,
752 1811 804 1871 für
830 1811 882 1871 die
908 1814 1032 1874 andern
1069 1817 1225 1877 bedeutet
1251 1819 1287 1879 sie

319 1847 403 1907 Eins
441 1848 498 1908 und
530 1850 646 1910 Alles.
684 1856 884 1916 Schnitzlers
917 1858 1085 1918 Menschen
1117 1862 1270 1922 genießen

322 1892 383 1952 aus
415 1892 517 1952 vollen
549 1895 682 1955 Zügen,
703 1898 785 1958 aber
812 1898 848 1958 sie
874 1901 992 1961 zittern
1024 1903 1049 1963 im
1096 1904 1271 1964 Innersten

321 1934 380 1994 vor
411 1934 466 1994 dem
512 1936 714 1996 ungewissen
749 1942 860 2002 Ende.
886 1944 1193 2004 Lavendelgeruch,
1219 1948 1279 2008 wie

321 1978 380 2038 aus
415 1978 493 2038 lang
518 1981 714 2041 verschlossen
740 1984 921 2044 gewesenen
961 1987 1182 2047 Gemachern,
1197 1990 1280 2050 weht

319 2019 409 2079 durch
446 2023 504 2083 das
542 2025 753 2085 Schauspiel.
780 2029 897 2089 Diesen
934 2032 1040 2092 Hauch
1072 2032 1172 2092 leiser
1205 2034 1284 2094 Me¬

322 2065 485 2125 lancholie
539 2067 621 2127 weiß
675 2071 838 2131 Direktor
899 2076 1273 2136 Falkenhausen

318 2107 408 2167 durch
446 2110 530 2170 seine
568 2113 818 2173 Inszenierung
861 2116 1089 2176 allenthalben
1132 2119 1281 2179 spürbar

315 2153 345 2213 zu
377 2152 527 2212 machen.
548 2154 651 2214 Unter
677 2156 781 2216 dessen
813 2160 952 2220 Leitung
989 2160 1092 2220 bietet
1114 2162 1175 2222 das
1207 2163 1274 2223 noch

319 2193 401 2253 ganz
427 2196 535 2256 junge
567 2199 732 2259 Fräulein
774 2202 903 2262 Traute
935 2203 1172 2263 Reimann
1225 2206 1276 2266 als

328 2238 549 2298 „Christine“,
572 2241 658 2301 ohne
686 2243 890 2303 Theaterei,
913 2244 1032 2304 einfach
1065 2247 1129 2307 und
1157 2247 1280 2307 schlicht

319 2280 344 2340 in
381 2282 540 2342 Tonfall,
562 2283 695 2343 Mienen
737 2284 799 2344 und
836 2289 1073 2349 Bewegungen
1110 2289 1171 2349 und
1208 2292 1275 2352 doch

319 2322 464 2382 bildhaft
496 2325 557 2385 und
589 2329 671 2389 tief,
693 2328 744 2388 die
776 2330 988 2390 bedeutsame
1036 2331 1155 2391 Probe
1186 2334 1274 2394 eines

318 2367 437 2427 schönen
475 2370 637 2430 Talents.
680 2371 728 2431 Im
778 2373 955 2433 Gegensatz
983 2374 1010 2434 zu
1048 2375 1258 2435 „Christine“

312 2408 367 2468 dem
413 2411 600 2471 rührenden
636 2414 748 2474 Opfer
773 2415 864 2475 einer
895 2416 1062 2476 Liebelei,
1083 2419 1179 2479 wirkt
1205 2419 1280 2479 vor¬

316 2450 451 2510 trefflich
484 2456 645 2516 Fräulein
689 2459 883 2519 Gretelotte
911 2459 1094 2519 Braxis
1138 2460 1191 2520 als
1224 2465 1272 2525 die

313 2495 429 2555 lustige
462 2498 572 2558 „Mizi
601 2500 805 2560 Schlager",
827 2504 882 2564 die
910 2504 1037 2564 sorglos
1093 2507 1280 2567 auskostet,

315 2538 383 2598 was
416 2540 473 2600 der
511 2543 717 2603 Augenblick
744 2546 913 2606 gewährt.
956 2549 1119 2609 Fräulein
1167 2549 1272 2609 Lei¬

311 2584 487 2644 ninger
526 2585 675 2645 schildert
703 2588 752 2648 die
781 2590 991 2650 spitzzüngige
1019 2593 1273 2653 Hinterhältig¬

313 2626 376 2686 keit
397 2627 455 2687 der
482 2630 587 2690 „Frau
619 2629 772 2689 Binder“
804 2632 877 2692 aufs
904 2635 1167 2695 glaubhafteste.

357 2671 415 2731 Die
463 2671 579 2731 beiden
633 2674 946 2734 liebenswürdigen
999 2680 1280 2740 Müßiggänger,

314 2713 454 2773 kurzweg
490 2713 545 2773 als
581 2717 696 2777 Junge
733 2718 833 2778 Leute
869 2718 929 2778 vom
975 2719 1106 2779 Dichter
1136 2723 1277 2783 bezeich¬

307 2758 388 2818 net:
415 2759 561 2819 „Fritz",
589 2760 648 2820 von
687 2762 778 2822 Hrn.
801 2763 984 2823 Dehler
1018 2765 1180 2825 vielleicht
1213 2767 1277 2827 mit

311 2799 403 2859 einem
445 2800 538 2860 Gran
580 2804 605 2864 zu
647 2803 714 2863 viel
745 2806 905 2866 haltloser
958 2809 1277 2869 Empfindsamkeit.

311 2842 411 2902 jedoch
452 2844 663 2904 sympathisch
704 2849 914 2909 verkörpert,
950 2850 1010 2910 und
1051 2852 1111 2912 der
1147 2853 1262 2913 ehrlich

307 2886 347 2946 um
394 2886 497 2946 seinen
528 2889 662 2949 Freund
693 2892 842 2952 besorgte
874 2893 1069 2953 „Theodor“
1100 2895 1151 2955 des
1183 2898 1275 2958 Hrn.

306 2928 507 2988 Giersch,
537 2934 794 2994 komplettieren
835 2936 890 2996 die
926 2937 1158 2997 Liebespaare
1198 2940 1273 3000 ent¬

310 2973 469 3033 sprechend
507 2975 563 3035 der
594 2977 889 3037 Verschiedenheit
921 2980 1013 3040 ihrer
1050 2985 1277 3045 Charaktere,

307 3015 391 3075 Eine
421 3018 583 3078 vielleicht
623 3021 732 3081 etwas
767 3022 796 3082 zu
836 3024 1038 3084 larmoyant
1078 3027 1255 3087 gehaltene

309 3059 411 3119 jedoch
439 3062 504 3122 gut
531 3064 693 3124 geschaute
726 3067 834 3127 Figur
862 3065 899 3125 ist
927 3068 1117 3128 Christines
1150 3071 1257 3131 Vater

307 3101 361 3161 der
415 3104 567 3164 Musiker
621 3107 843 3167 „Weiring“,
881 3110 935 3170 des
989 3113 1081 3173 Hrn.
1120 3113 1243 3173 Carl

308 3146 463 3206 mayr.
489 3149 589 3209 Durch
626 3152 812 3212 Prägnanz
842 3152 897 3212 des
933 3155 1079 3215 Dialogs
1115 3158 1175 3218 und
1211 3156 1265 3216 der

307 3188 423 3248 Mimik
451 3191 541 3251 sticht
568 3192 632 3252 Hr.
654 3197 937 3257 Holznagel
964 3200 1092 3260 heraus
1124 3200 1177 3260 als
1210 3200 1268 3260 der

306 3232 394 3292 Fritz
419 3233 472 3293 zur
503 3236 729 3296 Rechenschaft
759 3239 911 3299 ziehende
941 3242 1122 3302 betrogene
1152 3245 1254 3305 Gatte

308 3275 369 3335 Die
396 3277 683 3337 stimmungsechte
720 3283 1147 3343 „Liebelei“=Aufführung
1184 3289 1255 3349 trug

300 3319 359 3379 dem
413 3320 589 3380 Ensemble
624 3323 707 3383 samt
737 3325 943 3385 Spielleiter
973 3328 1026 3388 den
1066 3331 1256 3391 verdienten

304 3361 436 3421 Beifall
461 3363 515 3423 des
545 3367 667 3427 nahezu
702 3370 962 3430 ausverkauften
997 3373 1124 3433 Hauses
1154 3376 1228 3436 ein.

355 3406 520 3466 Schnitzler
556 3409 626 3469 war
652 3411 681 3471 in
717 3412 823 3472 letzter
859 3415 934 3475 Zeit
960 3416 1161 3476 verbittert,
1186 3418 1246 3478 wei

305 3449 352 3509 die
386 3451 533 3511 Theater
567 3452 648 3512 neue
701 3454 806 3514 Leute
844 3459 1064 3519 bevorzugten
1103 3460 1164 3520 und
1203 3463 1255 3523 ihr

295 3495 614 3555 vernachlässigten.
641 3498 736 3558 Diese
768 3498 916 3558 sinkende
955 3504 1071 3564 Kurve
1103 3504 1177 3564 läßt
1209 3504 1257 3564 sich

297 3535 373 3595 auch
436 3537 474 3597 an
541 3538 660 3598 unserm
738 3542 986 3602 Stadttheater
1044 3547 1240 3607 nachweisen

307 3579 492 3639 Schnitzler,
514 3582 565 3642 der
591 3582 709 3642 früher
736 3584 798 3644 fast
819 3585 850 3645 in
881 3587 969 3647 jeder
995 3588 1165 3648 Spielzeit
1186 3591 1248 3651 auf

296 3624 438 3684 geführt
469 3624 601 3684 wurde,
632 3625 686 3685 kam
735 3628 809 3688 hier
844 3629 908 3689 mit
958 3631 1017 3691 dem
1066 3633 1248 3693 Schauspie

306 3666 393 3726 „Das
430 3667 528 3727 weite
559 3670 672 3730 Land“
705 3669 735 3729 im
782 3672 890 3732 Jahre
922 3673 999 3733 1925
1030 3677 1087 3737 zum
1134 3678 1242 3738 letzten

302 3710 370 3770 mal
401 3710 429 3770 zu
469 3711 597 3771 Gehör.
646 3713 724 3773 Sein
769 3716 1014 3776 „Paracelsus“
1049 3719 1162 3779 wurde
1197 3722 1245 3782 mi

300 3752 418 3812 Moissi
450 3752 480 3812 in
522 3753 573 3813 der
611 3755 796 3815 Titelrolle
827 3758 858 3818 im
920 3761 1024 3821 März
1060 3761 1137 3821 1923
1190 3763 1230 3823 un

301 3797 381 3857 seine
417 3797 609 3857 „Liebelei“
645 3800 705 3860 vor
741 3801 811 3861 acht
842 3803 998 3863 Jahren,
1029 3806 1059 3866 im
1110 3806 1226 3866 Novem

296 3836 348 3896 ber
381 3839 481 3899 1923,
508 3842 577 3902 hier
610 3842 790 3902 letztmalig
828 3848 992 3908 gegeben.
1036 3849 1136 3909 Diese
1168 3848 1237 3908 Ver

298 3884 446 3944 säumnis
485 3884 566 3944 wird
600 3885 638 3945 am
686 3887 786 3947 besten
825 3890 1035 3950 gutgemacht
1070 3893 1160 3953 durch
1194 3894 1246 3954 all

299 3925 429 3985 seitigen
465 3926 575 3986 Besuch
606 3928 661 3988 der
691 3931 998 3991 Wiederholungen
1030 3934 1084 3994 der
1115 3937 1240 3997 wirklic

298 3970 368 4030 hör=
402 3968 461 4028 und
510 3973 754 4033 sehenswerten
804 3981 1004 4041 derzeitigen
1048 3981 1248 4041 „Liebelei“,

301 4013 541 4073 Aufführung.

722 4055 786 4115 -0

1744 500 2463 560 DOBSERVER

1831 536 1855 596 I.
1868 539 1989 599 österr.
1998 551 2148 611 behördl.
2161 564 2456 624 konzessioniertes

1785 579 2021 639 Unternehmen
2051 590 2094 650 für
2120 605 2502 665 Zeitungs-Ausschnitte

1830 635 1979 695 WIEN,
2006 649 2051 709 I.,
2078 661 2358 721 WOLLZEILE
2405 673 2450 733 11

1922 697 2140 757 TELEPHON
2177 713 2353 773 R-23-0-43

1725 824 1941 884 Ausschmit
1957 843 2129 903 aushiane
2146 877 2390 937 Preielraoe,
2406 903 2506 963 Wien

2147 1044 2217 1104 5.
2228 1036 2351 1096 NOV.
2383 1016 2474 1076 1937

1707 1044 1813 1104 vom:

1666 1184 1757 1244 Die
1804 1190 2300 1250 Schnibler=Feier
2347 1187 2438 1247 des
2495 1184 2687 1244 Burg¬

2028 1265 2327 1325 theaters.

1701 1325 1759 1385 Der
1786 1324 1896 1384 Beginn
1938 1324 1985 1384 der
2007 1324 2191 1384 Gedenkfeier
2228 1323 2275 1383 des
2302 1322 2507 1382 Burgtheaters
2549 1321 2596 1381 für
2623 1319 2733 1379 Arthur

1620 1375 1847 1435 Schnitzler
1874 1372 1905 1432 am
1949 1372 2085 1432 Sonntag
2113 1372 2159 1432 den
2197 1370 2244 1430 15.
2271 1369 2297 1429 d.
2324 1369 2418 1429 wurde
2446 1369 2493 1429 für
2520 1366 2583 1426 halb
2615 1366 2646 1426 12
2679 1366 2741 1426 Uhr

1622 1421 1770 1481 festgesetzt.
1799 1420 1908 1480 Zuerst
1937 1420 2036 1480 spielen
2075 1420 2113 1480 die
2147 1417 2539 1477 Philharmoniber
2573 1413 2655 1473 unter
2689 1411 2732 1471 der

1611 1468 1728 1528 Leitung
1763 1465 1811 1525 von
1851 1465 1988 1525 Clemens
2022 1465 2164 1525 Krauß
2209 1465 2365 1525 Schuberts
2409 1462 2605 1522 unvollendete
2639 1460 2732 1520 Sym¬

1622 1515 1734 1575 phonie.
1757 1512 1853 1572 Daran
1881 1512 1993 1572 schließt
2016 1512 2058 1572 sich
2086 1512 2144 1572 eine
2167 1509 2355 1569 Gedenkrede,
2372 1509 2414 1569 die
2436 1508 2630 1568 ursprünglich
2658 1506 2733 1566 Felix

1618 1560 1770 1620 Salten
1805 1560 1898 1620 halten
1942 1560 2035 1620 sollte.
2070 1559 2109 1619 In
2153 1557 2232 1617 einem
2282 1555 2482 1615 interurbanen
2517 1554 2654 1614 Gespräch
2684 1550 2738 1610 aus

1625 1607 1715 1667 Berlin
1750 1606 1800 1666 hat
1826 1605 1931 1665 Salten
1967 1605 2092 1665 erklärt,
2118 1604 2167 1664 aus
2203 1602 2364 1662 beruflichen
2400 1602 2535 1662 Gründen
2576 1598 2736 1658 verhindert

1622 1658 1648 1718 zu
1681 1654 1750 1714 sein.
1773 1653 1940 1713 Daraufhin
1973 1651 2027 1711 hat
2049 1652 2091 1712 der
2120 1650 2341 1710 Schutzverband
2368 1648 2508 1708 deutscher
2536 1646 2741 1706 Schriftsteller

1622 1701 1716 1761 Anton
1749 1701 1975 1761 Wildgaus
2007 1700 2122 1760 ersucht,
2149 1698 2186 1758 die
2213 1698 2291 1758 Rede
2313 1699 2338 1759 zu
2376 1695 2481 1755 halten.
2503 1694 2602 1754 Dieser
2634 1692 2739 1752 konnte

1627 1748 1674 1808 mit
1701 1748 1849 1808 Rücksicht
1881 1746 1928 1806 auf
1955 1745 2044 1805 seinen
2076 1742 2213 1802 leidenden
2251 1742 2372 1802 Zustand
2404 1741 2462 1801 noch
2500 1739 2578 1799 keine
2606 1737 2742 1797 bindende

1629 1796 1733 1856 Zusage
1755 1796 1888 1856 machen,
1905 1793 1926 1853 so
1950 1793 1999 1853 daß
2027 1794 2070 1854 der
2088 1790 2253 1850 Festredner
2277 1789 2337 1849 noch
2365 1787 2437 1847 nicht
2459 1787 2603 1847 bestimmt
2625 1786 2669 1846 ist.
2686 1784 2741 1844 Als

1622 1841 1751 1901 Abschluß
1784 1841 1826 1901 der
1854 1841 1934 1901 Feier
1962 1841 2026 1901 geht
2048 1839 2091 1899 der
2113 1837 2254 1897 Einakter
2281 1835 2448 1895 Schnitzlers
2476 1835 2572 1895 „Die
2594 1832 2729 1892 letzten

1627 1889 1817 1949 Masken"
1853 1886 1935 1946 unter
1967 1885 2012 1945 der
2039 1883 2234 1943 Spielleitung
2265 1883 2362 1943 Albert
2389 1881 2543 1941 Heines
2579 1880 2599 1940 in
2636 1878 2743 1938 Szene.

1626 1938 1663 1998 In
1686 1936 1768 1996 diesem
1808 1933 1890 1993 Stück
1918 1933 1972 1993 sind
1995 1933 2154 1993 beschäftigt
2177 1932 2298 1992 Auguste
2321 1928 2491 1988 Pünkösdy,
2508 1929 2612 1989 Raoul
2635 1926 2739 1986 Aslan,

1629 1984 1707 2044 Paul
1730 1983 1915 2043 Hartmann,
1950 1981 2056 2041 Albert
2079 1981 2186 2041 Heine,
2220 1978 2293 2038 Fred
2322 1978 2473 2038 Hennings
2513 1975 2563 2035 und
2598 1974 2727 2034 Wilhelm

1633 2033 1730 2093 Heim.

2275 2392 2565 2452 VERe

1757 2402 2108 2462 OBSE

1841 2458 1868 2518 I.
1883 2456 2004 2516 österr.
2014 2455 2164 2515 behördl.
2178 2450 2473 2510 konzessioniertes

1797 2498 2036 2558 Unternehmen
2065 2495 2112 2555 für
2136 2492 2526 2552 Zeitungs-Ausschnitte

1851 2556 2000 2616 WIEN,
2028 2560 2075 2620 I.,
2103 2555 2382 2615 WOLLZEILE
2430 2554 2471 2614 11

1950 2608 2166 2668 TELEPHON
2199 2605 2367 2665 R-23-0-43

1746 2752 1974 2812 Ausschnitt
2001 2747 2091 2807 AS
2131 2739 2287 2799 WIKEÉE
2321 2720 2502 2780 JOUANAE

2381 2900 2459 2960 331

2134 2901 2334 2961 5.NOV.

1755 2979 1862 3039 vom:

1744 3113 2249 3173 Sauihier=Feiet
2297 3106 2341 3166 in
2390 3108 2664 3168 Teipgig.

1921 3192 1962 3252 Im
2011 3188 2168 3248 Leipziger
2199 3183 2484 3243 Schauspielhaus.

1711 3260 1773 3320 Aus
1802 3259 1988 3319 Leipzig
2023 3255 2096 3315 wird
2148 3252 2204 3312 uns
2250 3249 2414 3309 berichtet:
2454 3246 2538 3306 Eine
2579 3248 2686 3308 schöne
2732 3246 2793 3306 und

1604 3310 1842 3370 eindrucksvolle
1884 3301 2345 3361 Schnitzler=Gedächtnisfeier
2388 3298 2462 3358 fand
2510 3296 2535 3356 im
2599 3294 2800 3354 Schauspiel¬

1607 3362 1682 3422 haus
1704 3360 1790 3420 statt.
1808 3357 1920 3417 Gustav
1948 3354 2126 3414 Herrmann
2154 3352 2219 3412 trug
2246 3348 2327 3408 einen
2354 3346 2597 3406 selbstverfaßten
2626 3344 2793 3404 Vorspruch

1606 3410 1679 3470 vor.
1696 3408 1790 3468 Einen
1822 3405 2017 3465 Vorspruch,
2039 3403 2065 3463 in
2092 3401 2144 3461 den
2176 3400 2202 3460 er
2229 3398 2276 3458 den
2308 3396 2487 3456 Schimmer
2514 3394 2561 3454 der
2588 3393 2788 3453 versunkenen

1605 3458 1689 3518 Welt
1712 3457 1898 3517 Schnitzlers
1927 3454 2068 3514 gebannt
2091 3450 2175 3510 hatte
2204 3448 2260 3508 und
2289 3448 2311 3508 in
2345 3446 2395 3506 dem
2436 3445 2487 3505 er,
2504 3445 2566 3505 sehr
2595 3443 2724 3503 geschickt
2753 3439 2797 3499 die

1607 3504 1693 3564 Titel
1721 3504 1817 3564 seiner
1850 3501 1957 3561 Werke
1985 3500 2211 3560 verflechtend,
2233 3495 2314 3555 einen
2352 3492 2524 3552 Ueberblick
2552 3491 2627 3551 über
2660 3489 2794 3549 Umfang

1610 3554 1665 3614 und
1693 3554 1753 3614 Art
1776 3552 1874 3612 seines
1903 3550 2068 3610 Schaffens
2097 3546 2168 3606 gab.
2190 3546 2228 3606 Es
2257 3545 2350 3605 folgte
2378 3543 2422 3603 die
2445 3542 2615 3602 wehmütig
2644 3537 2803 3597 besonnte,

1611 3603 1731 3663 lyrische
1760 3600 1914 3660 Komödie
1943 3597 2324 3657 „Weihnachtseinkäufe"
2358 3591 2412 3651 aus
2446 3591 2495 3651 dem
2541 3588 2722 3648 „Anatol".
2745 3585 2800 3645 Sie

1607 3652 1714 3712 wurde
1742 3649 1790 3709 con
1828 3649 1952 3709 sordino
1985 3648 2211 3708 vorgetragen.
2233 3645 2292 3705 Sie
2320 3642 2417 3702 zeigte
2444 3642 2514 3702 jene
2547 3640 2654 3700 „große
2687 3631 2805 3691 Welt",

1609 3700 1656 3760 die
1683 3698 1740 3758 wir
1767 3698 1845 3758 nicht
1872 3697 1956 3757 mehr
1988 3695 2062 3755 recht
2089 3694 2257 3754 verstehen,
2283 3691 2335 3751 und
2368 3689 2447 3749 nahm
2489 3687 2541 3747 den
2574 3685 2710 3745 Schleier
2737 3681 2794 3741 von

1611 3750 1693 3810 jener
1721 3748 1853 3808 „kleinen
1886 3746 2007 3806 Welt",
2030 3745 2073 3805 die
2096 3743 2156 3803 wir
2179 3740 2272 3800 lieben
2306 3740 2360 3800 und
2394 3739 2438 3799 die
2466 3737 2537 3797 auch
2565 3731 2791 3791 verschwunden

1610 3799 1657 3859 ist.
1700 3797 1762 3857 Sie
1816 3794 1900 3854 hatte
1954 3793 2138 3853 Schnitzlers
2175 3791 2291 3851 Grazie
2345 3788 2402 3848 und
2455 3784 2534 3844 seine
2572 3779 2809 3839 Cellomelodie.

1613 3845 1760 3905 Hermine
1788 3843 1909 3903 Körner
1936 3842 2041 3902 spielte
2063 3842 2110 3902 die
2138 3842 2227 3902 große
2254 3838 2354 3898 Dame
2381 3833 2439 3893 mit
2460 3833 2619 3893 Noblesse,
2635 3830 2720 3890 Herz
2742 3827 2799 3887 und

1613 3895 1710 3955 Geist,
1737 3893 1780 3953 die
1813 3893 1904 3953 Liebe
1937 3890 2125 3950 verdrängte
2158 3889 2212 3949 auf
2245 3887 2309 3947 eine
2337 3884 2482 3944 generöse
2509 3881 2585 3941 Art,
2613 3880 2671 3940 mit
2699 3876 2784 3936 leisem

1610 3943 1774 4003 Erwachen
1811 3940 1872 4000 und
1924 3938 2124 3998 verhaltenem
2171 3934 2352 3994 Ausbruch,
2393 3929 2568 3989 Eifersucht
2599 3925 2655 3985 und
2692 3925 2805 3985 Spott.

1620 3994 1707 4054 Heinz
1730 3991 1785 4051 Leo
1808 3988 1928 4048 Fischer
1951 3989 2006 4049 gab
2034 3988 2083 4048 dem
2123 3982 2366 4042 „leichtsinnigen
2394 3976 2653 4036 Melancholiker"
2682 3971 2803 4031 Anatol

1613 4042 1676 4102 viel
1703 4038 1914 4098 scharmantes
1946 4033 2253 4093 Oesterreichertum,
2280 4028 2449 4088 vornehme
2476 4024 2618 4084 Haltung
2656 4024 2714 4084 und
2746 4020 2798 4080 den

1619 4090 1771 4150 elegischen
1805 4087 1895 4147 Ton,
1924 4087 1974 4147 der
2009 4084 2064 4144 alle
2093 4078 2472 4138 Schnitzler=Dichtungen
2512 4074 2726 4134 durchzittert.

2669 4120 2712 4180 E.
2731 4122 2765 4182 2.
