3344 4352
170 300 266 360 2.
317 302 911 362 Schnitzler's
981 297 1214 357 Death

401 1625 535 1685 wenig.
547 1625 833 1685 schmerzlichen
872 1625 1110 1685 Melancholie
1143 1627 1359 1687 empfangen
1392 1625 1532 1685 haben,

393 1668 452 1728 die
496 1673 588 1733 über
638 1673 757 1733 seinem
811 1673 936 1733 Wesen
991 1674 1061 1734 und
1116 1673 1229 1733 seinem
1290 1671 1392 1731 Werk
1442 1673 1528 1733 aus¬

405 1719 575 1779 gebreitet
602 1721 680 1781 lag.

487 1765 561 1825 Das
593 1765 699 1825 Werk
737 1765 800 1825 des
827 1767 997 1827 Dichters
1024 1767 1071 1827 ist
1098 1766 1183 1826 aber
1210 1768 1278 1828 mit
1305 1768 1422 1828 seinen
1460 1764 1528 1824 No¬

391 1810 504 1870 vellen
546 1814 613 1874 und
654 1813 954 1873 Trauerspielen,
986 1814 1037 1874 die
1074 1816 1151 1876 man
1193 1816 1223 1876 in
1265 1816 1404 1876 Ungarn
1446 1816 1507 1876 zum

396 1863 541 1923 größten
582 1859 662 1919 Teil
692 1862 822 1922 kennt,
848 1861 938 1921 noch
975 1863 1080 1923 lange
1115 1863 1215 1923 nicht
1246 1863 1452 1923 erschöpft.
1478 1864 1527 1924 Er

390 1911 458 1971 hat
493 1909 665 1969 reizende
710 1909 931 1969 Lustspiele,
966 1909 1107 1969 freilich
1158 1909 1275 1969 seiner
1320 1911 1521 1971 Stimmung

393 1956 537 2016 gemäß,
564 1956 646 2016 eher
677 1956 811 2016 Satiren
853 1956 904 2016 als
936 1956 1132 2016 Burlesken
1164 1958 1365 2018 gedichtet,
1391 1957 1427 2017 er
1459 1958 1515 2018 gab

391 2007 461 2067 uns
496 2005 617 2065 cinige
658 2007 844 2067 Romane,
875 2004 929 2064 die
971 2004 1172 2064 Zeitfragen
1223 2006 1414 2066 aufgriffen
1455 2004 1520 2064 und

391 2055 457 2115 mit
494 2055 731 2115 männlicher
794 2052 984 2112 Offenheit
1026 2053 1336 2113 beantworteten,
1373 2052 1439 2112 und
1491 2050 1522 2110 er

391 2101 569 2161 Schenkle
602 2102 666 2162 uns
699 2098 833 2158 Essays
861 2099 925 2159 und
964 2100 1130 2160 Studien,
1153 2100 1206 2160 ja,
1228 2101 1303 2161 eine
1331 2100 1519 2160 förmliche

391 2145 694 2205 Weisheitslehre
734 2147 763 2207 in
813 2147 925 2207 seinem
989 2147 1106 2207 „Buch
1156 2147 1219 2207 der
1259 2147 1420 2207 Sprüche
1455 2146 1518 2206 und

389 2195 634 2255 Bedenken“,
669 2195 792 2255 dessen
841 2194 948 2254 Motto
994 2195 1057 2255 für
1097 2195 1160 2255 den
1205 2195 1367 2255 genialen
1416 2194 1528 2254 Autor

387 2244 690 2304 kennzeichnend
726 2244 791 2304 ist,
812 2243 903 2303 denn
939 2243 974 2303 es
1000 2243 1136 2303 lautet:
1162 2243 1344 2303 „Tiefsinn
1380 2243 1445 2303 hat
1471 2241 1526 2301 nie

396 2294 443 2354 ein
481 2294 570 2354 Ding
602 2293 744 2353 erhellt,
771 2291 934 2351 Klarsinn
967 2292 1099 2352 schaut
1126 2291 1226 2351 tiefer
1253 2288 1284 2348 in
1316 2288 1368 2348 die
1401 2288 1511 2348 Welt.

391 2338 556 2398 Jawohl,
592 2341 717 2401 klarer
758 2339 853 2399 Blick
904 2339 969 2399 und
1010 2338 1131 2398 klarer
1161 2338 1241 2398 Sinn
1282 2337 1357 2397 war
1388 2335 1503 2395 diesem

390 2389 538 2449 Dichter
568 2389 602 2449 zu
637 2387 761 2447 eigen,
786 2386 845 2446 der
875 2386 964 2446 denn
999 2386 1087 2446 auch
1123 2386 1186 2446 das
1217 2386 1330 2446 Leben
1370 2384 1434 2444 und
1474 2386 1527 2446 die

396 2437 509 2497 Kunst
541 2437 566 2497 in
603 2435 700 2495 ihrer
727 2436 855 2496 stolzen
897 2434 1150 2494 Erhabenheit
1176 2434 1336 2494 schätzte
1367 2431 1434 2491 und
1466 2431 1522 2491 für

390 2485 458 2545 alle
503 2482 743 2542 Verirrungen
792 2482 860 2542 und
905 2479 1233 2539 Verstiegenheiten
1278 2482 1307 2542 im
1366 2480 1508 2540 neuzeit

391 2530 499 2590 lichen
542 2530 738 2590 Schrifttum
792 2530 859 2590 nur
891 2530 942 2590 ein
979 2530 1197 2590 mitleidiges
1229 2527 1384 2587 Lächeln
1421 2529 1525 2589 übrig

391 2580 509 2640 hatte,
529 2577 603 2637 was
633 2577 667 2637 er
697 2578 766 2638 mit
791 2577 849 2637 den
890 2577 1027 2637 Worten
1063 2575 1279 2635 andeutète:
1309 2577 1398 2637 „Vor
1428 2573 1525 2633 ciner

393 2627 550 2687 erlebten
583 2627 794 2687 Wahrheit,
811 2626 844 2686 so
872 2625 991 2685 gering
1018 2625 1061 2685 sie
1090 2625 1154 2685 sei,
1171 2625 1268 2685 neige
1296 2622 1345 2682 ich
1378 2622 1464 2682 mich
1497 2623 1518 2683 in

396 2676 622 2736 Ehrfurcht;
649 2674 710 2734 dem
762 2673 999 2733 Paradoxon,
1025 2672 1055 2732 so
1097 2673 1241 2733 köstlich
1283 2670 1318 2730 es
1345 2670 1530 2730 schillere,

392 2724 491 2784 Jache
523 2724 574 2784 ich
611 2722 715 2782 unter
747 2721 798 2781 die
825 2721 997 2781 Nase.

487 2771 582 2831 Aber
613 2768 642 2828 er
668 2768 789 2828 lachte
815 2765 915 2825 nicht
941 2765 1011 2825 viel
1031 2767 1056 2827 in
1092 2768 1207 2828 seinem
1253 2765 1404 2825 Dasein,
1425 2765 1510 2825 denn

397 2818 510 2878 wenig
552 2816 659 2876 Glück
706 2816 798 2876 ward
840 2816 896 2876 ihm
953 2813 1164 2873 beschieden
1211 2814 1236 2874 in
1283 2813 1395 2873 seinem
1453 2813 1498 2873 Fa

392 2865 624 2925 milienleben
660 2862 733 2922 und
764 2862 851 2922 auch
894 2862 1084 2922 Mißgunst
1116 2861 1177 2921 und
1219 2861 1301 2921 Neid
1338 2860 1508 2920 verbitter

391 2914 441 2974 ten
477 2913 532 2973 ihm
583 2909 759 2969 manchen
800 2911 865 2971 Tag
901 2909 967 2969 und
1003 2909 1154 2969 manche
1190 2908 1326 2968 Nacht.
1347 2909 1422 2969 Nun
1458 2907 1523 2967 hat

395 2960 448 3020 ihn
488 2957 551 3017 der
586 2956 654 3016 Tod
690 2955 753 3015 von
793 2956 905 3016 dieser
940 2956 1033 3016 Erde
1063 2956 1298 3016 genommen,
1323 2953 1391 3013 und
1431 2953 1514 3013 doch

391 3008 460 3068 irrt
491 3006 571 3066 man
612 3006 742 3066 kaum,
773 3004 868 3064 wenn
909 3004 989 3064 man
1025 3004 1125 3064 sagt,
1151 3001 1215 3061 daß
1251 3001 1311 3061 der
1347 3001 1417 3061 Tod
1457 3001 1512 3061 ihn

396 3053 455 3113 der
486 3052 853 3112 Kulturmenschheit
879 3051 949 3111 erst
975 3049 1262 3109 wiedergegeben
1298 3049 1377 3109 hat.
1433 3049 1498 3109 Dem

395 3098 503 3158 Streit
529 3100 601 3160 und
638 3097 751 3157 Zwist
777 3097 833 3157 des
865 3096 984 3156 Tages
1010 3097 1201 3157 entrückt,
1227 3095 1309 3155 wird
1346 3095 1407 3155 das
1439 3094 1516 3154 Bild

391 3144 509 3204 dieses
539 3146 706 3206 Dichters
731 3145 848 3205 reiner
878 3144 941 3204 und
977 3143 1089 3203 heller
1115 3142 1173 3202 vor
1203 3141 1272 3201 uns
1297 3141 1503 3201 erscheinen

392 3194 459 3254 und
498 3193 598 3253 wenn
638 3192 704 3252 wir
734 3190 796 3250 von
831 3192 888 3252 ihm
937 3191 1114 3251 Abschied
1148 3190 1302 3250 nehmen
1341 3189 1408 3249 und
1447 3189 1500 3249 ihm

395 3242 532 3302 danken
572 3240 630 3300 für
660 3240 723 3300 alle
754 3240 910 3300 Freude,
935 3237 984 3297 die
1014 3237 1047 3297 er
1077 3238 1146 3298 uns
1171 3237 1376 3297 bescherte,
1401 3237 1519 3297 erfaßt

396 3288 463 3348 uns
491 3289 595 3349 keine
627 3288 876 3348 sentimentale
908 3285 1062 3345 Trauer,
1085 3285 1171 3345 denn
1212 3285 1275 3345 wir
1303 3285 1438 3345 denken
1475 3286 1511 3346 an

394 3337 446 3397 die
471 3335 629 3395 schönen
668 3335 807 3395 Worte,
832 3331 884 3391 die
909 3330 942 3390 er
971 3332 1096 3392 sprach
1135 3332 1197 3392 und
1231 3332 1283 3392 die
1308 3332 1370 3392 auf
1390 3332 1500 3392 seinem

395 3383 581 3443 Grabstein
639 3380 762 3440 stehen
825 3380 968 3440 dürften
1026 3380 1078 3440 als
1112 3380 1365 3440 Wahrzeichen
1403 3380 1518 3440 seines

392 3431 507 3491 hohen
541 3428 676 3488 Geistes
705 3429 772 3489 und
806 3427 921 3487 seiner
951 3427 1046 3487 edlen
1081 3425 1316 3485 Gesinnung:
1336 3428 1393 3488 ...
1408 3425 1523 3485 „Hast

394 3479 432 3539 du
466 3479 523 3539 die
557 3479 682 3539 innere
712 3473 1081 3533 Abgeschlossenheit
1111 3474 1312 3534 errungen,
1337 3475 1365 3535 in
1404 3473 1500 3533 jedem

395 3526 616 3586 Augenblick
657 3526 718 3586 zum
774 3523 844 3583 Tod
885 3520 1006 3580 bereit
1032 3522 1071 3582 zu
1112 3523 1203 3583 sein,
1234 3521 1324 3581 dann
1370 3520 1440 3580 bist
1471 3520 1511 3580 du

392 3574 483 3634 auch
521 3572 693 3632 innerlich
732 3571 765 3631 so
799 3571 890 3631 reich
929 3568 1139 3628 geworden,
1164 3569 1230 3629 daß
1269 3568 1307 3628 du
1346 3568 1455 3628 selbst
1485 3568 1513 3628 in

401 3622 459 3682 der
482 3622 665 3682 Ewigkeit
693 3622 789 3682 keine
817 3619 903 3679 leere
931 3619 1066 3679 Stunde
1094 3620 1131 3680 zu
1158 3619 1320 3679 fürchten
1353 3617 1504 3677 hättest.

1435 297 1562 357 box
1634 297 1817 357 42/6

2381 1742 2414 1802 e
2452 1744 2485 1804 e
2523 1745 2666 1805 ee

1559 1785 1698 1845 gerecht
1721 1783 1857 1843 verteilt
1884 1783 2033 1843 werden,

2720 1794 2924 1854 nehmen,1

1649 1828 1749 1888 Baron
1788 1827 1883 1887 Josef
1915 1825 2092 1885 S:terényi
2125 1825 2200 1885 wies
2258 1827 2378 1887 darauf
2411 1828 2486 1888 hin,
2531 1828 2594 1888 daß
2633 1829 2682 1889 die

2722 1834 2831 1894 tragen
2877 1834 2912 1894 de

1564 1871 1769 1931 Budapester
1806 1867 2151 1927 Apponyi-Poliklinik
2193 1870 2218 1930 in
2265 1870 2332 1930 eine
2368 1869 2558 1929 schwierige
2595 1871 2682 1931 Lage
2724 1876 2821 1936 durch
2863 1879 2919 1939 das

1565 1914 1688 1974 geraten
1746 1915 1808 1975 und
1844 1912 2039 1972 gezwungen
2097 1912 2158 1972 sei,
2207 1912 2264 1972 auf
2305 1914 2393 1974 jelen
2438 1915 2584 1975 Kranken
2620 1915 2668 1975 täg

2719 1918 2824 1978 dieser
2855 1921 2914 1981 Hin

1562 1956 1621 2016 lich
1656 1957 1737 2017 zwei
1759 1955 1866 2015 Pengö
1896 1955 2178 2015 drauszuzablen,
2200 1955 2268 2015 was
2294 1953 2328 2013 er
2354 1954 2409 2014 der
2440 1956 2688 2016 Aufmerksam¬

2804 1968 2872 2028 Die

1565 2001 1633 2061 kait
1660 1998 1719 2058 des
1751 1999 2210 2059 Volkswohlfahrtministers
2243 1998 2428 2058 empfiehlt.

2721 2013 2914 2073 schutzsteu

1654 2053 1730 2113 Graf
1762 2052 1875 2112 Moritz
1912 2052 2088 2112 Esterházy
2121 2052 2261 2112 meinte,
2284 2049 2320 2109 es
2352 2049 2433 2109 wäre
2470 2051 2687 2111 zweckmäßi-

2804 2055 2871 2115 Die

1568 2096 1640 2156 ger,
1662 2094 1748 2154 wenn
1786 2094 1850 2154 sich
1887 2094 1952 2154 mit
1975 2094 2032 2154 den
2069 2096 2097 2156 in
2134 2094 2192 2154 dem
2236 2094 2388 2154 Entwurf
2418 2096 2672 2156 niedengelegten
2717 2097 2781 2157 des
2811 2097 2970 2157 Schutzes
3014 2097 3108 2157 gegen
3152 2099 3304 2159 anstecke

1567 2138 1785 2198 prinzipiellen
1823 2138 1944 2198 Fragen
1982 2138 2032 2198 die
2061 2137 2252 2197 Legislative
2280 2137 2434 2197 befaßte.
2457 2138 2522 2198 Der
2550 2138 2671 2198 Weiter

2720 2138 2846 2198 heiten,
2870 2138 2926 2198 wie
2955 2141 3034 2201 auch
3068 2141 3124 2201 für
3148 2143 3284 2203 Artneim

1565 2180 1697 2240 bestand
1733 2180 1789 2240 der
1825 2181 2103 2241 Provinzspitäler
2157 2180 2254 2240 dürfe
2290 2180 2382 2240 nicht
2414 2182 2599 2242 unmöglich
2635 2183 2687 2243 ge¬

2723 2180 2846 2240 werden
2883 2183 2932 2243 die
2965 2183 3160 2243 Gemeinden
3193 2186 3229 2246 zu
3261 2185 3293 2245 so

1568 2225 1677 2285 macht
1707 2224 1850 2284 werden,
1870 2224 1951 2284 denn
1986 2224 2028 2284 sie
2057 2225 2163 2285 hätten
2197 2225 2244 2285 oft
2269 2225 2360 2285 mehr
2389 2222 2547 2282 geleistet,
2567 2225 2614 2285 als
2643 2225 2681 2285 sie

2720 2225 2796 2285 nach
2831 2228 2989 2288 Maßgabe
3020 2225 3072 2285 der
3097 2228 3154 2288 aus
3179 2228 3236 2288 dem
3280 2226 3294 2286 S

1573 2269 1777 2329 verpflichtet
1804 2267 1929 2327 waren.

2725 2270 2894 2330 stehenden
2931 2270 3085 2330 Summen
3122 2270 3292 2330 staatliche

1645 2318 1704 2378 Die
1735 2318 1870 2378 Dehatte
1901 2318 2011 2378 wurde
2042 2321 2102 2381 nun
2133 2320 2363 2380 geschlossen,
2384 2318 2444 2378 und
2480 2318 2685 2378 Volkswohl¬

2811 2320 2911 2380 Völlig
2939 2321 3000 2381 neu
3034 2321 3078 2381 ist
3101 2321 3128 2381 in
3163 2321 3217 2381 der
3241 2321 3301 2381 Ver

1572 2362 1809 2422 fahrtminister
1842 2363 1906 2423 Dr.
1935 2362 2051 2422 Erns:t
2079 2362 2196 2422 sprach
2243 2362 2303 2422 das
2345 2360 2577 2420 Schlußwort.
2624 2362 2680 2422 Die

2726 2362 2773 2422 die
2803 2362 3095 2422 Armenfürsorge.
3119 2362 3181 2422 Zur
3210 2364 3311 2424 Unter

1563 2404 1725 2464 Regelung
1791 2405 1847 2465 der
1908 2404 2206 2464 Pflegegebühren,
2263 2406 2561 2466 beziehungsweise
2631 2402 2682 2462 der

2724 2407 2992 2467 Aufenthaltsort
3025 2404 3250 2464 verpflichtet,
3277 2407 3314 2467 de

2726 2449 2899 2509 Gemeinde
2929 2446 3102 2506 verlangen
3142 2449 3245 2509 kann,
3276 2446 3309 2506 di

1565 2448 1787 2508 Armenpflege
1833 2449 1891 2509 ist,
1919 2449 2005 2509 sagte
2051 2448 2082 2508 er
2128 2449 2223 2509 unter
2269 2449 2441 2509 anderem,
2469 2448 2591 2508 infolge
2628 2447 2682 2507 der

1564 2491 1766 2551 finanziellen
1802 2491 1881 2551 Lage
1912 2491 2000 2551 nötig
2031 2491 2220 2551 geworden.
2243 2492 2308 2552 Das
2335 2491 2449 2551 rasche
2481 2491 2678 2551 Anwachsen

2722 2491 2778 2551 ist.
2799 2491 2949 2551 Dadurch
2980 2490 3114 2550 erlischt
3136 2491 3187 2551 die
3213 2493 3311 2553 Verp.

2720 2532 2908 2592 gemeinden
2957 2531 3014 2591 zur
3063 2532 3246 2592 Vergütung

1565 2530 1618 2590 des
1651 2532 1990 2592 Spitalbelagraumes
2022 2532 2080 2592 von
2117 2533 2225 2593 28.000
2262 2532 2320 2592 auf
2352 2532 2460 2592 37.000
2497 2532 2605 2592 Betten
2647 2534 2687 2594 ist

2724 2574 2835 2634 womit
2864 2574 2995 2634 Ungarn
3028 2574 3093 2634 sich
3131 2574 3187 2634 den
3229 2575 3257 2635 in

1562 2574 1737 2634 seinerzeit
1763 2576 1844 2636 ohne
1875 2577 2131 2637 entsprechende
2162 2574 2337 2634 budgetäre
2367 2577 2521 2637 Deckung
2555 2579 2688 2639 erfolgt,

2720 2618 3013 2678 Grundprinzipien
3052 2616 3196 2676 anpaßt.
3216 2619 3283 2679 Das

1570 2616 1630 2676 und
1663 2619 1722 2679 aus
1751 2622 1853 2682 diesem
1900 2620 2034 2680 Grunde
2063 2619 2174 2679 madle
2207 2619 2304 2679 schon
2342 2619 2421 2679 1929
2449 2619 2504 2679 für
2533 2621 2583 2681 die
2616 2621 2671 2681 Spi

2720 2658 2787 2718 keit
2826 2660 2849 2720 in
2893 2660 2950 2720 der
2994 2658 3267 2718 Armenfürsorge

1563 2661 1771 2721 talserhalter
1803 2664 1848 2724 ein
1889 2666 2184 2726 Jahrespauscle
2221 2664 2406 2724 zuerkannt
2434 2663 2583 2723 werden.
2606 2661 2683 2721 Dies

1568 2704 1675 2764 mußte
1710 2706 1788 2766 auch
1828 2707 1905 2767 jetzt
1935 2707 1993 2767 zum
2048 2708 2165 2768 Ausgan
2190 2706 2341 2766 spunkte
2376 2706 2567 2766 genommen
2616 2705 2674 2765 und
2719 2702 2924 2762 Fortschritt
2949 2702 2973 2762 im
3022 2701 3173 2761 Bereiche
3208 2703 3261 2763 der

2720 2744 2814 2804 tung.
2840 2744 2919 2804 Auch
2954 2741 3009 2801 der
3039 2741 3218 2801 Umstand,
3239 2744 3297 2804 daß

1563 2744 1581 2804 im
1633 2747 1944 2807 Zusammenhange
1982 2750 2089 2810 damit
2118 2750 2197 2810 auch
2236 2749 2287 2809 die
2325 2747 2602 2807 Armenfürsorge
2636 2744 2687 2804 ge¬

2729 2784 2783 2844 von
2815 2786 3276 2846 Armenfürsorgeausgaben,

1564 2786 1669 2846 regelt
1696 2790 1841 2850 werden,
1864 2790 2061 2850 namentlich
2097 2789 2172 2849 weil
2199 2789 2344 2849 einzelne
2375 2791 2568 2851 Gemeinden
2613 2789 2674 2849 sich

2728 2828 2944 2888 übersteigen,
2964 2825 3138 2885 gefordert
3181 2827 3303 2887 werden

1569 2828 1622 2888 vom
1666 2834 1785 2894 Tragen
1821 2834 1873 2894 der
1896 2832 2270 2892 Armenfürsorgelasten
2302 2834 2447 2894 dadurch
2474 2834 2509 2894 zu
2540 2831 2681 2891 befreien

2723 2870 2848 2930 lastung
2882 2868 2935 2928 der
2969 2870 3195 2930 Verwaltung.
3220 2870 3272 2930 Als

1569 2873 1767 2933 trachteten,
1785 2876 1842 2936 daß
1874 2876 1913 2936 sie
1940 2877 1988 2937 die
2015 2876 2151 2936 Armen,
2169 2876 2213 2936 die
2240 2876 2407 2936 eigentlich
2443 2876 2469 2936 in
2501 2873 2685 2933 häuslicher

2724 2915 2873 2975 ordnung
2907 2912 2954 2972 die
2988 2912 3161 2972 Gemeinde
3196 2912 3229 2972 zu
3263 2912 3301 2972 be

1570 2916 1669 2976 Pflege
1701 2918 1805 2978 hätten
1838 2920 1960 2980 geheilt
1987 2918 2110 2978 werden
2147 2921 2292 2981 können,
2315 2919 2342 2979 in
2378 2918 2432 2978 den
2470 2918 2678 2978 öffentlichen

2724 2956 2839 3016 stützte
2868 2955 2921 3015 von
2950 2953 3007 3013 den
3041 2953 3152 3013 letzten
3186 2953 3296 3013 fünfJ

1569 2959 1864 3019 Krankenhäusern
1901 2962 2173 3022 unterbrachten,
2196 2962 2250 3022 für
2283 2962 2373 3022 deren
2410 2960 2682 3020 Pflegegebühren

2723 2998 2900 3058 verbracht
2928 2998 2996 3058 hat.
3020 2995 3161 3055 Obzwar
3188 2995 3275 3055 diese

1562 2999 1617 3059 der
1646 3004 1734 3064 Staat
1758 3005 2014 3065 aufzukommen
2047 3005 2102 3065 hat
2136 3004 2196 3064 und
2229 3004 2317 3064 nicht
2346 3004 2392 3064 die
2416 3004 2607 3064 Gemeinde.
2626 3001 2686 3061 Bei

2726 3040 2909 3100 westlichen
2953 3040 3078 3100 Staaten
3127 3040 3276 3100 üblichen

1566 3046 1622 3106 dem
1671 3048 1942 3108 Pauschalystem
1995 3048 2071 3108 wird
2110 3046 2158 3106 die
2192 3046 2372 3106 Regierung
2406 3046 2463 3106 auf
2497 3046 2568 3106 die.
2583 3045 2683 3105 Inter¬

2726 3083 2844 3143 jährige
2879 3082 3159 3142 Aufenthaltszeit
3184 3082 3287 3142 erreic

1563 3085 1653 3145 essen
1682 3089 1734 3149 der
1759 3091 2026 3151 Spitalserhalter
2056 3091 2232 3151 Rücksicht
2257 3089 2414 3149 nehmen.
2434 3088 2490 3148 Die
2520 3088 2687 3148 Verhand¬

2726 3124 2851 3184 herigen
2885 3124 3044 3184 Zustande
3077 3124 3297 3184 gegenübere

1570 3131 1700 3191 lungen,
1733 3132 1793 3192 auf
1840 3132 1947 3192 Grund
1999 3132 2096 3192 deren
2149 3132 2321 3192 sämtliche
2373 3129 2582 3189 Streitfragen
2620 3129 2685 3189 ent¬

2730 3165 2784 3225 Neu
2819 3165 2858 3225 ist
2884 3165 2932 3225 die
2962 3165 3170 3225 Verfügung,
3190 3165 3302 3225 wonac

1567 3174 1743 3234 sprechend
1776 3177 1920 3237 geregelt
1944 3175 2065 3235 werden
2102 3175 2220 3235 sollen,
2243 3174 2310 3234 sind
2343 3171 2465 3231 bereits
2492 3171 2519 3231 im
2565 3173 2687 3233 Gange,

2726 3208 2959 3268 Mißbräuchen
3002 3207 3058 3267 von
3096 3207 3151 3267 dem
3195 3207 3297 3267 Unter

1569 3216 1622 3276 und
1658 3216 1692 3276 es
1724 3219 1799 3279 muß
1835 3219 1869 3279 an
1905 3216 2010 3276 dieser
2042 3217 2139 3277 Stelle
2170 3217 2267 3277 gleich
2303 3216 2417 3276 gesagt
2449 3215 2594 3275 werden,
2621 3212 2678 3272 daß

2723 3252 2897 3312 materielle
2954 3249 3176 3309 Verhältnisse
3233 3252 3298 3312 gela

1567 3258 1612 3318 die
1649 3261 1947 3321 Zeitungsberichte
1984 3261 2060 3321 über
2097 3261 2142 3321 die
2179 3261 2382 3321 Entstehung
2419 3258 2477 3318 und
2514 3258 2572 3318 das
2609 3255 2667 3315 Aus

2720 3296 2825 3356 seiner
2859 3294 3041 3354 Erhaltung
3080 3294 3301 3354 verpflichtete

1567 3303 1637 3363 maß
1672 3303 1729 3363 der
1760 3306 2003 3366 einschlägigen
2048 3303 2210 3363 Schuklen
2260 3303 2316 3363 des
2361 3302 2488 3362 Staates
2524 3300 2577 3360 den
2612 3299 2691 3359 Tat¬

2724 3338 2862 3398 zablung
2891 3338 2948 3398 der
2977 3335 3092 3395 Kosten
3130 3335 3183 3395 der
3217 3336 3273 3396 Arm

1560 3344 1676 3404 sachen
1715 3345 1809 3405 nicht
1836 3348 1917 3408 ganz
1952 3347 2188 3407 entsprechen,
2215 3344 2291 3404 weil
2322 3344 2365 3404 sie
2400 3344 2541 3404 einzelne
2576 3342 2674 3402 Duten

2722 3382 2836 3442 kann.

1569 3386 1823 3446 verschweigen.
1855 3391 1894 3451 Um
1942 3389 2012 3449 eine
2048 3389 2254 3449 Entwirrung
2290 3388 2351 3448 aus
2387 3386 2439 3446 der
2470 3384 2685 3444 gegenwärti¬

2800 3422 2863 3482 Die
2900 3422 3122 3482 Verordnung
3165 3422 3272 3482 regelt

1562 3431 1619 3491 gen
1659 3431 1738 3491 Lage
1773 3433 2067 3493 herbeizuführen,
2094 3431 2169 3491 wird
2200 3431 2235 3491 es
2266 3431 2353 3491 wohl
2380 3431 2415 3491 am
2464 3431 2569 3491 besten
2604 3428 2687 3488 sein,

2724 3465 2855 3525 kosten,
2874 3464 2930 3524 wie
2959 3467 3033 3527 auch
3067 3464 3113 3524 die
3142 3466 3301 3526 Kompete

1567 3473 1615 3533 die
1650 3476 2089 3536 Provinzkrankenhäuser,
2121 3475 2169 3535 die
2204 3473 2261 3533 den
2306 3473 2481 3533 modernen
2525 3470 2683 3530 Anforde¬

2720 3507 2949 3567 vorgehenden
2997 3506 3166 3566 Behörden
3218 3506 3274 3566 und

1566 3518 1685 3578 rungen
1716 3518 1950 3578 entsprechen,
1972 3518 2049 3578 auch
2088 3515 2250 3575 weiterhin
2284 3516 2318 3576 zu
2349 3516 2489 3576 erhalten
2537 3515 2596 3575 und
2639 3512 2677 3572 sie

2725 3550 2985 3610 Vergangenheit
3019 3547 3292 3607 vorgekommene

1566 3559 1626 3619 mit
1673 3559 1921 3619 angemessenen
1977 3559 2097 3619 Mitteln
2144 3559 2174 3619 zu
2221 3557 2413 3617 versorgen,
2444 3558 2495 3618 die
2542 3554 2683 3614 Spitäler

2720 3594 2820 3654 Gegen
2859 3595 2906 3655 die
2935 3592 3222 3652 Entscheidungen
3256 3592 3294 3652 de

1567 3601 1663 3661 aber,
1690 3601 1738 3661 die
1779 3602 1884 3662 diesen
1928 3604 2193 3664 Anfonderungen
2237 3601 2330 3661 nicht
2361 3604 2458 3664 mehr
2493 3601 2678 3661 gewachsen

2710 3637 3016 3697 waltungsgericht
3043 3637 3260 3697 Beschwerde

1567 3646 1659 3706 sind,
1686 3646 1716 3706 zu
1752 3649 2011 3709 Armenhäusern
2051 3646 2328 3706 umzugestalten.
