3392 4384
209 396 320 456 12.
377 390 879 450 Schnitzler
936 384 981 444 s
1048 381 1280 441 Death

587 720 719 780 Ararues.
729 717 737 777 G

562 803 640 863 Irish

626 858 768 918 Dublin

423 1130 627 1190 WRITER’S
662 1132 856 1192 STRANGE
906 1132 1027 1192 WILL.

403 1216 487 1276 "Let
518 1220 571 1280 me
610 1220 640 1280 be
679 1223 809 1283 stabbed
849 1223 986 1283 through
1025 1221 1085 1281 the

344 1259 442 1319 heart
466 1259 576 1319 before
605 1259 616 1319 I
644 1259 679 1319 am
723 1257 860 1317 buried,"
888 1259 911 1319 is
939 1259 990 1319 the
1018 1257 1065 1317 las

350 1294 479 1354 request
511 1294 542 1354 of
570 1294 632 1354 Dr.
656 1294 777 1354 Arthur
809 1294 1004 1354 Schnitzler,
1028 1294 1079 1354 the

347 1333 504 1393 Austrian
564 1330 705 1390 novelist
757 1330 816 1390 and
875 1330 1091 1390 playwright,

350 1369 519 1429 expressed
555 1367 581 1427 in
621 1366 668 1426 his
700 1367 778 1427 will,
806 1367 880 1427 says
912 1366 923 1426 a
964 1366 1081 1426 Reuter

356 1405 466 1465 Vienna
506 1405 675 1465 message.
715 1404 778 1464 Dr.
802 1403 983 1463 Schnitzler
1019 1402 1082 1462 also

344 1441 517 1501 requested
546 1443 616 1503 that
640 1441 683 1501 his
707 1441 841 1501 funeral
861 1442 968 1502 should
996 1441 1027 1501 be
1055 1441 1082 1501 of

348 1478 398 1538 the
424 1480 575 1540 simplest
596 1480 735 1540 possible
760 1478 895 1538 nature.

400 1674 630 1734 AUBSCHNITT
650 1680 698 1740 VON

701 1716 797 1776 „6.
824 1722 920 1782 UK.
939 1728 1052 1788 1931

567 1864 924 1924 Würzburger
970 1873 1371 1933 General-Anz.

410 1975 614 2035 Aaun
642 1969 775 2029 Schihen
811 1964 892 2024 leier
911 1963 1007 2023 Me.
1026 1961 1088 2021 Nie
1107 1958 1159 2018 der
1178 1957 1239 2017 Sehn
1276 1954 1311 2014 des

351 2011 538 2071 vocstorbenen
572 2005 676 2065 Wener
701 1999 897 2059 Bramatikers
922 1997 1009 2057 Artur
1035 1993 1176 2053 Schnitzler
1206 1990 1330 2050 mitteilt,

350 2047 396 2107 hat
414 2046 444 2106 er
466 2044 491 2104 im
526 2041 625 2101 Nachie
664 2037 753 2097 seines
780 2035 878 2095 Vaters
905 2031 1098 2091 Verfügungen
1129 2027 1334 2087 vorgefunden,

350 2082 374 2142 in
408 2080 491 2140 denen
525 2077 553 2137 es
583 2075 674 2135 heißt:
699 2071 957 2131 „Bestimmungen,
991 2065 1032 2125 die
1070 2064 1102 2124 ich
1145 2060 1223 2120 gleich
1265 2059 1327 2119 nach

351 2115 459 2175 meinem
496 2110 616 2170 Ableben
646 2107 670 2167 zu
700 2104 808 2164 erfüllen
841 2101 924 2161 bitte:
941 2099 1086 2159 Herzstich,
1107 2095 1182 2155 keine
1211 2094 1331 2154 Kränze,

357 2148 511 2208 Begräbnis
540 2145 627 2205 letzter
657 2140 761 2200 Klasse,
782 2137 832 2197 das
861 2136 936 2196 durch
966 2133 1119 2193 Befolgung
1153 2128 1236 2188 dieser
1262 2124 1332 2184 Ver¬

357 2183 490 2243 fügungen
526 2178 668 2238 erübrigte
704 2172 773 2232 Geld
810 2170 841 2230 ist
875 2168 1089 2228 Spitalzwecken
1134 2160 1331 2220 zuzuwenden;

365 2217 437 2277 keine
460 2215 568 2275 Reden,
591 2208 781 2268 Vermeidung
811 2205 876 2265 allen
906 2202 1037 2262 rituellen
1067 2196 1227 2256 Beiwerks,
1250 2196 1329 2256 keine

358 2254 466 2314 Trauer
496 2250 587 2310 tragen
617 2247 679 2307 nach
709 2242 806 2302 meinem
847 2241 921 2301 Tode
945 2236 955 2296 —
1002 2235 1111 2295 absolut
1134 2232 1237 2292 keine."

616 2668 1327 2728 OBSERVER

703 2746 730 2806 I.
744 2740 863 2800 österr.
873 2730 1025 2790 behördl.
1039 2714 1342 2774 konzessioniertes

662 2782 892 2842 Unternehmen
924 2770 974 2830 für
1001 2757 1381 2817 Zeitungs-Ausschnitte

713 2840 870 2900 WIEN,
898 2833 945 2893 I.,
967 2823 1261 2883 WOLLZEILE
1303 2811 1350 2871 11

816 2885 1034 2945 TELEPHON
1072 2870 1244 2930 R-23-0-43

626 3038 854 3098 Ausschnitt
876 3027 971 3087 aus:

798 3112 1019 3172 BACLKIE
1033 3154 1414 3214 NACHRICHTEN

655 3268 757 3328 vom:
853 3265 1102 3325 2.0T.
1124 3256 1185 3316 10

649 3360 729 3420 Der
759 3353 934 3413 Nachlaß
973 3343 1251 3403 Schnitzlers.
1289 3336 1354 3396 Ag.
1384 3333 1457 3393 Wie
1487 3328 1537 3388 be¬

518 3404 617 3464 richtet
650 3400 745 3460 wird,
768 3392 905 3452 befinden
946 3388 991 3448 sich
1028 3385 1055 3445 im
1105 3382 1233 3442 Nachlaß
1274 3374 1447 3434 Schnitzlers
1488 3367 1529 3427 die

519 3440 701 3500 Fragmente
733 3433 813 3493 eines
849 3427 1000 3487 Romans,
1027 3421 1111 3481 eines
1144 3415 1339 3475 Schauspiels
1375 3413 1451 3473 „Zug
1487 3406 1535 3466 der

525 3478 697 3538 Schatten“,
720 3469 803 3529 sowie
835 3463 1127 3523 Tagebuchnotizen,
1154 3456 1198 3516 die
1234 3453 1278 3513 bis
1314 3449 1380 3509 1895
1420 3443 1530 3503 zurück¬

524 3517 627 3577 reichen
670 3512 723 3572 und
757 3507 806 3567 vom
857 3501 973 3561 Dichter
1007 3499 1031 3559 zu
1069 3498 1152 3558 einer
1186 3490 1435 3550 Autobiographie
1469 3480 1535 3540 ver¬

523 3554 655 3614 arbeitet
682 3549 788 3609 werden
823 3540 938 3600 sollten.
969 3537 1029 3597 Die
1055 3533 1252 3593 Verwaltung
1283 3528 1329 3588 des
1360 3521 1539 3581 Nachlasses,

527 3593 574 3653 der
604 3588 732 3648 darüber
759 3580 866 3640 hinaus
892 3574 1046 3634 zahlreiche
1076 3568 1329 3628 Aufzeichnungen
1368 3561 1419 3621 und
1449 3557 1535 3617 Skiz¬

529 3630 574 3690 zen
612 3625 740 3685 enthält,
762 3619 832 3679 liegt
857 3617 882 3677 in
916 3615 965 3675 den
995 3611 1115 3671 Handen
1149 3607 1194 3667 des
1228 3601 1452 3661 Dramaturgen
1486 3595 1531 3655 der

534 3660 855 3720 Reinhardt=Bühnen,
892 3654 955 3714 Dr.
992 3651 1095 3711 Hosch,
1132 3648 1181 3708 der
1223 3639 1426 3699 gegenwärtig
1472 3632 1530 3692 eine

530 3701 671 3761 Sichtung
702 3695 877 3755 vornimmt.
920 3690 980 3750 Wie
1010 3686 1057 3746 der
1088 3684 1169 3744 Sohn
1199 3678 1375 3738 Schnitzlers
1405 3672 1542 3732 mitteilt,

531 3741 583 3801 hat
602 3738 632 3798 er
659 3737 681 3797 im
722 3734 846 3794 Nachlaß
873 3729 966 3789 seines
993 3722 1103 3782 Vaters
1130 3719 1263 3779 folgende
1290 3712 1543 3772 Verfügun¬

531 3780 599 3840 gen
638 3773 860 3833 vorgefunden:
891 3762 1173 3822 „Bestimmungen,
1199 3756 1242 3816 die
1281 3754 1315 3814 ich
1349 3750 1434 3810 gleich
1474 3746 1533 3806 nach

531 3815 645 3875 meinem
694 3810 818 3870 Ableben
867 3808 897 3868 zu
947 3802 1070 3862 erfüllen
1123 3795 1211 3855 bitte:
1265 3791 1419 3851 Herzstich,
1460 3785 1539 3845 keine

533 3854 666 3914 Kränze,
693 3848 770 3908 keine
805 3844 925 3904 schwarz
960 3838 1128 3898 umrahmte
1163 3830 1382 3890 Kundgebung,
1413 3825 1477 3885 auch
1512 3819 1538 3879 in

532 3893 580 3953 der
612 3889 735 3949 Zeitung
771 3884 854 3944 nicht,
881 3878 1049 3938 Begrabnis
1080 3873 1177 3933 letzter
1204 3867 1318 3927 Klasse.
1359 3863 1424 3923 Das
1460 3860 1535 3920 durch

542 3928 705 3988 Befolgung
736 3921 823 3981 dieser
855 3915 1048 3975 Vorschriften
1084 3909 1233 3969 erübrigte
1260 3905 1334 3965 Geld
1366 3902 1396 3962 ist
1427 3899 1546 3959 Spital¬

539 3967 651 4027 zwecken
689 3958 905 4018 zuzuwenden.
952 3953 1047 4013 Keine
1081 3949 1201 4009 Reden,
1227 3941 1431 4001 Vermeidung
1469 3937 1539 3997 allen

540 4004 668 4064 rituellen
711 3997 873 4057 Beiwerks.
921 3994 1015 4054 Keine
1050 3987 1277 4047 Trauerkränze
1311 3980 1375 4040 nach
1414 3976 1525 4036 meinem

544 4046 637 4106 Tode.
663 4039 793 4099 Absolut
814 4036 928 4096 keine".

1501 372 1628 432 box
1705 372 1939 432 43/26

2261 647 2583 707 LerzigerNeueste

2348 794 2668 854 21.01931

1859 895 1918 955 Der
1948 891 2070 951 Nachlaß
2105 888 2301 948 Schnitzlers.
2341 888 2385 948 In
2425 887 2468 947 dem
2513 888 2685 948 Testament
2710 884 2828 944 Arthur
2858 881 3034 941 Schnitzlers

1779 934 1839 994 sind
1863 933 1928 993 auch
1952 930 2095 990 besonder
2133 929 2346 989 Verfügungen
2380 927 2449 987 über
2478 927 2566 987 seinen
2594 924 2789 984 literarischen
2817 921 2942 981 Nachlaß
2971 917 3035 977 ent¬

1785 972 1899 1032 halten.
1934 969 1992 1029 Die
2014 969 2212 1029 Verwaltung
2239 967 2287 1027 des
2314 966 2508 1026 literarischen
2535 966 2627 1026 Erbes
2654 963 2724 1023 wird
2751 963 2834 1023 neben
2866 960 2914 1020 dem
2954 960 3033 1020 Sohn

1780 1010 1954 1070 Schnitzlers
1986 1008 2039 1068 der
2071 1008 2124 1068 mit
2151 1008 2200 1068 dem
2245 1005 2366 1065 Dichter
2397 1005 2450 1065 seit
2478 1005 2594 1065 Jahren
2630 1004 2822 1064 befreundete
2854 999 3045 1059 Dramaturg

1785 1050 1834 1110 der
1862 1050 2002 1110 Berliner
2034 1046 2365 1106 Reinhardt=Bühnen,
2388 1044 2451 1104 Dr.
2469 1046 2568 1106 Franz
2592 1044 2700 1104 Horch,
2719 1041 2936 1101 übernehmen.
2977 1038 3040 1098 Der

1783 1088 1906 1148 Nachlaß
1937 1087 2051 1147 enthält
2078 1085 2166 1145 unter
2197 1085 2324 1145 anderem
2369 1083 2408 1143 ein
2444 1083 2496 1143 fast
2523 1083 2699 1143 vollendetes
2730 1079 2910 1139 Schauspiel
2937 1077 3038 1137 „Der

1784 1131 1860 1191 Zug
1894 1127 1966 1187 der
1996 1126 2231 1186 Schatten",
2256 1124 2361 1184 ferner
2395 1121 2645 1181 Aufzeichnungen
2703 1120 2943 1180 biographischer
2973 1115 3049 1175 Art,

1782 1166 1825 1226 die
1857 1167 1882 1227 zu
1914 1166 1992 1226 einem
2037 1163 2345 1223 autobiographischen
2376 1163 2464 1223 Werk
2491 1162 2759 1222 zusammengefaßt
2786 1157 2900 1217 werden
2936 1157 3045 1217 sollen,

1785 1207 1841 1267 und
1877 1207 2057 1267 Bruchstücke
2093 1205 2172 1265 eines
2212 1205 2397 1265 begonnenen
2437 1202 2591 1262 Romans.
2635 1199 2793 1259 Außerdem
2843 1198 2904 1258 sind
2940 1194 3045 1254 zwei

1789 1247 1994 1307 Einakter
2022 1244 2166 1304 gefunden
2204 1241 2338 1301 worden.
2385 1241 2450 1301 Der
2483 1241 2562 1301 eine,
2586 1241 2613 1301 in
2646 1241 2776 1301 Versen,
2805 1238 2897 1298 spielt
2926 1236 2953 1296 in
2991 1233 3037 1293 der

1789 1285 1861 1345 Welt
1889 1283 1933 1343 der
1966 1284 2193 1344 Landsknechte,
2216 1282 2265 1342 der
2293 1282 2406 1342 andere
2434 1279 2470 1339 ist
2498 1280 2534 1340 ein
2570 1278 2956 1338 Schauspielerinnenstück.
2980 1274 3043 1334 So¬

1787 1325 1854 1385 dann
1888 1324 1983 1384 findet
2008 1322 2050 1382 sich
2080 1321 2108 1381 in
2137 1321 2185 1381 dem
2228 1321 2352 1381 Nachlaß
2387 1321 2448 1381 noch
2482 1321 2530 1381 der
2559 1321 2698 1381 Entwurf
2722 1321 2750 1381 zu
2785 1317 2865 1377 einer
2895 1312 3038 1372 Komödie

1786 1364 1841 1424 aus
1870 1366 1916 1426 dem
1958 1363 2075 1423 Wiener
2103 1360 2383 1420 Bohème=Milieu.

2269 1608 2315 1668 Ne
2337 1609 2372 1669 DE
2399 1613 2534 1673 DEBIT¬

2067 1718 2138 1778 Et
2211 1712 2902 1772 NTIANT

2070 1816 2191 1876 e
2283 1790 2375 1850 RUE
2407 1790 2671 1850 REAUMUK,
2693 1795 2783 1855 100,
2805 1796 2865 1856 1l'

2062 1916 2135 1976 Oate
2152 1916 2167 1976 :

2370 1928 2420 1988 27
2462 1928 2685 1988 OCTOBRE
2737 1931 2859 1991 1931

2056 2013 2218 2073 Signature
2241 2014 2249 2074 :

2360 2020 2482 2080 Les
2526 2020 2693 2080 Treize

2059 2109 2268 2169 Expopition:

2159 2149 2203 2209 XX
2234 2149 2294 2209 Une
2318 2152 2415 2212 œuvre
2438 2154 2551 2214 inédite
2575 2155 2611 2215 de
2627 2157 2724 2217 Marle
2740 2160 2845 2220 Edge¬

2122 2181 2241 2241 worth.

2157 2212 2242 2272 Dans
2275 2217 2329 2277 une
2361 2217 2465 2277 vieille
2493 2220 2611 2280 maison
2643 2223 2679 2283 du
2712 2223 2766 2283 sud
2798 2224 2834 2284 de

2118 2250 2281 2310 l'Irlande,
2298 2253 2311 2313 a
2341 2250 2388 2310 été
2423 2253 2530 2313 trouvé
2569 2258 2757 2318 récemment
2792 2259 2826 2319 un

2118 2285 2291 2345 manuscrit
2315 2285 2385 2345 relié
2413 2285 2444 2345 en
2472 2289 2539 2349 cuir
2563 2291 2669 2351 rouge,
2685 2295 2739 2355 qui
2760 2295 2842 2355 sem¬

2113 2318 2160 2378 ble
2190 2319 2275 2379 avoir
2300 2319 2347 2379 été
2372 2323 2467 2383 offert
2491 2328 2500 2388 à
2530 2328 2567 2388 un
2597 2328 2701 2388 enfant
2726 2329 2740 2389 à
2764 2331 2836 2391 l'oc¬

2112 2352 2212 2412 casion
2248 2354 2283 2414 de
2314 2354 2406 2414 Noël.

2150 2384 2188 2444 Ce
2222 2387 2399 2447 manuscrit
2429 2387 2510 2447 n'est
2539 2391 2625 2451 autre
2659 2393 2716 2453 que
2746 2395 2831 2455 celui

2115 2418 2177 2478 d'un
2211 2420 2335 2480 roman,
2357 2423 2435 2483 resté
2461 2424 2578 2484 inédit,
2595 2429 2628 2489 de
2657 2429 2678 2489 la
2707 2429 2828 2489 célèbre

2120 2453 2306 2513 romancière
2333 2459 2475 2519 anglaise
2502 2462 2537 2522 du
2568 2465 2679 2525 XvIIIe
2697 2466 2785 2526 siècle
2817 2468 2830 2528 :

2113 2486 2206 2546 Marie
2238 2491 2446 2551 Edgeworth.

2110 2519 2240 2579 C'est,
2265 2522 2299 2582 en
2333 2526 2395 2586 très
2430 2528 2483 2588 peu
2518 2528 2551 2588 de
2585 2532 2701 2592 temps,
2726 2534 2750 2594 la
2784 2534 2832 2594 se¬

2112 2556 2199 2616 conde
2225 2558 2408 2618 découverte
2430 2561 2463 2621 de
2484 2562 2513 2622 ce
2535 2564 2622 2624 genre
2643 2567 2697 2627 qui
2710 2568 2743 2628 se
2760 2569 2831 2629 pro¬

2108 2590 2187 2650 duit,
2210 2590 2236 2650 la
2268 2592 2454 2652 précédente
2487 2596 2588 2656 étant,
2611 2599 2726 2659 comme
2758 2603 2784 2663 il
2807 2605 2820 2665 a

2108 2622 2147 2682 été
2178 2622 2226 2682 dit
2257 2625 2425 2685 ici-même,
2450 2632 2519 2692 celle
2554 2634 2618 2694 d'un
2648 2638 2756 2698 roman
2787 2638 2821 2698 de

2112 2659 2268 2719 Charlotte
2295 2662 2424 2722 Bronté.

2138 2705 2188 2765 XX
2220 2707 2302 2767 H.G.
2321 2710 2417 2770 Wells
2441 2712 2477 2772 au
2505 2713 2641 2773 cinéma.

2142 2740 2182 2800 Le
2206 2740 2382 2800 romancier
2410 2745 2501 2805 H.-G.
2519 2747 2609 2807 Wells
2637 2749 2646 2809 a
2678 2751 2773 2811 vendu
2805 2755 2814 2815 à

2109 2773 2161 2833 une
2206 2776 2380 2836 entreprise
2425 2783 2754 2843 cinématographique
2795 2788 2819 2848 le

2105 2806 2188 2866 droit
2213 2807 2246 2867 de
2272 2810 2351 2870 tirer
2377 2811 2414 2871 un
2443 2814 2489 2874 film
2531 2816 2564 2876 de
2594 2817 2639 2877 son
2674 2819 2777 2879 roman
2807 2820 2819 2880 :

2103 2840 2163 2900 The
2189 2841 2339 2901 Invisible
2366 2846 2425 2906 Man
2460 2848 2632 2908 (L'Homme
2654 2853 2821 2913 Invisible)

2136 2877 2401 2937 Prochainement
2431 2882 2460 2942 on
2494 2883 2578 2943 verra
2612 2886 2682 2946 donc
2712 2888 2818 2948 passer

2104 2907 2112 2967 à
2142 2910 2246 2970 l'écran
2276 2913 2355 2973 cette
2376 2915 2476 2975 œuvre
2502 2916 2530 2976 de
2556 2918 2643 2978 H.-G.
2660 2920 2765 2980 Wells.
2782 2925 2819 2985 Ce

2102 2943 2185 3003 sera,
2204 2947 2232 3007 au
2260 2949 2400 3009 surplus,
2419 2951 2451 3011 un
2480 2954 2526 3014 film
2559 2955 2694 3015 parlant.

2137 3004 2180 3064 XX
2209 3002 2252 3062 En
2277 3006 2444 3066 l’honneur
2469 3009 2497 3069 de
2522 3011 2636 3071 Freud.

2140 3036 2210 3096 Hier
2232 3038 2414 3098 dimanche,
2427 3043 2485 3103 une
2507 3044 2610 3104 plaque
2632 3046 2644 3106 a
2665 3047 2710 3107 été
2732 3050 2798 3110 inau

2099 3069 2187 3129 gurée
2224 3073 2488 3133 solennellement
2521 3078 2532 3138 à
2569 3083 2816 3143 l'emplacement

2094 3101 2127 3161 de
2157 3103 2177 3163 la
2207 3107 2324 3167 maison
2354 3109 2387 3169 où
2417 3110 2530 3170 naquit
2551 3113 2576 3173 le
2601 3116 2727 3176 docteur
2753 3120 2819 3180 Sig¬

2096 3137 2184 3197 mund
2217 3140 2333 3200 Freud,
2353 3143 2361 3203 à
2390 3143 2553 3203 Freiberg,
2572 3148 2600 3208 en
2628 3150 2782 3210 Moravie.

2119 3173 2159 3233 Le
2191 3173 2322 3233 docteur
2349 3177 2471 3237 Freud,
2489 3183 2543 3243 qui
2566 3185 2611 3245 est
2634 3187 2692 3247 âgé
2720 3188 2756 3248 de
2783 3187 2814 3247 75

2098 3206 2167 3266 ans,
2183 3209 2287 3269 habite
2317 3212 2451 3272 Vienne.

2129 3267 2174 3327 XX
2201 3265 2283 3325 Mort
2306 3265 2337 3325 de
2365 3269 2406 3329 M.
2429 3271 2528 3331 André
2552 3272 2588 3332 Le
2615 3274 2742 3334 Breton.

2132 3298 2176 3358 M.
2201 3301 2302 3361 André
2335 3300 2371 3360 Le
2408 3305 2542 3365 Breton,
2563 3307 2619 3367 qui
2644 3310 2814 3370 professait

2090 3334 2121 3394 en
2150 3333 2312 3393 Sorbonne
2341 3336 2369 3396 et
2394 3337 2401 3397 à
2434 3340 2487 3400 qui
2512 3342 2596 3402 avait
2617 3343 2662 3403 été
2690 3346 2815 3406 confiée,

2092 3367 2152 3427 lors
2178 3367 2212 3427 de
2243 3367 2272 3427 sa
2303 3370 2462 3430 création,
2480 3373 2513 3433 en
2544 3376 2630 3436 1926,
2652 3379 2673 3439 la
2704 3382 2806 3442 chaire

2093 3402 2127 3462 de
2153 3400 2256 3460 Victor
2282 3405 2389 3465 Hugo,
2408 3407 2493 3467 vient
2515 3409 2545 3469 de
2571 3412 2704 3472 mourir.

2120 3434 2237 3494 Autour
2269 3439 2336 3499 d'un
2372 3440 2453 3500 livre
2485 3445 2665 3505 documenté
2697 3448 2751 3508 sur
2783 3449 2805 3509 la

2092 3468 2233 3528 jeunesse
2257 3471 2289 3531 de
2314 3473 2415 3533 Victor
2439 3478 2544 3538 Hugo,
2557 3477 2588 3537 de
2613 3480 2726 3540 solides
2747 3482 2811 3542 étu¬

2088 3501 2141 3561 des
2168 3503 2220 3563 sur
2243 3504 2266 3564 le
2293 3505 2395 3565 roman
2426 3509 2456 3569 au
2487 3510 2577 3570 XvIIe
2597 3511 2623 3571 et
2646 3514 2676 3574 au
2707 3516 2798 3576 XvIII

2087 3537 2211 3597 siècles,
2229 3540 2274 3600 M.
2291 3542 2391 3602 André
2416 3543 2454 3603 Le
2479 3546 2583 3606 Breton
2613 3549 2696 3609 avait
2713 3552 2812 3612 égale¬

2085 3571 2170 3631 ment
2192 3573 2269 3633 écrit
2291 3578 2325 3638 un
2351 3579 2454 3639 roinan
2485 3582 2493 3642 :
2515 3582 2553 3642 Le
2575 3585 2742 3645 sentiment
2764 3588 2798 3648 du

2089 3606 2197 3666 passé.

2130 3640 2174 3700 M.
2185 3642 2291 3702 André
2313 3643 2352 3703 Le
2375 3648 2502 3708 Breton,
2520 3651 2574 3711 qui
2592 3651 2675 3711 avait
2692 3654 2753 3714 pris
2776 3656 2803 3716 sa

2088 3675 2219 3735 retraite
2251 3679 2360 3739 depuis
2384 3684 2421 3744 un
2454 3684 2507 3744 an,
2532 3685 2609 3745 était
2625 3689 2686 3749 âgé
2711 3690 2741 3750 de
2765 3692 2803 3752 71

2114 3765 2161 3825 XX
2189 3766 2226 3826 Le
2255 3769 2427 3829 testament
2447 3773 2596 3833 d'Arthur
2615 3779 2806 3839 Schnitzler.

2111 3809 2131 3869 A
2169 3809 2302 3869 Vienne,
2323 3812 2352 3872 on
2386 3815 2473 3875 vient
2494 3818 2631 3878 d’ouvrir
2656 3821 2681 3881 le
2706 3823 2801 3883 testa¬

2079 3840 2165 3900 ment
2185 3844 2342 3904 littéraire
2366 3848 2401 3908 du
2429 3851 2519 3911 grand
2547 3854 2680 3914 écrivain
2708 3858 2806 3918 autri¬

2078 3876 2159 3936 chien
2194 3878 2315 3938 Arthur
2346 3884 2540 3944 Schnitzler.
2562 3887 2592 3947 Il
2614 3890 2757 3950 contient
2787 3895 2800 3955 :

2082 3910 2132 3970 une
2157 3910 2300 3970 nouvelle
2322 3914 2443 3974 version
2469 3917 2497 3977 de
2523 3919 2548 3979 sa
2574 3922 2657 3982 pièce
2678 3923 2691 3983 :
2708 3927 2804 3987 L'Ap¬

2077 3946 2128 4006 pel
2149 3944 2185 4004 de
2209 3945 2233 4005 la
2266 3946 2334 4006 Vie,
2351 3952 2500 4012 quelques
2525 3956 2698 4016 fragments
2726 3960 2790 4020 d'un

2074 3977 2215 4037 nouveau
2243 3982 2349 4042 roman
2385 3985 2470 4045 (sans
2495 3988 2588 4048 titre)
2613 3991 2695 4051 ainsi
2719 3994 2801 4054 qu'u¬

2073 4010 2112 4070 ne
2137 4013 2217 4073 pièce
2242 4015 2274 4075 de
2299 4017 2419 4077 théâtre
2449 4018 2460 4078 :
2481 4018 2517 4078 Le
2541 4021 2630 4081 Train
2655 4027 2711 4087 des
2731 4029 2799 4089 Om¬

2072 4045 2160 4105 bres.
2185 4048 2221 4108 La
2254 4048 2355 4108 partie
2383 4051 2407 4111 la
2441 4054 2509 4114 plus
2538 4057 2691 4117 précieuse
2724 4060 2796 4120 c'est

2077 4081 2108 4141 un
2141 4082 2209 4142 plan
2246 4086 2536 4146 d’autobiographie
2565 4090 2597 4150 et
2630 4092 2686 4152 une
2723 4096 2791 4156 idée

2077 4114 2137 4174 très
2157 4115 2254 4175 vague
2275 4119 2339 4179 d'un
2364 4121 2505 4181 scenario
2530 4123 2562 4183 de
2583 4125 2663 4185 film,
2680 4128 2736 4188 tiré
2756 4130 2788 4190 de

2072 4149 2106 4209 sa
2131 4150 2244 4210 célèbre
2269 4154 2352 4214 plèce
2377 4155 2386 4215 :
2407 4157 2446 4217 Le
2471 4158 2559 4218 jeune
2584 4161 2761 4221 Medardus.
