3344 4352
340 297 924 357 Schnitzler's
994 299 1217 359 Death

1446 303 1571 363 box
1643 306 1823 366 42/9

394 545 555 605 Freitag,
575 547 640 607 23.
662 545 803 605 Oktober
833 547 918 607 1931

1296 556 1489 616 Kleine
1522 562 1950 622 Volks=Zeitung

2426 573 2511 633 Nr.
2523 574 2588 634 292
2621 572 2641 632 —
2697 582 2793 642 Seite
2816 583 2837 643 3

293 616 490 676 zugsstraßen
524 619 579 679 von
612 619 662 679 der
690 619 811 679 Menge
839 623 1065 683 freizuhalten.
1088 630 1154 690 Ab-
1182 631 1231 691 sich
1265 631 1314 691 die
1347 633 1529 693 Bewegung
1563 635 1634 695 noch
1690 635 1800 695 weiter
1856 639 2032 699 ausbreiten

2165 646 2361 706 Gleichzeitig
2408 650 2517 710 wurde
2565 654 2616 714 die
2657 658 2928 718 Polueidirektion

291 661 450 721 teilungen
486 661 537 721 der
569 663 686 723 Armee
718 664 779 724 und
815 664 866 724 der
898 667 1036 727 Marine
1088 671 1149 731 mit
1180 675 1277 735 wird.
1298 676 1380 736 Nach
1412 678 1493 738 einem
1545 681 1740 741 inoffiziellen
1777 682 1904 742 Bericht
1931 683 1997 743 hätt

289 706 526 766 Musikkapellen
559 706 591 766 an
618 706 672 766 der
694 706 796 766 Spitze
818 709 920 769 waren
948 712 1001 772 zur
1023 716 1147 776 Parade

1180 718 1228 778 sich
1279 719 1377 779 große
1428 723 1662 783 Volksmengen
1719 724 1780 784 für
1812 727 1990 787 Griechenlg

284 751 342 811 auf
370 748 423 808 dem
467 749 648 809 Broadway
682 751 922 811 bereitgestellt.

1179 760 1316 820 erklärt.

537 810 621 870 Rede
652 813 676 873 im
726 816 895 876 Rathaus.

1181 836 1261 896 Der
1309 839 1509 899 deutsche
1557 845 1986 905 Wirtschaftsbeira

373 861 454 921 Nach
498 861 551 921 der
590 862 747 922 Landung
791 865 828 925 am
888 868 1143 928 Battery=Plac¬

1312 890 1399 950 Erste
1427 893 1559 953 Sitzung
1592 894 1624 954 am
1675 897 1723 957 29.
1746 897 1905 957 Oktober.

286 903 399 963 wurde
425 905 529 965 Laval
555 906 648 966 unter
680 908 876 968 begeisterten
918 913 1062 973 Zurufen
1099 915 1145 975 der

2084 908 2790 968 OBSERVER

1258 939 1392 999 Berlin,
1422 942 1474 1002 22.
1503 945 1585 1005 Okt.
1632 943 1760 1003 (Priv.)
1808 945 1878 1005 Der
1913 948 1988 1008 Reid

285 950 561 1010 tausendköpfigen
616 950 741 1010 Menge
795 950 866 1010 nach
920 953 974 1013 der
1024 956 1148 1016 City¬

2171 979 2199 1039 I.
2214 977 2334 1037 österr.
2344 980 2493 1040 behördl.
2503 980 2800 1040 konzessioniertes

1178 983 1334 1043 präsident
1395 986 1450 1046 hat
1516 986 1566 1046 die
1632 989 1879 1049 neuernannten
1930 992 1945 1052 M

286 992 399 1052 Hall
441 993 585 1053 geleitet,
627 992 674 1052 wo
705 993 736 1053 er
783 995 845 1055 vom
886 998 1145 1058 Bürgermeister

2125 1019 2360 1079 Unternehmen
2390 1020 2437 1080 für
2462 1022 2851 1082 Zeitungs-Ausschnitte

1168 1025 1357 1085 glieder
1400 1028 1470 1088 des
1506 1033 1981 1093 Wirtschaftsbeirat

284 1034 469 1094 Walker
502 1034 528 1094 im
581 1037 702 1097 Namen
746 1037 798 1097 der
836 1040 936 1100 Stadt
969 1043 1132 1103 New=Yor

1177 1070 1253 1130 schon
1287 1070 1343 1130 zum
1393 1072 1448 1132 29.
1465 1073 1498 1133 d.
1527 1073 1554 1133 in
1587 1075 1648 1135 sein
1682 1076 1770 1136 Haus
1804 1077 1854 1137 zur
1893 1079 1976 1139 erst

279 1076 514 1136 bewillkommt
557 1080 682 1140 wurde.
750 1082 850 1142 Laval
899 1085 1066 1145 erinnerte
1115 1090 1138 1150 in

2173 1079 2324 1139 WIEN,
2354 1082 2404 1142 I.,
2426 1082 2715 1142 WOLLZEILE
2760 1085 2802 1145 11

1180 1112 1381 1172 Sitzung,
1424 1115 1476 1175 der
1514 1116 1551 1176 er
1594 1118 1779 1178 präsidieren
1828 1121 1928 1181 wird,

288 1121 388 1181 seiner
414 1121 625 1181 Erwiderung
677 1124 717 1184 an
773 1127 853 1187 seine
905 1130 1015 1190 Reisen
1071 1132 1136 1192 nach

2273 1130 2485 1190 TELIPHON
2525 1133 2698 1193 R-23-0-43

1173 1156 1319 1216 geladen.
1363 1156 1477 1216 Diesem
1521 1159 1830 1219 Wirtschaftsbeirat
1868 1162 1949 1222 wird

280 1165 413 1225 London
445 1165 503 1225 und
525 1166 636 1226 Berlin
663 1168 721 1228 und
754 1169 902 1229 erklärte,
919 1171 960 1231 die
988 1174 1147 1234 Weltkrise

1180 1198 1280 1258 größte
1307 1200 1492 1260 Bedeutung
1519 1204 1730 1264 zugemessen,
1746 1204 1820 1264 weil
1842 1205 1868 1265 er
1895 1207 1915 1267 in
1948 1206 1989 1266 ein

284 1207 366 1267 stelle
408 1207 459 1267 die
491 1210 620 1270 Führer
667 1210 718 1270 der
745 1213 905 1273 Nationen
957 1216 1019 1276 vor
1066 1219 1143 1279 neue

1180 1240 1248 1300 Zeit
1270 1242 1317 1302 der
1344 1243 1560 1303 schwierigsten
1593 1248 1799 1308 wirtschafts-
1826 1248 1884 1308 und
1911 1249 1995 1309 finan

286 1251 459 1311 Pflichten.
498 1252 557 1312 Die
585 1255 791 1315 Vereinigten
841 1258 982 1318 Staaten
1031 1261 1133 1321 hätten

2082 1270 2300 1330 Ausschnitt
2325 1269 2385 1329 aus

1179 1285 1345 1345 politischen
1379 1287 1456 1347 Lage
1479 1288 1506 1348 in
1535 1291 1618 1351 ganz
1641 1291 1740 1351 kurzer
1769 1292 1840 1352 Zeit
1864 1292 1907 1352 ein
1936 1291 1991 1351 Wi

277 1291 332 1351 ihn
358 1297 559 1357 eingeladen,
600 1297 675 1357 weil
696 1299 722 1359 in
753 1300 802 1360 der
828 1303 1030 1363 allgemeinen
1061 1304 1141 1364 Ver¬

2397 1312 2506 1372 Klekso
2532 1312 2768 1372 Vokazeitung.
2777 1306 2855 1366 Wien

1178 1329 1459 1389 schaftsprogramm
1495 1333 1701 1393 ausarbeiten
1727 1333 1797 1393 soll.
1828 1335 1873 1395 Es
1898 1336 1988 1396 gehör

280 1339 428 1399 wirrung
461 1342 640 1402 Frankreich
667 1342 714 1402 als
741 1344 783 1404 ein
810 1344 894 1404 Land
921 1347 1069 1407 erschien,
1085 1347 1138 1407 das

1167 1371 1216 1431 ihm
1270 1371 1460 1431 Mitglieder
1499 1374 1563 1434 aus
1602 1377 1677 1437 allen
1716 1375 1841 1435 Kreisen
1885 1377 1938 1437 der
1966 1379 1976 1439 I

278 1383 391 1443 gesund
436 1383 593 1443 geblieben
626 1386 680 1446 sei,
725 1386 800 1446 dank
828 1389 876 1449 der
904 1389 1018 1449 Arbeit
1040 1392 1137 1452 seiner

2402 1395 2667 1455 Volksteitang.
2689 1399 2770 1459 ien

1173 1414 1306 1474 dustrie,
1345 1416 1627 1476 Landwirtschaft,
1667 1419 1722 1479 des
1772 1422 1933 1482 Handels,

281 1425 523 1485 Bevölkerung.
572 1428 685 1488 Dieses
766 1433 1009 1493 Gleichgewicht
1063 1436 1138 1496 decke

1173 1458 1384 1518 Handwerks,
1406 1459 1457 1519 des
1483 1461 1767 1521 Kleingewerbes,
1804 1464 1856 1524 der
1903 1464 1990 1524 Arbe

281 1470 469 1530 Frankreich
514 1472 608 1532 gegen
636 1472 685 1532 die
709 1473 864 1533 Anklage,
903 1477 963 1537 daß
1014 1479 1047 1539 es
1075 1479 1141 1539 eine

2081 1494 2191 1554 vom:

1173 1504 1259 1564 geber
1286 1503 1346 1563 und
1374 1505 1618 1565 Arbeitnehmer
1640 1506 1699 1566 an.

277 1512 472 1572 Hegemonie
500 1513 526 1573 in
558 1517 685 1577 Europa
723 1518 860 1578 ausübe.
882 1521 1067 1581 Frankreich
1099 1522 1141 1582 sei

2360 1517 2436 1577 23.
2465 1517 2588 1577 MMT.
2608 1521 2712 1581 1961

272 1559 571 1619 pazifistisch,
610 1559 642 1619 es
669 1560 827 1620 verkünde
855 1563 930 1623 aber
953 1565 1007 1625 vor
1034 1565 1143 1625 allem,

1210 1585 1291 1645 Der
1340 1589 1728 1649 mandschurische
1777 1592 1988 1652 Konflikt.

277 1598 326 1658 daß
359 1601 386 1661 es
419 1601 544 1661 seine
572 1604 840 1664 Sicherheit
868 1607 895 1667 zu
923 1607 1130 1667 garantieren

277 1646 376 1706 habe.
415 1643 483 1703 Die
527 1643 639 1703 Völker
690 1646 758 1706 und
808 1649 851 1709 die
902 1652 1126 1712 Regierungen
1171 1643 1239 1703 Der
1271 1643 1670 1703 Vermittlungsvorschlag
1715 1644 1764 1704 des
1808 1645 1983 1705 Völkerbun

1545 1687 1654 1747 rates.

281 1685 404 1745 müßten
437 1688 610 1748 verstehen,
627 1691 680 1751 daß
708 1691 756 1751 die
778 1691 956 1751 Sicherheit
978 1697 1058 1757 nicht
1081 1697 1139 1757 auf

273 1732 559 1792 hoffnungsvollen
592 1733 745 1793 Formeln
778 1737 904 1797 eruhe,
926 1739 1053 1799 sondern
1085 1741 1132 1801 daß

1252 1736 1355 1796 Genf,
1380 1736 1437 1796 22.
1455 1739 1530 1799 Okt.
1554 1739 1652 1799 (Tel.)
1675 1739 1744 1799 Der
1768 1739 1988 1799 Völkerbundr

272 1774 310 1834 sie
339 1774 472 1834 wirklich
501 1777 696 1837 organisiert
724 1779 779 1839 fein
814 1782 925 1842 müsse.
948 1781 1048 1841 Wenn
1088 1785 1131 1845 sich

1174 1777 1282 1837 konnte
1313 1776 1385 1836 auch
1422 1778 1509 1838 heute
1546 1780 1623 1840 seine
1655 1780 1990 1840 Sondertagung,d

273 1816 463 1876 Frankreich
495 1819 552 1879 und
585 1819 626 1879 die
653 1822 863 1882 Vereinigten
896 1823 1032 1883 Staaten
1064 1825 1132 1885 ver¬

1169 1819 1221 1879 der
1253 1822 1458 1882 Schlichtung
1496 1822 1553 1882 des
1591 1825 1869 1885 mandschurischen
1933 1827 1980 1887 Ko

277 1861 467 1921 ständigten,
505 1863 587 1923 dann
620 1864 712 1924 könne
739 1867 809 1927 man
843 1868 908 1928 eine
936 1867 1049 1927 bessere
1071 1869 1136 1929 Zu¬

1179 1867 1272 1927 fliktes
1301 1867 1372 1927 gilt,
1395 1867 1461 1927 noch
1495 1867 1578 1927 nicht
1601 1869 1655 1929 zum
1700 1870 1844 1930 Abschluß
1878 1871 1988 1931 bringe

274 1906 369 1966 kunft
388 1906 438 1966 für
465 1906 508 1966 die
528 1906 616 1966 Welt
636 1909 876 1969 voraussagen.

1167 1910 1235 1970 Die
1262 1912 1750 1972 Vermittlungsentschließung
1804 1915 1931 1975 fordert
1979 1915 2026 1975 die

1173 1953 1346 2013 japanische
1373 1954 1563 2014 Regierung
1596 1956 1671 2016 auf,
1715 1956 1818 2016 sofort
1845 1959 1904 2019 mit
1932 1959 2018 2019 ihren

476 1968 579 2028 Fahrt
611 1969 678 2029 nach
710 1974 943 2034 Washington.

1173 2000 1756 2060 Räumungsmaßnahmen
1789 2001 1820 2061 zu
1854 2001 2026 2061 beginnen.

364 2015 447 2075 Nach
472 2019 519 2079 dem
563 2019 724 2079 Empfang
756 2023 779 2083 im
822 2025 972 2085 Rathaus
1003 2028 1128 2088 begaben

2107 2037 2557 2097 Fagesneuis

2613 2037 2852 2097 MEner

1168 2040 1233 2100 Die
1261 2043 1432 2103 chinesische
1460 2044 1648 2104 Regierung
1682 2046 1758 2106 wird
1792 2046 2024 2106 aufgefordert,

278 2061 325 2121 sich
361 2061 460 2121 Laval
491 2061 550 2121 und
598 2065 674 2125 seine
710 2067 869 2127 Begleiter
917 2068 976 2128 mit
1006 2070 1135 2130 Staats¬

1172 2083 1228 2143 alle
1249 2085 1430 2145 geeigneten
1466 2088 1688 2148 Maßnahmen
1720 2091 1771 2151 zum
1818 2091 1942 2151 Schutze
1968 2088 2019 2148 des

273 2103 406 2163 sekretär
433 2105 577 2165 Stimson
613 2107 675 2167 und
712 2111 825 2171 andern
861 2112 1046 2172 Vertretern
1083 2115 1134 2175 der

1172 2127 1285 2187 Lebens
1343 2131 1409 2191 und
1456 2133 1653 2193 Eigentums
1731 2133 1787 2193 der
1860 2134 1885 2194 in

2097 2135 2330 2195 Tragik
2376 2136 2475 2196 des
2522 2146 2855 2206 Dichters.

273 2147 532 2207 amerikanischen
570 2150 754 2210 Regierung
793 2156 834 2216 um
882 2156 919 2216 11
956 2159 1041 2219 Uhr,
1078 2157 1136 2217 das

1170 2174 1397 2234 Mandschurei
1420 2174 1614 2234 wohnenden
1648 2177 1803 2237 Japaner
1831 2177 1858 2237 zu
1893 2178 2020 2238 treffen.

274 2187 362 2247 heißt
390 2189 428 2249 17
463 2192 528 2252 Uhr
573 2196 900 2256 mitteleuropäischer
940 2201 1022 2261 Zeit,
1067 2203 1116 2263 zum

2133 2202 2198 2262 Der
2229 2206 2379 2266 Schöpfer
2404 2208 2452 2268 des
2483 2210 2615 2270 „Süßen
2651 2216 2820 2276 Mädels".

1167 2216 1279 2276 Beiden
1321 2219 1547 2279 Regierungen
1589 2219 1671 2279 wird
1707 2220 1768 2280 vom
1821 2219 1887 2279 Rat
1924 2222 2016 2282 nahe¬

271 2234 676 2294 Pennsylvaniabahnhof,
704 2240 759 2300 von
787 2243 832 2303 wo
849 2243 893 2303 die
915 2244 1054 2304 Abfahrt
1066 2246 1131 2306 nach

1169 2262 1282 2322 gelegt,
1331 2261 1407 2321 nach
1467 2264 1661 2324 vollendeter
1721 2264 1900 2324 Räumung

2137 2261 2202 2321 Der
2230 2269 2356 2329 Dichter
2391 2270 2436 2330 der
2470 2273 2596 2333 Wiener
2624 2276 2750 2336 Frauen
2791 2282 2830 2342 ist
2858 2282 2903 2342 ge¬

263 2278 472 2338 Washington
528 2285 682 2345 erfolgte.
726 2285 793 2345 Die
843 2288 1120 2348 Verhandlungen
1158 2303 1343 2363 direkte
1436 2309 1843 2369 Verhandlungen

2055 2306 2193 2366 storben,
2217 2309 2262 2369 der
2292 2312 2401 2372 Schild
2419 2314 2470 2374 rer
2500 2316 2586 2376 einer
2616 2321 2811 2381 lachelnden,
2852 2324 2904 2384 ge¬

281 2321 475 2381 zwischen
508 2327 719 2387 Stimson
752 2330 833 2390 und
866 2333 1006 2393 Laval
1034 2333 1125 2393 haben

1162 2350 1331 2410 zutreten.

2054 2353 2252 2413 nießerischen
2319 2359 2469 2419 Jugend,
2524 2359 2577 2419 der
2638 2368 2891 2428 philosophischen

273 2362 388 2422 bereits
417 2365 504 2425 ihren
539 2370 701 2430 offiziellen
736 2373 863 2433 Anfang
893 2374 921 2434 in
951 2375 1002 2435 dem
1049 2379 1130 2439 Zuge

2053 2395 2265 2455 Liebeskunst,
2307 2401 2391 2461 einer
2424 2405 2651 2465 verklungenen
2688 2411 2905 2471 Leidenschaft.

262 2409 339 2469 nach
376 2413 580 2473 Washington
622 2416 837 2476 genommen.

1264 2428 1378 2488 Die
1424 2434 1903 2494 Kreditanstalt.

2049 2437 2115 2497 Der
2143 2442 2298 2502 Schöpfer
2327 2444 2377 2504 des
2411 2446 2538 2506 „Subei
2571 2449 2727 2509 Mädei"“
2761 2451 2799 2511 ist
2827 2455 2904 2515 nicht

1211 2490 1284 2550 Das
1313 2491 1580 2551 strafgerichtliche
1604 2494 1803 2554 Verfahren.
1821 2491 1837 2551 —
1884 2492 1968 2552 Mit¬

2054 2482 2153 2542 mehr.
2181 2486 2242 2546 Die
2270 2488 2452 2548 Wienerin,
2480 2491 2524 2551 die
2558 2492 2585 2552 er
2619 2495 2646 2555 so
2680 2497 2823 2557 liebevoll
2857 2500 2901 2560 ge¬

325 2513 716 2573 Preußischer
764 2520 1072 2580 Landtag.

1310 2532 1467 2592 teilungen
1500 2532 1548 2592 des
1587 2535 1874 2595 Justizministers.

2050 2527 2179 2587 zeichnet
2208 2530 2272 2590 hat,
2300 2531 2364 2591 war
2392 2533 2435 2593 die
2468 2536 2625 2596 Wienerin
2664 2540 2717 2600 von
2750 2541 2842 2601 einst,
2864 2542 2901 2602 sie

366 2568 433 2628 Alle
468 2574 817 2634 Mißtrauensanträge
852 2577 1032 2637 abgelehnt.

2047 2571 2115 2631 ging
2142 2574 2387 2634 unbekümmert
2410 2578 2446 2638 um
2489 2580 2536 2640 die
2564 2586 2766 2646 Ringstraße,
2788 2589 2905 2649 machte

1239 2580 1303 2640 Die
1337 2583 1576 2643 Abgeordneten
1620 2586 1773 2646 Foppa
1822 2586 1882 2646 und
1915 2586 2018 2646 Pro¬

2049 2616 2203 2676 Einkäufe
2237 2620 2293 2680 auf
2321 2620 2370 2680 dem
2416 2625 2732 2685 Christkindlmarkt,
2755 2632 2838 2692 ersah
2872 2632 2899 2692 in

345 2618 483 2678 Berlin,
505 2622 560 2682 22.
583 2622 659 2682 Okt.
699 2623 770 2683 Der
820 2626 958 2686 Landtag
992 2631 1047 2691 hat
1075 2631 1119 2691 die
1153 2625 1323 2685 dinger
1357 2628 1495 2688 sprachen
1535 2629 1644 2689 gestern
1689 2629 1733 2689 bei
1767 2629 1998 2689 Justizministe

2050 2661 2125 2721 einem
2176 2663 2298 2723 Abend,
2324 2664 2486 2724 verbracht
2512 2667 2537 2727 in
2573 2671 2658 2731 einem
2705 2674 2892 2734 vornehmen

250 2658 607 2718 Mißtrauensanträge
636 2664 693 2724 der
708 2667 1029 2727 Deutschnationalen
1059 2671 1115 2731 und
1152 2668 1222 2728 Dr.
1252 2668 1437 2728 Schürff
1474 2670 1537 2730 vor
1567 2673 1630 2733 und
1667 2673 1787 2733 stellten
1824 2673 1873 2733 die
1896 2673 2002 2733 Frage

2050 2703 2261 2763 Restaurant,
2283 2707 2337 2767 das
2375 2709 2419 2769 Um
2468 2710 2527 2770 und
2560 2714 2630 2774 Auf
2658 2715 2733 2775 aller
2766 2718 2901 2778 Lebens¬

1176 2710 1249 2770 gen
1297 2712 1413 2772 welche
1445 2715 1635 2775 Mitglieder
1678 2715 1730 2775 der
1767 2715 1925 2775 Direktion
1968 2716 2015 2776 der

2054 2746 2169 2806 freude.
2195 2748 2260 2808 Das
2301 2750 2366 2810 war
2396 2753 2537 2813 damals,
2563 2756 2613 2816 als
2649 2758 2693 2818 die
2724 2762 2905 2822 eleganten,

1183 2753 1390 2813 reditanstalt
1430 2756 1473 2816 ein
1524 2756 1794 2816 Strafverfahren
1843 2759 2020 2819 eingeleiten

2049 2789 2230 2849 schneidigen
2265 2795 2513 2855 Reiteroffiziere
2547 2798 2580 2858 um
2630 2801 2674 2861 die
2703 2804 2901 2864 Mittagszeit

1185 2798 1264 2858 urde
1300 2798 1360 2858 und
1396 2798 1425 2858 ob
1461 2801 1551 2861 gegen
1592 2801 1738 2861 Direktor
1768 2801 1934 2861 Ehrenfest
1970 2804 2009 2864 ein

2043 2836 2080 2896 an
2135 2834 2189 2894 der
2211 2837 2378 2897 Sirk=Ecke
2428 2842 2455 2902 zu
2488 2843 2574 2903 sehen
2607 2843 2731 2903 waren,
2775 2846 2823 2906 als
2856 2846 2899 2906 die

1180 2837 1338 2897 saftbefehl
1381 2841 1508 2901 erlassen
1556 2844 1683 2904 wurde.
1726 2846 1916 2906 Hinsichtlich
1964 2846 2011 2906 des

2048 2879 2244 2939 Metternich,
2261 2881 2324 2941 ihre
2352 2885 2590 2945 Praterfahrten
2624 2890 2836 2950 arrangierte,
2858 2891 2899 2951 als

1183 2882 1340 2942 sorgehens
1405 2885 1497 2945 gegen
1567 2885 1615 2945 die
1675 2888 1895 2948 Funktionäre
1960 2888 2013 2948 der

2049 2922 2114 2982 man
2154 2924 2226 2984 nach
2259 2924 2309 2984 der
2342 2926 2431 2986 Oper
2465 2929 2636 2989 verstohlen
2670 2932 2725 2992 ins
2759 2933 2897 2993 Separée

1184 2926 1390 2986 reditanstalt
1423 2927 1475 2987 hat
1507 2929 1789 2989 Bundesminister
1826 2932 1878 2992 für
1911 2935 2006 2995 Justi

2045 2968 2099 3028 zum
2144 2965 2259 3025 Sacher
2281 2968 2418 3028 huschte.

1241 2968 1432 3028 Schürff
1454 2972 1619 3032 folgendes
1652 2974 1838 3034 mitgeteilt:

2134 3010 2231 3070 Lange
2265 3010 2316 3070 vor
2349 3013 2446 3073 Artur
2480 3016 2649 3076 Schnitzler
2676 3016 2715 3076 ist
2742 3019 2793 3079 das
2826 3022 2897 3082 süße

1242 3008 1303 3068 Die
1335 3013 1682 3073 Staatsanwaltschaft
1713 3016 1795 3076 Wien
1833 3019 1848 3079 I
1879 3019 1935 3079 hat
1962 3019 1997 3079 am

2038 3052 2153 3112 Mädel
2176 3055 2353 3115 gestorben.
2376 3058 2513 3118 Damals
2541 3060 2641 3120 galten
2669 3062 2801 3122 Arbeit,
2835 3063 2895 3123 an¬

1172 3055 1201 3115 5.
1222 3055 1256 3115 d.
1276 3055 1341 3115 beim
1391 3061 1769 3121 Untersuchungsrichter
1799 3061 1848 3121 des
1879 3061 1997 3121 Landes

1182 3096 1301 3156 brichtes
1344 3098 1397 3158 für
1435 3103 1633 3163 Straffachen
1670 3103 1760 3163 Wien
1809 3105 1826 3165 1
1863 3106 2007 3166 folgende
2044 3097 2212 3157 gestrengte
2285 3100 2447 3160 Tätigkeit

2536 3103 2589 3163 der
2667 3106 2895 3166 Verkäuferin,

1178 3140 1297 3200 ntrage
1325 3142 1460 3202 gestellt:

2039 3141 2255 3201 oKntoristin,
2293 3144 2499 3204 Sekretärin,
2531 3147 2583 3207 als
2626 3147 2752 3207 schwere
2774 3150 2894 3210 Lasten.

1235 3186 1270 3246 1.
1292 3185 1478 3245 Einleitung
1510 3187 1561 3247 der
1588 3189 1888 3249 Voruntersuchung
1921 3194 2008 3254 gegen

2044 3183 2137 3243 Heute
2165 3185 2198 3245 ist
2221 3186 2331 3246 Arbeit
2354 3188 2408 3248 sell
2414 3190 2658 3250 stverständlich,
2680 3192 2724 3252 die
2747 3192 2829 3252 Frau
2863 3195 2896 3255 ist

1178 3225 1306 3285 riedrich
1338 3230 1580 3290 Ehrenfest
1606 3234 1709 3294 wegen
1746 3237 1926 3297 Vergehens
1957 3234 2008 3294 der

2043 3227 2140 3287 Stütze
2173 3228 2222 3288 der
2255 3231 2390 3291 Familie
2418 3233 2602 3293 geworden,
2646 3236 2706 3296 das
2739 3237 2885 3297 Mädchen

1176 3271 1345 3331 ihrlässigen
1388 3273 1509 3333 Krida,
1552 3276 1609 3336 und
1652 3276 1731 3336 zwar
1779 3277 1816 3337 a)
1848 3279 2001 3339 begangen

2041 3273 2123 3333 sucht
2139 3273 2190 3333 den
2216 3274 2324 3334 Eltern
2350 3276 2468 3336 Sorgen
2500 3279 2525 3339 zu
2552 3279 2716 3339 ersparen,
2732 3280 2763 3340 an
2794 3282 2891 3342 Stelle

1173 3313 1229 3373 urch
1261 3317 1522 3377 Herbeiführung
1553 3318 1646 3378 seiner
1674 3321 1798 3381 eigenen
1829 3322 1990 3382 Zahlungs

2038 3316 2091 3376 des
2119 3318 2205 3378 süßen
2238 3320 2368 3380 Mädels
2395 3321 2433 3381 ist
2455 3321 2498 3381 die
2526 3321 2607 3381 Frau
2640 3322 2688 3382 der
2716 3323 2824 3383 Arbeit
2851 3324 2894 3384 ge¬

1173 3356 1363 3416 nfähigkeit;
1422 3359 1457 3419 b)
1509 3362 1670 3422 begangen
1732 3365 1820 3425 durch
1878 3365 2001 3425 Herbei

2041 3359 2154 3419 treten.
2182 3362 2246 3422 Von
2279 3365 2414 3425 Jugend
2442 3365 2501 3425 auf
2528 3365 2571 3425 bis
2605 3365 2679 3425 weit
2702 3368 2804 3428 hinein
2843 3368 2891 3428 ins

1169 3401 1285 3461 ihrung
1323 3403 1370 3463 der
1408 3406 1778 3466 Zahlungsunfähigkeit
1805 3410 1852 3470 der
1885 3410 1995 3470 Oester

2039 3404 2267 3464 Mannesalter
2319 3407 2386 3467 war
2439 3409 2541 3469 Artur
2594 3410 2765 3470 Schnitzler
2838 3412 2889 3472 der

1178 3445 1318 3505 sichischen
1373 3450 1609 3510 Kreditanstalt
1658 3451 1712 3511 für
1766 3454 1890 3514 Handel
1939 3454 2003 3514 und
2042 3449 2165 3509 Dichter
2198 3452 2246 3512 der
2279 3452 2591 3512 Liebesverwicklung
2646 3455 2742 3515 seiner
2775 3458 2893 3518 Kreise,

1173 3488 1301 3548 sewerbe
1333 3491 1384 3551 als
1415 3492 1565 3552 Direktor
1591 3494 1653 3554 und
1684 3497 2004 3557 Vorstandsmitglied

2033 3494 2062 3554 er
2087 3494 2161 3554 sang
2186 3494 2230 3554 die
2255 3497 2397 3557 Melodie
2423 3497 2467 3557 der
2492 3497 2709 3557 erwachenden
2739 3499 2841 3559 Frau,
2862 3498 2891 3558 er

1171 3532 1325 3592 erselben.

2043 3538 2191 3598 schilderte
2228 3539 2275 3599 die
2308 3541 2455 3601 schweren
2499 3541 2657 3601 Konflikte
2690 3544 2795 3604 jener,
2843 3541 2890 3601 die

1227 3577 1265 3637 2.
1304 3576 1524 3636 Verhängung
1575 3578 1630 3638 der
1674 3583 1995 3643 Untersuchungshaf

2041 3582 2123 3642 stetes
2149 3583 2308 3643 Nichtstun
2340 3586 2365 3646 zu
2397 3586 2613 3646 Verirrungen
2639 3586 2757 3646 führte.
2779 3586 2886 3646 Keiner

1171 3617 1223 3677 ber
1252 3619 1408 3679 Friedrich
1432 3622 1693 3682 Ehrenfest.

2034 3623 2090 3683 wie
2112 3629 2282 3689 Schnitzler
2304 3628 2412 3688 konnte
2439 3631 2459 3691 so
2486 3631 2543 3691 tief
2564 3631 2584 3691 in
2616 3631 2662 3691 die
2684 3631 2891 3691 Frauenseele

1231 3664 1266 3724 3.
1293 3664 1531 3724 Ausscheidung
1568 3667 1629 3727 und
1661 3670 1842 3730 gesonderte
1879 3672 1992 3732 Weiter

2038 3673 2177 3733 schauen,
2204 3673 2302 3733 keiner
2329 3671 2364 3731 sie
2386 3673 2411 3733 so
2438 3673 2458 3733 in
2490 3673 2572 3733 ihren
2604 3675 2884 3735 unterschiedlichen

1164 3706 1279 3766 ihrung
1316 3706 1366 3766 des
1402 3709 1605 3769 Verfahrens
1641 3715 1732 3775 gegen
1768 3715 2011 3775 Ehrenfest

2043 3715 2218 3775 Spielarten
2275 3718 2461 3778 enträtsern.
2508 3718 2568 3778 Die
2619 3718 2715 3778 letzten
2751 3719 2891 3779 Schleier

1168 3748 1246 3808 segen
1286 3750 1335 3810 des
1375 3751 1398 3811 in
1438 3753 1482 3813 1a
1522 3755 1727 3815 bezeichneten
1772 3758 1993 3818 Tatbestandes

2038 3758 2116 3818 nahm
2161 3759 2190 3819 er
2215 3762 2269 3822 von
2305 3760 2388 3820 ihren
2423 3761 2555 3821 Seelen.
2576 3759 2644 3819 Und
2674 3759 2738 3819 was
2773 3762 2802 3822 er
2827 3762 2896 3822 sah,

1229 3789 1263 3849 4.
1289 3795 1450 3855 Führung
1497 3798 1551 3858 von
1592 3801 1860 3861 Vorerhebungen
1911 3804 2001 3864 gegen

2039 3802 2178 3862 spiegelte
2204 3804 2250 3864 sich
2282 3805 2307 3865 in
2338 3804 2436 3864 seinen
2467 3804 2622 3864 Schriften
2653 3804 2766 3864 wider.

1167 3831 1192 3891 je
1224 3837 1342 3897 andern
1384 3840 1420 3900 an
1462 3840 1513 3900 der
1550 3846 1923 3906 Zahlungsunfähigkeit
1954 3847 1990 3907 de

2120 3848 2169 3908 Da
2199 3848 2253 3908 gab
2284 3846 2318 3906 es
2367 3847 2396 3907 im
2442 3849 2530 3909 Haus
2586 3849 2669 3909 eines
2704 3849 2882 3909 berühmten

1173 3881 1374 3941 reditanstalt
1395 3884 1463 3944 nach
1489 3883 1503 3943 §
1528 3885 1582 3945 486
1612 3887 1705 3947 StG.
1725 3889 1995 3949 schuldtragenden

2039 3888 2250 3948 Verteidigers
2277 3891 2318 3951 ein
2350 3891 2463 3951 junges
2489 3891 2659 3951 Mädchen,
2681 3891 2732 3951 das
2764 3894 2810 3954 sich
2836 3891 2887 3951 für

1178 3923 1277 3983 rgane
1313 3923 1489 3983 derselben,
1520 3929 1580 3989 und
1626 3929 1706 3989 zwar
1742 3930 1883 3990 zunächst
1913 3932 1988 3992 durd

2039 3929 2081 3989 en
2114 3934 2231 3994 Vater,
2253 3935 2306 3995 für
2333 3935 2424 3995 dessen
2456 3935 2578 3995 Namen
2616 3935 2675 3995 und
2702 3935 2883 3995 Wohlstand

1172 3965 1314 4025 bhörung
1347 3968 1415 4028 nach
1442 3968 1452 4028 §
1479 3971 1553 4031 38/3
1586 3972 1712 4032 StPO.
1734 3974 1786 4034 der
1813 3976 1988 4036 Vorstands

2053 3977 2169 4037 pferte.
2212 3980 2280 4040 Der
2307 3980 2412 4040 Mann
2450 3980 2556 4040 mußte
2588 3980 2736 4040 flüchten.
2784 3978 2889 4038 Jahr¬

1164 4010 1322 4070 uitglieder
1365 4013 1497 4073 Ludwig
1545 4016 1778 4076 Neurath,
1821 4019 2000 4079 Siegmund

2039 4022 2214 4082 zehntelang
2245 4022 2340 4082 später
2366 4024 2502 4084 entstand
2527 4023 2582 4083 aus
2613 4024 2658 4084 dem
2698 4022 2889 4082 wahrheits¬

1170 4050 1284 4110 öwy,
1320 4055 1405 4115 Otto
1446 4058 1654 4118 Deutsch,
1689 4063 1803 4123 Zoltan
1850 4063 2172 4123 Hajdutgetreuen
2213 4065 2397 4125 Geschehnis
2432 4066 2478 4126 die
2508 4067 2726 4127 wundervolle
2755 4067 2881 4127 Novelle

1168 4094 1208 4154 nd
1242 4097 1344 4157 Oskar
1372 4100 1562 4160 Pollak.

2058 4107 2209 4167 Fräulein
2238 4110 2345 4170 Else".
2391 4111 2435 4171 So
2470 4113 2667 4173 naturgetreu
2702 4113 2808 4173 wußte
2831 4112 2881 4172 der
