3344 4352
1166 127 1274 187 Selten
1314 127 1363 187 hat
1393 125 1442 185 ein
1482 122 1728 182 ostereschscher
1769 115 1886 175 Tichter

1088 170 1223 230 Dichter,
1248 168 1296 228 der
1325 167 1349 227 in
1383 165 1470 225 Wien
1504 162 1654 222 wurzelte
1683 160 1741 220 und
1771 157 1862 217 dessen
1896 157 2002 217 Werke

1087 213 1196 273 Wiens
1223 208 1438 268 Atmosphäre
1470 207 1628 267 atmeten,
1649 206 1675 266 so
1701 204 1764 264 tief
1786 201 1958 261 ergrifsen,
1985 199 2011 259 so

1091 256 1167 316 weit
1192 255 1326 315 gewirkt
1355 252 1413 312 wie
1447 252 1548 312 Artur
1577 249 1769 309 Schnitzler.
1813 243 1914 303 Seine
1948 239 2010 299 Er¬

1092 300 1344 360 zählungskunst
1365 294 1420 354 hat
1446 294 1527 354 nicht
1553 293 1608 353 nur
1639 291 1684 351 die
1710 289 1897 349 literarische
1928 285 2013 345 Welt

1089 342 1276 402 aufhorchen
1306 339 1463 399 gemacht,
1484 336 1528 396 die
1558 336 1691 396 reizvoll
1716 331 1898 391 gelockerten
1933 326 2011 386 Sze¬

1091 384 1150 444 nen
1190 384 1287 444 seiner
1322 381 1509 441 Dramatik,
1539 377 1583 437 die
1618 375 1647 435 so
1682 376 1731 436 oft
1761 374 1810 434 die
1840 371 2007 431 anmutige

1089 428 1364 488 Schwerlosigkeit
1400 424 1548 484 genialer
1594 418 1891 478 Stegreifdichtung
1937 412 2013 472 vor¬

1091 473 1254 533 täuschen,
1274 470 1370 530 haben
1404 467 1486 527 nicht
1515 464 1572 524 nur
1602 463 1645 523 die
1674 461 1765 521 ersten
1799 458 1934 518 Bühnen
1968 453 2016 513 er¬

1088 514 1201 574 obert,
1217 513 1404 573 Schnitzlers
1434 509 1537 569 Werke
1562 506 1646 566 sind,
1666 506 1730 566 was
1755 503 1829 563 weit
1854 500 1937 560 mehr
1963 500 2011 560 be¬

1089 556 1210 616 deutet,
1226 556 1282 616 tief
1303 554 1348 614 ins
1374 553 1455 613 Volk
1476 551 1679 611 gedrungen,
1695 545 1786 605 haben
1817 545 1862 605 die
1888 545 2010 605 geistige

1097 601 1280 661 Erweckung
1314 596 1401 656 einer
1430 592 1628 652 Generation
1667 589 1830 649 gefördert
1860 586 1918 646 und
1952 585 2014 645 sind

1095 644 1181 704 einer
1204 643 1318 703 andern
1351 641 1415 701 noch
1443 640 1557 700 immer
1580 635 1776 695 unveraltet.
1796 631 1882 691 Denn
1915 628 2015 688 hinter

1100 687 1193 747 diesen
1223 685 1416 745 Dichtungen
1451 682 1534 742 stand
1565 679 1608 739 ein
1643 676 1767 736 Mann,
1787 674 1930 734 aufrecht
1955 672 2013 732 und

1095 733 1195 793 kühn,
1215 732 1239 792 in
1271 730 1380 790 allem,
1400 727 1465 787 was
1496 726 1525 786 er
1555 725 1580 785 zu
1616 722 1700 782 sagen
1736 718 1835 778 hatte.
1866 717 1936 777 Und
1966 715 2020 775 das

1102 772 1165 832 war
1198 772 1262 832 viel
1290 771 1348 831 und
1381 768 1426 828 nie
1459 768 1536 828 ohne
1564 765 1659 825 neues
1692 759 1874 819 Bedeuten.

1159 825 1256 885 Artur
1289 822 1477 882 Schnitzlers
1515 819 1671 879 Dichtung
1704 813 1839 873 erschloß
1877 810 1925 870 sich
1958 810 2017 870 vor

1101 869 1161 929 und
1192 868 1253 928 mit
1279 864 1441 924 „Anatol“
1472 864 1527 924 zur
1558 862 1721 922 Blütezeit
1747 855 1797 915 des
1828 855 2020 915 Naturalis¬

1102 913 1190 973 mus.
1228 910 1313 970 Aber
1337 909 1378 969 die
1402 906 1585 966 doktrinäre
1609 903 1749 963 Schwere
1778 900 1824 960 des
1853 898 1904 958 von
1933 897 2021 957 Arno

1096 955 1195 1015 Holz,
1227 951 1364 1011 Johann
1412 950 1548 1010 Schlaf,
1585 948 1643 1008 vom
1701 946 1822 1006 jungen
1875 940 2021 1000 Gerhard

1100 998 1307 1058 Hauptmann
1356 992 1620 1052 repräsentierten
1669 986 1944 1046 Naturalismus,
1973 983 2021 1043 die

1106 1041 1165 1101 von
1196 1038 1524 1098 sozialökonomischer
1555 1034 1691 1094 Theorie
1716 1031 1913 1091 beeinflußte
1939 1025 2029 1085 Aus¬

1100 1085 1373 1145 einandersetzung
1414 1082 1473 1142 mit
1503 1076 1807 1136 Vererbungslehre
1842 1071 1906 1131 und
1942 1069 2030 1129 Dar¬

1110 1130 1281 1190 winismus
1312 1127 1360 1187 lag
1390 1126 1439 1186 dem
1484 1121 1611 1181 Wiener
1641 1118 1764 1178 Dichter
1794 1118 1882 1178 fern.
1922 1115 2025 1175 Artur

1108 1171 1295 1231 Schnitzler,
1316 1168 1368 1228 der
1395 1166 1483 1226 Sohn
1515 1165 1603 1225 eines
1630 1162 1792 1222 gelehrten
1824 1159 1938 1219 Arztes
1970 1155 2027 1215 und

1110 1214 1195 1274 selbst
1216 1213 1468 1273 seelenkundiger
1489 1210 1584 1270 Arzt,
1600 1207 1726 1267 gewann
1757 1202 1807 1262 der
1828 1201 2029 1261 natura¬

1110 1259 1327 1319 listischen
1369 1254 1530 1314 Dichtung
1572 1252 1618 1312 ein
1665 1249 1764 1309 neues
1806 1246 1940 1306 Gebiet,
1972 1242 2029 1302 das

1102 1301 1187 1361 Reich
1222 1299 1272 1359 des
1303 1297 1387 1357 Eros
1423 1298 1483 1358 mit
1509 1297 1553 1357 all
1579 1294 1679 1354 seinen
1719 1289 2024 1349 lockend=lachenden

1103 1344 1280 1404 Gefilden,
1311 1342 1410 1402 seinen
1452 1339 1717 1399 labyrinthischen
1766 1335 1921 1395 Gebirgen
1969 1330 2031 1390 und

1113 1389 1371 1449 verschwiegenen
1407 1383 1660 1443 Einsamkeiten,
1676 1380 1706 1440 er
1737 1377 1863 1437 gewann
1900 1376 1945 1436 ihr
1976 1374 2031 1434 das

1117 1429 1197 1489 Land
1228 1431 1278 1491 der
1304 1428 1517 1488 menschlichen
1553 1425 1649 1485 Seele
1675 1424 1704 1484 in
1735 1422 1832 1482 seinen
1868 1416 2034 1476 nebelver¬

1117 1476 1287 1536 schleierten
1319 1473 1458 1533 Weiten.
1495 1471 1567 1531 Vom
1604 1470 1738 1530 heiteren
1775 1464 1930 1524 „Anatol“
1962 1461 2034 1521 über

1118 1521 1169 1581 den
1200 1518 1339 1578 blutigen
1370 1515 1463 1575 Ernst
1484 1515 1535 1575 der
1562 1512 1732 1572 „Liebelei“
1763 1509 1814 1569 zum
1856 1506 2036 1566 Antiduell¬

1117 1562 1230 1622 drama
1260 1559 1470 1619 „Freiwild“,
1485 1556 1539 1616 das
1564 1556 1593 1616 zu
1623 1554 1711 1614 Ende
1736 1549 1784 1609 des
1809 1547 2030 1607 vergangenen

1122 1606 1368 1666 Jahrhunderts
1409 1599 1468 1659 auf
1504 1598 1554 1658 die
1596 1595 1837 1655 überständigen
1888 1589 2028 1649 feudalen

1115 1647 1342 1707 Ehrbegriffen
1390 1641 1564 1701 verfallene
1607 1640 1802 1700 bürgerliche
1840 1634 2040 1694 Gesellschaft

1122 1690 1181 1750 wie
1208 1689 1391 1749 Kampfruf
1418 1685 1541 1745 wirkte.

1192 1739 1247 1799 Bis
1278 1739 1374 1799 dahin
1410 1739 1496 1799 hatte
1532 1736 1603 1796 man
1640 1735 1690 1795 die
1721 1732 1792 1792 leise
1828 1730 2051 1790 Schwermut,

1122 1788 1168 1848 die
1194 1786 1265 1846 über
1292 1781 1477 1841 Schnitzlers
1504 1780 1693 1840 Dichtungen
1720 1774 1864 1834 schwebt,
1880 1774 1936 1834 mit
1957 1771 2044 1831 Sen¬

1125 1828 1346 1888 timentalität
1372 1824 1578 1884 verwechselt,
1605 1822 1646 1882 die
1677 1820 1816 1880 graziöse
1842 1816 1961 1876 Leichte
1987 1812 2043 1872 sei¬

1127 1873 1183 1933 ner
1209 1873 1312 1933 Poesie
1338 1870 1394 1930 mit
1415 1867 1590 1927 harmloser
1616 1864 1796 1924 Wienerei.
1832 1860 1914 1920 Jetzt
1941 1858 2038 1918 wußte

1127 1918 1219 1978 man,
1240 1919 1292 1979 daß
1323 1914 1348 1974 es
1380 1912 1473 1972 diesem
1514 1909 1659 1969 Dichter,
1680 1906 1725 1966 der
1758 1903 2046 1963 Sentimentalität

1122 1960 1171 2020 als
1207 1961 1273 2021 „ein
1309 1957 1405 2017 unter
1435 1956 1485 2016 dem
1537 1952 1632 2012 Preis
1664 1947 1865 2007 erhandeltes
1901 1944 2022 2004 Gefühl

1121 2004 1217 2064 innig
1256 2003 1318 2063 und
1352 1998 1506 2058 grimmig
1541 1995 1733 2055 verachtete,
1762 1992 1800 2052 um
1854 1989 1931 2049 weit
1965 1989 2051 2049 mehr

1129 2048 1223 2108 ging,
1239 2046 1289 2106 als
1314 2045 1349 2105 um
1390 2043 1515 2103 Anmut
1536 2040 1596 2100 und
1622 2034 1963 2094 Liebenswürdiekeit.
1984 2031 2048 2091 jetzt

1114 2091 1218 2151 ahnte
1263 2088 1357 2148 man,
1393 2086 1447 2146 daß
1497 2083 1596 2143 dieser
1637 2083 1805 2143 eleganten
1850 2077 1954 2137 Feder
1999 2073 2048 2133 die

1129 2133 1264 2193 Schärfe
1295 2130 1344 2190 des
1375 2130 1550 2190 Schwertes
1581 2126 1721 2186 eignete.
1767 2124 1827 2184 Die
1858 2121 2043 2181 großartige

1127 2176 1395 2236 Geschlossenheit
1416 2171 1462 2231 des
1488 2171 1581 2231 künen
1617 2167 1792 2227 „Reigens"
1824 2165 1854 2225 um
1896 2162 1942 2222 die
1969 2158 2051 2218 Ero¬

1129 2222 1185 2282 tik,
1206 2219 1293 2279 jener
1319 2215 1556 2275 Szenenreihe,
1577 2213 1623 2273 die
1649 2208 2051 2268 individual-psychologi¬

1132 2265 1191 2325 sche
1217 2261 1352 2321 Analyse
1378 2261 1427 2321 der
1453 2260 1583 2320 sozialen
1615 2254 1825 2314 nahebringt,
1846 2252 1961 2312 erregte
1992 2248 2041 2308 den

1132 2308 1348 2368 geschlossenen
1384 2303 1444 2363 und
1470 2302 1651 2362 erbitterten
1687 2296 1879 2356 Widerstand
1909 2294 1985 2354 aller
2011 2291 2055 2351 je¬

1129 2352 1185 2412 ner
1212 2348 1315 2408 Kreise
1342 2347 1404 2407 und
1430 2345 1576 2405 Mächte,
1597 2344 1643 2404 die
1670 2341 1737 2401 ihre
1759 2339 1951 2399 ästhetischen
1988 2335 2050 2395 und

1134 2392 1495 2452 Kulturanschanungen
1526 2387 1581 2447 von
1613 2384 1831 2444 reaktionärer
1862 2380 1984 2440 Politik
2005 2377 2055 2437 be¬

1129 2438 1253 2498 zogen.

1201 2489 1261 2549 Und
1300 2488 1348 2548 der
1387 2486 1545 2546 „Reigen“
1584 2482 1693 2542 wurde
1727 2479 1869 2539 verfolgt
1897 2476 1945 2536 bis
1984 2476 2038 2536 zum

1141 2532 1238 2592 April
1259 2530 1357 2590 1922,
1373 2530 1403 2590 da
1429 2528 1475 2588 die
1501 2527 1681 2587 Regierung
1707 2524 1758 2584 den
1790 2521 2057 2581 sozialdemokra¬

1137 2576 1237 2636 tischen
1272 2571 1597 2631 Landeshauptmann
1627 2567 1688 2627 und
1713 2565 1967 2625 Bürgermeister
1991 2562 2048 2622 von

1138 2619 1223 2679 Wien
1269 2618 1445 2678 allerdings
1491 2613 1571 2673 ohne
1613 2610 1729 2670 Erfolg
1775 2608 1865 2668 unter
1911 2607 2052 2667 Anklage

1141 2661 1250 2721 stellte,
1276 2661 1346 2721 weil
1372 2658 1406 2718 er
1432 2658 1517 2718 einer
1553 2655 1834 2715 Verbotsweisung
1865 2649 1914 2709 des
1950 2649 2055 2709 Mini¬

1140 2706 1288 2766 steriums
1317 2703 1398 2763 nicht
1418 2700 1672 2760 nachgekommen
1706 2697 1787 2757 war.

1201 2758 1334 2818 Freilich
1377 2754 1467 2814 hatte
1506 2753 1612 2813 Artur
1656 2748 1826 2808 Schnitzler
1870 2744 2051 2804 inzwischen

1142 2802 1199 2862 von
1238 2801 1291 2861 der
1325 2798 1613 2858 Monolognovelle
1647 2792 1834 2852 „Leutnant
1864 2789 1974 2849 Gustl“
2008 2787 2070 2847 an,

1143 2843 1168 2903 im
1210 2846 1324 2906 jungen
1356 2840 1558 2900 Medardus,
1574 2840 1599 2900 im
1647 2837 1828 2897 „Professor
1855 2834 2046 2894 Bernhardt

1073 2944 1086 3004 —
1140 2945 1192 3005 der
1213 2946 1218 3006 /
1233 2946 1305 3006 weil
1332 2944 1364 3004 er
1392 2941 1465 3001 eine
1492 2937 1617 2997 dumme
1651 2935 1710 2995 und
1744 2932 1883 2992 insame,
1904 2933 1982 2993 ganz
2016 2932 2055 2992 um
2103 2932 2148 2992 die
2176 2932 2368 2992 unmerkbar
2395 2935 2574 2995 riesenhaft
2595 2938 2786 2998 gewachsene
2814 2936 2926 2996 Schuld

2015 2974 2078 3034 mit
2095 2977 2195 3037 Härte
2222 2977 2461 3037 einzutreiöen.

1070 2992 1200 3052 tyvische
1228 2988 1489 3048 Oesterreicherel
1523 2980 1572 3040 ins
1605 2981 1692 3041 Herz
1720 2979 1806 3039 traf,
1828 2976 1975 3036 selbstver

2085 3016 2122 3076 So
2148 3022 2236 3082 herb,
2255 3022 2280 3082 so
2306 3022 2418 3082 bitter,
2432 3022 2456 3082 so
2482 3023 2538 3083 tief
2558 3022 2658 3082 sittlich
2684 3025 2721 3085 ist
2740 3026 2922 3086 Schnitzlers

1070 3037 1210 3097 ständlich
1241 3034 1332 3094 lange
1357 3031 1428 3091 Zeit
1448 3026 1594 3086 verboten
1625 3022 1685 3082 war
1716 3016 1726 3076 —
1777 3019 1887 3079 immer
1913 3019 1988 3079 wie¬

1076 3082 1123 3142 der
1154 3080 1213 3140 und
1238 3075 1352 3135 immer
1376 3070 1473 3130 klarer
1504 3067 1665 3127 bewiesen,
1684 3064 1732 3124 daß
1763 3063 1792 3123 es
1817 3063 1865 3123 ihm
1908 3062 1985 3122 nicht
2010 3063 2166 3123 erotische
2191 3064 2365 3124 Dichtung.

1335 3106 1602 3166 Zuccelagung
1631 3107 1681 3167 der
1706 3107 1864 3167 Auzelnen
1893 3106 1986 3166 Men¬

2083 3104 2140 3164 Der
2169 3109 2291 3169 Roman
2320 3109 2487 3169 „Therese"
2512 3109 2580 3169 war
2604 3109 2650 3169 des
2673 3112 2818 3172 Dichters
2842 3112 2933 3172 letzte,

1075 3141 1237 3201 schenseele
1262 3144 1353 3204 ging,
1372 3147 1498 3207 sondern
1529 3147 1583 3207 vom
1626 3150 1710 3210 Land
1736 3147 1789 3207 der
1814 3149 1905 3209 Seele
1929 3147 1989 3207 aus

2017 3150 2124 3210 große,
2148 3150 2260 3210 epische
2289 3153 2493 3213 Schöpfung.
2522 3156 2566 3216 In
2601 3153 2651 3213 den
2686 3153 2793 3213 Essays
2828 3151 2935 3211 „Geist

1068 3183 1231 3243 leuchtend
1258 3186 1289 3246 um
1332 3188 1384 3248 den
1416 3190 1515 3250 reinen
1548 3191 1653 3251 Glanz
1680 3192 1727 3252 der
1754 3192 1911 3252 Artseele,
1933 3192 1964 3252 um
2013 3192 2044 3252 im
2087 3194 2181 3254 Wort
2208 3195 2265 3255 und
2298 3195 2387 3255 Geist
2408 3195 2434 3255 in
2472 3195 2519 3255 der
2551 3197 2651 3257 Tat",
2672 3196 2725 3256 hat
2752 3197 2935 3257 Schnitzler,

1071 3229 1397 3289 Gesellschaftskritik,
1429 3234 1465 3294 um
1513 3234 1565 3294 der
1603 3236 1849 3296 Menschlichkeit
1887 3237 1981 3297 große
2013 3235 2071 3295 der
2092 3237 2297 3297 niemals
2324 3237 2376 3297 den
2408 3240 2550 3300 Mächten
2587 3240 2634 3300 der
2661 3240 2792 3300 Gewalt
2819 3242 2934 3302 diente,

1074 3273 1312 3333 Gegenstände.

2015 3277 2073 3337 das
2110 3280 2338 3340 Vermächtnis
2376 3282 2603 3342 hochgereifter
2641 3287 2926 3347 Weltanschauung

1138 3315 1227 3375 Nicht
1249 3318 1307 3378 nur
1334 3318 1433 3378 hinter
1460 3318 1513 3378 der
1540 3321 1729 3381 Lustbarkeit
1751 3321 1803 3381 des
1831 3322 1977 3382 „Grünen

2018 3323 2079 3383 und
2107 3323 2215 3383 milder
2247 3326 2403 3386 Weisheit
2429 3326 2579 3386 gegeben.

1064 3356 1213 3416 Kakadu"
1246 3362 1359 3422 grollte
1391 3360 1438 3420 die
1469 3364 1567 3424 große
1599 3365 1817 3425 Revolution,
1849 3365 1905 3425 und
1942 3365 1988 3425 die

2078 3364 2180 3424 Artur
2214 3368 2407 3428 Schnitzlers
2441 3370 2521 3430 hohe
2554 3369 2689 3429 formale
2722 3371 2840 3431 Kunst,
2873 3370 2927 3430 der

1071 3401 1251 3461 imposante
1277 3404 1492 3464 Komposition
1529 3405 1578 3465 des
1614 3410 1759 3470 Romans
1795 3410 1880 3470 „Der
1910 3410 1980 3470 Weg

2013 3410 2167 3470 gepflegte
2204 3411 2265 3471 und
2302 3413 2482 3473 geläuterte
2519 3413 2591 3473 Stil
2627 3413 2710 3473 eines
2747 3416 2927 3476 eigenartig

1068 3443 1115 3503 ins
1142 3446 1278 3506 Freie“,
1295 3447 1342 3507 die
1364 3449 1390 3509 in
1422 3449 1506 3509 ihrer
1533 3452 1818 3512 Problemstellung
1850 3452 1914 3512 und
1941 3453 1966 3513 im
2014 3452 2294 3512 hochentwicketen
2326 3458 2653 3518 Impressionismus,
2676 3455 2723 3515 der
2755 3456 2797 3516 die
2824 3456 2907 3516 Pas

1068 3488 1199 3548 Gerank
1235 3488 1320 3548 ihrer
1362 3493 1524 3553 organisch
1570 3497 1782 3557 gewachsenen
1829 3494 1980 3554 Episoden

2034 3497 2191 3557 ivitä:
2219 3499 2294 3559 des
2327 3498 2424 3558 Ichs
2462 3500 2533 3560 leise
2566 3500 2695 3560 ironisch
2734 3500 2793 3560 und
2826 3500 2928 3560 etwas

1071 3532 1145 3592 weit
1176 3532 1252 3592 über
1282 3535 1347 3595 eine
1379 3535 1489 3595 epische
1525 3538 1741 3598 Behandlung
1777 3538 1827 3598 der
1863 3538 1983 3598 Juden.

2022 3541 2244 3601 schwermütig,
2276 3541 2353 3601 aber
2395 3541 2456 3601 mit
2494 3544 2762 3604 weltunschaulich
2805 3544 2918 3604 bedeut

1073 3571 1153 3631 frage
1181 3577 1418 3637 hinausgreift,
1440 3581 1520 3641 zeigt
1548 3582 1714 3642 Schnitzler
1742 3582 1795 3642 als
1823 3582 1978 3642 Gestalter
2011 3582 2113 3642 samer
2141 3583 2291 3643 Klarheit
2319 3584 2377 3644 und
2405 3586 2690 3646 Eindringlichkeit
2712 3588 2927 3648 nahezubrin¬

1071 3619 1185 3679 ernster
1212 3620 1342 3680 sozialer
1369 3622 1515 3682 Fragen.

2013 3625 2064 3685 gen
2095 3626 2286 3686 vermochte,
2307 3631 2451 3691 bedürfte
2478 3631 2659 3691 besonderer
2685 3631 2746 3691 und
2773 3632 2927 3692 ausführ¬

1140 3661 1179 3721 In
1208 3664 1348 3724 späteren
1377 3667 1501 3727 Jahren
1530 3667 1586 3727 hat
1609 3668 1660 3728 sich
1689 3667 1739 3727 der
1762 3670 1909 3730 Dichter,
1927 3670 1983 3730 wie
2017 3668 2107 3728 licher
2136 3670 2265 3730 Würdig
2289 3674 2356 3734 ung.

1054 3706 1281 3766 abschließend,
1315 3709 1379 3769 mit
1412 3711 1623 3771 „Casanovas
1667 3712 1894 3772 Heimfahrt",
1927 3712 1975 3772 mi

2077 3712 2133 3772 Ein
2162 3715 2383 3775 endguttiges,
2401 3716 2655 3776 abgeschlossenes
2684 3715 2842 3775 poetisches
2871 3718 2926 3778 Te¬

1059 3744 1105 3804 der
1142 3750 1304 3810 Tragödie
1337 3750 1394 3810 des
1426 3753 1630 3813 Badearztes
1662 3756 1803 3816 Gräfer,
1830 3755 1897 3815 der,
1929 3753 1981 3813 wie

2015 3756 2143 3816 stament
2164 3756 2210 3816 des
2237 3759 2381 3819 Dichters
2407 3757 2443 3817 ist
2464 3759 2520 3819 uns
2547 3760 2624 3820 nicht
2645 3759 2831 3819 geworden;
2847 3759 2918 3819 denn

1071 3792 1145 3852 einst
1171 3793 1227 3853 der
1258 3792 1358 3852 junge
1389 3795 1530 3855 Anatol,
1561 3798 1702 3858 zwischen
1743 3798 1823 3858 zwei
1849 3798 1980 3858 Frauen

2008 3800 2054 3860 der
2086 3800 2147 3860 Tod
2179 3801 2231 3861 hat
2257 3801 2361 3861 Artur
2387 3801 2465 3861 Schn
2486 3803 2558 3863 zier
2585 3803 2641 3863 mit
2668 3801 2818 3861 raschem,
2840 3804 2927 3864 leich¬

1069 3835 1153 3895 steht,
1178 3837 1236 3897 mit
1262 3837 1385 3897 reifstem
1430 3840 1592 3900 Erkennen
1627 3840 1740 3900 wieder
1775 3840 1824 3900 dem
1874 3841 1971 3901 rätsel

2010 3840 2049 3900 tem
2091 3843 2217 3903 Schritt
2238 3843 2294 3903 von
2325 3843 2375 3903 der
2401 3846 2527 3906 Arbeit,
2549 3846 2604 3906 vom
2645 3846 2929 3906 Morgenspazier¬

1066 3879 1152 3939 vollen
1188 3881 1361 3941 Stoffkreis
1387 3882 1601 3942 vergeistigter
1632 3885 1743 3945 Erotik
1765 3885 1988 3945 zugewendet:

2017 3886 2094 3946 gang
2120 3888 2312 3948 weggeholt,
2328 3888 2385 3948 vom
2422 3888 2515 3948 freien
2547 3891 2614 3951 Weg
2640 3890 2666 3950 im
2708 3889 2817 3949 weiten
2848 3891 2931 3951 Land

1073 3920 1119 3980 Die
1145 3923 1233 3983 Liebe
1260 3923 1405 3983 erscheint
1426 3923 1451 3983 in
1483 3925 1674 3985 Schnitzlers
1702 3926 1909 3986 Lebenswerk
1930 3926 1981 3986 wie

2017 3929 2107 3989 seines
2133 3929 2243 3989 reichen
2280 3929 2441 3989 Wirkens,
2462 3930 2511 3990 dem
2558 3930 2608 3990 das
2638 3932 2729 3992 Leben
2765 3932 2790 3992 in
2826 3932 2921 3992 vollen

1071 3963 1126 4023 ene
1167 3965 1391 4025 unerbittliche
1427 3968 1594 4028 Gottheit,
1631 3971 1676 4031 die
1717 3969 1767 4029 den
1814 3971 1976 4031 Menscher

2007 3973 2160 4033 tönenden
2190 3974 2344 4034 Strömen
2374 3974 2532 4034 rauschte,
2552 3977 2760 4037 heimgeholt,
2781 3977 2835 4037 den
2865 3975 2929 4035 ein¬

1071 4010 1189 4070 chuldig
1221 4013 1340 4073 werden
1371 4016 1453 4076 läßt,
1475 4016 1536 4076 und
1562 4016 1640 4076 über
1666 4016 1712 4076 ihn
1744 4016 1873 4076 Gericht
1900 4017 1982 4077 hält,
2003 4017 2111 4077 samen
2143 4018 2215 4078 Weg
2246 4019 2297 4079 ins
2324 4019 2526 4079 unbekannte
2552 4019 2655 4079 Land.

2728 4022 2813 4082 26.
2828 4022 2867 4082 A.
2874 4024 2927 4084 R)
