3392 4384
144 447 183 507 2

306 449 881 509 Schnitzler's
951 451 1174 511 Death

1400 449 1520 509 box
1598 452 1834 512 43/20

864 955 1585 1015 DOBSERVER

951 1002 977 1062 I.
990 1004 1111 1064 österr.
1121 1011 1272 1071 behördl.
1286 1025 1584 1085 konzessioniertes

899 1044 1137 1104 Unternehmen
1168 1052 1216 1112 für
1242 1066 1629 1126 Zeitungs-Ausschnitte

957 1106 1106 1166 WIEN,
1133 1112 1178 1172 I.,
1205 1122 1484 1182 WOLLZEILE
1531 1133 1576 1193 11

1049 1163 1268 1223 TELEPHON
1304 1175 1477 1235 R-23-0-43

978 1367 1291 1427 Sydsvenska
1332 1390 1604 1450 Dagbladet

907 2069 1409 2129 Sydsvenska
1473 2077 1913 2137 Dagbladet
1959 2077 1984 2137 S

553 2348 1150 2408 Anatols
1345 2358 1963 2418 skapare

908 2599 1015 2659 ur
1179 2602 1604 2662 elden.

565 2803 786 2863 Arthur
824 2805 1147 2865 Schnitzler
1203 2807 1489 2867 träffades
1546 2813 1563 2873 i
1601 2817 1702 2877 går
1749 2814 1813 2874 av
1869 2814 1951 2874 ett

1078 2907 1444 2967 slaganfall.

521 3047 624 3107 WIEN
669 3050 723 3110 den
756 3053 811 3113 21.
855 3053 942 3113 (TT)

515 3098 641 3158 Arthur
665 3098 852 3158 Schnitzler
876 3100 969 3160 avled
998 3101 1058 3161 här
1087 3103 1133 3163 vid
1162 3104 1227 3164 sju¬

475 3144 563 3204 tiden
601 3146 639 3206 på
676 3146 984 3206 onsdagsaftonen.
1032 3149 1073 3209 Dä
1111 3149 1218 3209 förfat

475 3192 563 3252 taren
592 3194 624 3254 pa
653 3194 914 3254 eftermiddagen
943 3197 1125 3257 âtervände
1149 3200 1213 3260 frår

474 3242 505 3302 en
541 3243 744 3303 promenad,
767 3245 954 3305 drabbades
981 3245 1042 3305 han
1079 3245 1114 3305 av
1141 3248 1211 3308 slag

471 3289 584 3349 anfall
609 3290 662 3350 och
697 3291 791 3351 avled
826 3292 899 3352 utan
934 3292 988 3352 att
1013 3292 1052 3352 ha
1082 3295 1210 3355 âterfât

469 3337 730 3397 medvetandet.
765 3340 959 3400 Schnitzler
982 3340 1092 3400 skulle
1119 3341 1132 3401 i
1150 3343 1225 3403 maj

471 3388 566 3448 nästa
600 3388 639 3448 år
668 3388 706 3448 ha
740 3388 841 3448 blivit
870 3388 898 3448 70
933 3389 970 3449 år
1000 3391 1168 3451 gammal.

505 3510 632 3570 Arthur
660 3513 866 3573 Schnitzler,
885 3513 939 3573 som
985 3513 1021 3573 nu
1054 3513 1104 3573 vid
1136 3515 1218 3575 nära

471 3558 504 3618 70
533 3561 586 3621 års
615 3561 706 3621 alder
736 3562 808 3622 gâtt
837 3561 870 3621 ur
900 3561 1005 3621 tiden,
1030 3561 1087 3621 var
1111 3561 1145 3621 en
1179 3564 1217 3624 ut

470 3609 609 3669 präglad
661 3609 810 3669 wienare
838 3609 889 3669 och
927 3610 1108 3670 samtidigt
1132 3612 1229 3672 jude.

467 3656 587 3716 Denna
639 3657 826 3717 dubbelhet
854 3657 868 3717 i
892 3660 975 3720 hans
1008 3660 1129 3720 väsen,
1148 3660 1204 3720 som

470 3704 529 3764 kom
574 3707 679 3767 honom
725 3706 770 3766 att
793 3707 902 3767 känna
935 3708 980 3768 sig
1008 3707 1044 3767 på
1071 3707 1103 3767 en
1136 3707 1217 3767 gång

469 3752 602 3812 hemma
641 3754 693 3814 och
732 3755 947 3815 främmande
982 3755 994 3815 i
1025 3755 1080 3815 det
1111 3755 1218 3815 gamla

469 3803 571 3863 glada
625 3801 718 3861 Wien
754 3803 824 3863 med
865 3803 935 3863 dess
971 3803 1224 3863 kvardröjande

470 3850 560 3910 fläkt
606 3849 647 3909 av
680 3851 993 3911 rokokolättsinne,
1021 3851 1080 3911 har
1113 3851 1126 3911 i
1154 3853 1221 3913 viss

470 3896 547 3956 mån
575 3899 642 3959 satt
665 3899 706 3959 sin
739 3899 856 3959 prâgel
875 3899 910 3959 pa
938 3899 1038 3959 större
1066 3899 1156 3959 delen
1184 3899 1220 3959 av

475 3944 561 4004 hans
588 3946 851 4006 författarskap.
893 3947 933 4007 En
970 3946 1079 4006 annan
1111 3946 1224 4006 faktoi

470 3994 510 4054 av
560 3994 733 4054 betydelse
788 3994 837 4054 för
888 3994 1142 4054 utformningen
1183 3996 1219 4056 av

472 4042 683 4102 Schnitzlers
715 4042 932 4102 författartyp
968 4042 1030 4102 har
1061 4043 1133 4103 man
1175 4045 1226 4105 att

466 4090 552 4150 söka
581 4090 595 4150 i
624 4091 710 4151 hans
744 4093 970 4153 "borgerliga"
999 4090 1080 4150 yrke
1119 4091 1224 4151 under

475 4137 746 4197 ungdomsåren;
770 4140 830 4200 han
868 4139 1018 4199 önskade
1051 4140 1219 4200 nämligen

1261 4158 1265 4218 i
1286 4158 1330 4218 all
1351 4158 1406 4218 den
1432 4161 1512 4221 lätta
1538 4161 1648 4221 leken.
1684 4162 1799 4222 Denna
1825 4164 1875 4224 art
1896 4164 1936 4224 av
1962 4164 1996 4224 på

470 4188 489 4248 i
518 4185 628 4245 likhet
657 4187 728 4247 med
767 4188 882 4248 fadern
921 4188 1050 4248 utbilda
1089 4188 1137 4248 sig
1176 4188 1228 4248 till

1258 4206 1285 4266 en
1318 4209 1402 4269 gång
1431 4206 1604 4266 spirituell
1623 4207 1674 4267 och
1708 4209 1900 4269 realistiskt
1924 4210 1993 4270 oför

471 4233 587 4293 läkare
625 4235 680 4295 och
719 4236 769 4296 tog
807 4236 975 4296 medicine
1013 4236 1208 4296 doktorsgra

1253 4257 1346 4317 färad
1399 4257 1628 4317 erotikanalys
1660 4257 1721 4317 når
1748 4257 1796 4317 sin
1832 4260 2004 4320 kulmina-

474 4282 531 4342 den
562 4281 650 4341 1885.
682 4284 770 4344 Efter
798 4287 935 4347 debuten
966 4285 1037 4345 med
1068 4287 1210 4347 "Anatol

1412 4300 1469 4360 den
1507 4304 1665 4364 1896—97
1697 4308 1842 4368 skrivna
1874 4305 1955 4365 pjäs
