3436 4256
381 309 965 369 Schnitzler's
1042 309 1268 369 Death

1479 312 1612 372 box
1687 315 1924 375 43/17

800 768 1514 828 OBSERVER

887 819 911 879 I.
924 819 1046 879 österr.
1055 819 1206 879 behördl.
1219 821 1522 881 konzessioniertes

839 858 1072 918 Unternehmen
1102 861 1149 921 für
1176 862 1568 922 Zeitungs-Ausschnitte

888 915 1038 975 WIEN,
1065 921 1111 981 I.,
1138 924 1427 984 WOLLZEILE
1474 927 1512 987 11

986 971 1199 1031 TELEPHON
1234 973 1413 1033 R-23-0-43

1062 1326 1121 1386 22
1208 1341 1450 1401 OCTER.

927 1526 1576 1586 ARTHURSCHMTLLER

1016 1631 1140 1691 DIES
1177 1632 1244 1692 OF
1279 1634 1313 1694 A
1349 1637 1576 1697 DIROKE

933 1750 1112 1810 Austria's
1162 1753 1319 1813 Leading
1374 1759 1602 1819 Dramatist,

951 1814 1118 1874 Novelist
1155 1816 1220 1876 and
1268 1816 1359 1876 Poet
1395 1821 1563 1881 Stricken

1029 1879 1141 1939 While
1171 1882 1319 1942 Writing
1355 1885 1366 1945 a
1396 1888 1508 1948 Play.

922 2010 952 2070 A
983 2008 1205 2068 PHYSICIAN
1243 2010 1274 2070 IN
1311 2013 1447 2073 EARLY
1484 2016 1589 2076 DAYS

923 2132 1035 2192 Wrote
1065 2132 1078 2192 a
1112 2135 1263 2195 Five-Act
1289 2140 1435 2200 Tragedy
1470 2141 1500 2201 at
1530 2143 1590 2203 Age

956 2192 992 2252 of
1012 2189 1194 2249 Nine—Hls
1219 2192 1303 2252 Most
1320 2195 1441 2255 Recent
1462 2198 1558 2258 Novel

1014 2249 1039 2309 Is
1070 2247 1148 2307 Soon
1179 2249 1208 2309 to
1244 2250 1278 2310 Be
1313 2252 1504 2312 Published.

1000 2365 1115 2425 Wireless
1132 2365 1153 2425 to
1171 2369 1226 2429 THE
1244 2369 1296 2429 NEW
1324 2371 1390 2431 YOaK
1411 2374 1508 2434 TIMES.

952 2404 1097 2464 VIENNA
1144 2407 1214 2467 Oct.
1231 2409 1426 2469 21.—Arthur
1448 2413 1593 2473 Schnitz-

917 2446 977 2506 ler,
1002 2446 1159 2506 Austria's
1188 2449 1309 2509 leading
1342 2452 1491 2512 novelist,
1516 2455 1588 2515 poet

911 2484 970 2544 and
1014 2487 1197 2547 dramatist,
1233 2490 1296 2550 died
1340 2492 1471 2552 tonight
1503 2493 1534 2553 of
1570 2496 1582 2556 a

914 2526 1024 2586 stroke
1050 2529 1185 2589 suffered
1215 2531 1226 2591 a
1256 2532 1303 2592 few
1340 2535 1435 2595 hours
1465 2535 1589 2595 earlier.

1701 2568 1869 2628 ARTHUR
1905 2571 2129 2631 SCHNITZLI

917 2568 961 2628 He
993 2570 1054 2630 was
1078 2569 1110 2629 69
1135 2573 1228 2633 years
1252 2574 1321 2634 old.
1358 2574 1418 2634 For
1447 2577 1499 2637 the
1524 2577 1588 2637 last

919 2610 975 2670 two
1017 2612 1104 2672 years
1146 2613 1180 2673 he
1218 2615 1279 2675 had
1318 2616 1457 2676 suffered
1503 2619 1567 2679 from

914 2650 1008 2710 heart
1043 2654 1160 2714 disease
1199 2655 1252 2715 but
1286 2658 1320 2718 he
1359 2659 1415 2719 had
1457 2661 1514 2721 not
1545 2661 1586 2721 al¬

910 2682 1006 2742 lowed
1034 2684 1059 2744 it
1081 2684 1109 2744 to
1137 2687 1287 2747 interfere
1315 2690 1383 2750 with
1415 2690 1461 2750 his
1490 2692 1589 2752 work.

915 2715 996 2775 Herr
1025 2717 1202 2777 Schnitzler
1231 2718 1291 2778 was
1323 2723 1461 2783 stricken
1493 2723 1581 2783 while

916 2749 1050 2809 working
1077 2751 1107 2811 on
1139 2753 1188 2813 the
1215 2751 1280 2811 last
1303 2753 1353 2813 act
1380 2753 1410 2813 of
1434 2755 1483 2815 the
1514 2756 1579 2816 play

915 2777 1001 2837 "The
1033 2783 1100 2843 Call
1128 2783 1159 2843 of
1187 2784 1285 2844 Life,"
1325 2785 1418 2845 which
1454 2789 1489 2849 he
1521 2789 1580 2849 had

910 2813 963 2873 set
981 2816 1108 2876 himself
1126 2815 1155 2875 to
1177 2816 1314 2876 rewrite.
1333 2816 1379 2876 He
1404 2819 1464 2879 was
1486 2822 1577 2882 found

911 2846 995 2906 lying
1021 2846 1222 2906 unconscious
1245 2849 1278 2909 on
1304 2851 1355 2911 the
1377 2849 1458 2909 floor
1480 2852 1509 2912 by
1535 2852 1579 2912 his

910 2876 1070 2936 secretary
1092 2878 1148 2938 and
1177 2879 1233 2939 was
1256 2881 1372 2941 carried
1398 2881 1423 2941 to
1448 2884 1494 2944 his
1515 2885 1586 2945 bed.

910 2909 954 2969 He
982 2908 1070 2968 never
1095 2912 1239 2972 regained
1267 2914 1503 2974 consciousness

937 2944 1144 3004 Schnitzler's
1169 2944 1255 3004 fame
1283 2947 1347 3007 was
1380 2947 1587 3007 world-wide,

912 2974 965 3034 and
1005 2974 1051 3034 his
1084 2975 1241 3035 principal
1274 2977 1374 3037 works
1410 2978 1467 3038 had
1507 2980 1578 3040 been

916 3006 1079 3066 translated
1133 3007 1197 3067 into
1247 3010 1339 3070 many
1393 3013 1585 3073 languages.

907 3037 1026 3097 Shortly
1053 3040 1157 3100 before
1180 3041 1224 3101 his
1247 3042 1336 3102 death
1367 3043 1400 3103 he
1427 3043 1486 3103 was
1513 3045 1583 3105 con¬

905 3069 1044 3129 sidering
1092 3072 1103 3132 a
1155 3073 1332 3133 suggestion
1384 3073 1416 3133 of
1461 3077 1571 3137 Joseph

911 3102 1113 3162 Schildkraut
1147 3102 1217 3162 that
1251 3105 1287 3165 he
1325 3105 1409 3165 write
1443 3108 1495 3168 for
1528 3108 1580 3168 the

911 3135 1028 3195 talking
1062 3135 1167 3195 films.

960 3210 1173 3270 Paradoxical
1193 3211 1284 3271 Union
1312 3213 1343 3273 of
1363 3216 1533 3276 Quallties.

937 3257 1051 3317 Arthur
1079 3260 1254 3320 Schnitzler
1282 3260 1343 3320 was
1370 3263 1381 3323 a
1412 3266 1568 3326 physician

907 3299 961 3359 and
995 3299 1005 3359 a
1039 3300 1204 3360 Viennese.
1245 3302 1289 3362 He
1319 3305 1462 3365 acquired
1492 3305 1558 3365 from

904 3338 960 3398 one
993 3338 1057 3398 rôle
1086 3338 1096 3398 a
1132 3341 1341 3401 combination
1377 3344 1409 3404 of
1438 3346 1580 3406 intellec¬

904 3371 972 3431 tual
1000 3371 1158 3431 aloofness
1190 3374 1245 3434 and
1276 3374 1290 3434 a
1324 3376 1407 3436 warm
1455 3380 1579 3440 sympa¬

906 3404 977 3464 thy,
995 3404 1049 3464 and
1077 3404 1142 3464 from
1180 3407 1228 3467 the
1253 3407 1341 3467 other
1366 3409 1376 3469 a
1404 3410 1578 3470 somewhat

902 3434 1106 3494 puradoxical
1128 3439 1217 3499 union
1245 3440 1276 3500 of
1297 3442 1477 3502 brightness
1505 3442 1570 3502 with

902 3468 940 3528 aa
971 3467 1200 3527 undercurrent
1221 3469 1252 3529 of
1276 3473 1492 3533 melancholy.
1526 3475 1570 3535 He

902 3499 958 3559 was
982 3499 1012 3559 of
1032 3500 1142 3560 Jewish
1173 3502 1343 3562 extraction
1370 3507 1447 3567 and,
1464 3508 1577 3568 spend¬

901 3534 941 3594 ing
975 3532 1020 3592 his
1046 3533 1098 3593 life
1128 3535 1154 3595 in
1188 3536 1221 3596 an
1255 3535 1467 3595 anti-Semitic
1497 3540 1575 3600 city,

900 3558 965 3618 was
993 3565 1119 3625 exposed
1151 3565 1174 3625 to
1202 3568 1294 3628 abuse
1322 3568 1376 3628 and
1408 3571 1541 3631 criticism

900 3595 952 3655 His
990 3595 1177 3655 occasional
1212 3599 1374 3659 pessimism
1433 3604 1567 3664 perhapa

900 3628 980 3688 came
1007 3628 1033 3688 to
1057 3628 1103 3688 him
1140 3631 1206 3691 from
1243 3631 1330 3691 these
1357 3634 1560 3694 experiences

931 3657 966 3717 He
995 3660 1056 3720 was
1078 3660 1150 3720 born
1179 3660 1200 3720 in
1233 3663 1348 3723 Vienna
1373 3666 1405 3726 on
1435 3666 1503 3726 May
1528 3666 1557 3726 15

902 3692 980 3752 1862,
1005 3691 1030 3751 in
1066 3690 1148 3750 what
1177 3693 1198 3753 is
1227 3693 1284 3753 now
1327 3696 1423 3756 called
1460 3699 1570 3759 Prater

906 3717 1019 3777 Street.
1054 3721 1112 3781 His
1137 3723 1243 3783 father
1271 3723 1333 3783 was
1360 3726 1374 3786 a
1405 3728 1563 3788 physician

896 3753 985 3813 much
1016 3755 1039 3815 in
1066 3753 1159 3813 favor
1185 3753 1252 3813 with
1282 3756 1331 3816 the
1359 3756 1438 3816 stars
1465 3758 1498 3818 of
1522 3759 1568 3819 the

900 3786 988 3846 opera
1024 3786 1080 3846 and
1112 3786 1236 3846 theatre
1268 3786 1322 3846 and
1357 3786 1407 3846 the
1440 3788 1569 3848 aristoc¬

899 3814 985 3874 racy;
1009 3816 1042 3876 an
1069 3813 1189 3873 editor,
1206 3816 1215 3876 a
1246 3818 1405 3878 professor
1432 3818 1485 3878 and
1519 3819 1565 3879 the

897 3845 1050 3905 recipient
1068 3845 1096 3905 of
1114 3845 1232 3905 foreign
1261 3847 1478 3907 decorations.
1503 3848 1563 3908 The

898 3875 946 3935 son
984 3876 1056 3936 grew
1098 3876 1132 3936 up
1170 3875 1194 3935 in
1229 3878 1263 3938 an
1302 3881 1505 3941 atmosphere
1540 3882 1570 3942 of

895 3906 1005 3966 luxury
1037 3908 1091 3968 and
1120 3908 1263 3968 followed
1295 3911 1345 3971 the
1374 3914 1470 3974 usual
1492 3914 1570 3974 lines

896 3941 932 4001 of
951 3941 1131 4001 education.
1154 3941 1197 4001 He
1220 3944 1390 4004 graduated
1416 3944 1482 4004 from
1519 3947 1567 4007 the

899 3971 1064 4031 Academic
1094 3974 1285 4034 Gymnasium
1334 3977 1359 4037 in
1396 3977 1477 4037 1879,
1503 3980 1561 4040 and

895 4002 959 4062 then
1009 4004 1091 4064 went
1135 4005 1163 4065 to
1206 4005 1260 4065 the
1307 4010 1486 4070 University
1533 4008 1564 4068 of

901 4033 1014 4093 Vienna
1049 4036 1085 4096 as
1117 4036 1131 4096 a
1170 4039 1301 4099 student
1334 4039 1365 4099 of
1397 4044 1568 4104 medicine,

892 4066 1033 4126 winning
1060 4069 1101 4129 his
1128 4069 1235 4129 degree
1258 4069 1280 4129 in
1311 4072 1395 4132 1885.

925 4099 1047 4159 Always
1074 4102 1242 4162 interested
1272 4104 1299 4164 in
1329 4105 1383 4165 the
1410 4105 1463 4165 life
1490 4107 1524 4167 of

892 4132 1072 4192 physician,
1109 4135 1227 4195 despite
1268 4137 1315 4197 his
1356 4135 1437 4195 later
1478 4138 1562 4198 with¬

895 4162 1015 4222 drawal
1034 4168 1100 4228 from
1141 4168 1177 4228 it,
1196 4170 1372 4230 Schnitzler
1394 4170 1489 4230 spent
1512 4172 1559 4232 the
