3436 4384
192 309 308 369 12.
368 310 856 370 Schnitzler
926 306 964 366 s
1025 301 1257 361 Deatl

269 946 543 1006 CASINOS
578 942 618 1002 IN
679 936 1053 996 OSTERREICH

356 999 473 1059 Baden
507 999 516 1059 /
535 996 700 1056 Salzburg
733 994 743 1054 /
767 989 983 1049 Semmering

254 1047 414 1107 Roulette
451 1047 464 1107 —
515 1041 675 1101 Baccara
712 1039 725 1099 —
776 1033 922 1093 Chemin
959 1032 1000 1092 de
1032 1029 1087 1089 fer

260 1109 716 1169 Österreichische
760 1101 942 1161 Casino
981 1097 1024 1157 A.
1048 1095 1096 1155 G.

265 1160 380 1220 Wien
414 1159 462 1219 III,
482 1151 1010 1211 Schwarzenbergplatz
1045 1142 1087 1202 5a

260 1288 724 1348 „OBSERVER"

530 1331 637 1391 österr.
655 1327 811 1387 behördlich
843 1321 1096 1381 konzessionlertes

502 1370 700 1430 Unternehmen
721 1366 760 1426 für
774 1362 1097 1422 Zeitungs-Ausschnitte

507 1409 575 1469 Wien
591 1411 610 1471 !,
618 1411 749 1471 Wollzeile
764 1407 798 1467 11,
807 1404 941 1464 Telephon
960 1398 1098 1458 R-23-0-43

270 1590 490 1650 Ausschnitt
515 1587 601 1647 aus:

389 1701 476 1761 Die
521 1698 741 1758 Stumme,
792 1692 905 1752 Wien

585 1805 941 1865 20.10.1936.

279 1808 384 1868 vom:

266 1951 293 2011 In
341 1951 575 2011 memoriam
651 1947 829 2007 Arthur
868 1945 1111 2005 Schnitzler

268 2027 347 2087 (zum
392 2023 532 2083 fünften
569 2022 807 2082 lodestage:
835 2019 896 2079 21.
914 2017 966 2077 X.
985 2020 1108 2080 1936)

267 2093 309 2153 Du
342 2091 443 2151 gingit
471 2089 519 2149 den
546 2089 642 2149 Weg.
665 2088 718 2148 den
746 2087 804 2147 alle
832 2086 928 2146 einsam
972 2083 1079 2143 geh'n,

263 2143 327 2203 Der
358 2143 418 2203 heim
464 2139 529 2199 dich
559 2137 665 2197 holte,
695 2137 790 2197 schien
836 2136 886 2196 dir
922 2135 1022 2195 längst
1053 2130 1117 2190 ver-

970 2181 1121 2241 bunden,

263 2237 308 2297 Du
349 2236 445 2296 sahst,
471 2235 526 2295 wie
557 2234 684 2294 keiner,
705 2232 755 2292 ihn
791 2231 816 2291 in
852 2229 1116 2289 Taumolstunden

269 2286 413 2346 Inmitten
445 2285 531 2345 Spiel
553 2283 606 2343 und
644 2283 729 2343 Trug
762 2281 815 2341 und
848 2277 1120 2337 Lustgestöhn...

267 2381 331 2441 Der
353 2381 475 2441 Masken
503 2378 647 2438 Urgrund
674 2378 743 2438 hast
766 2376 797 2436 du
825 2375 878 2435 tief
894 2375 1103 2435 durchschaut

272 2429 340 2489 Wie
368 2429 486 2489 keiner,
503 2429 684 2489 abgestreift
707 2426 760 2486 der
782 2426 883 2486 Dinge
911 2423 1023 2483 Hülle,

269 2480 338 2540 Und
366 2477 500 2537 dennoch
528 2477 673 2537 schworit
695 2475 726 2535 du
754 2474 781 2534 zu
808 2474 861 2534 des
884 2471 1013 2531 Daseins
1030 2471 1125 2531 Fulle,

268 2528 339 2588 Und
370 2528 467 2588 warst
488 2525 544 2585 mit
570 2525 662 2585 seinem
709 2524 913 2584 Köstlichsten
945 2522 1098 2582 vertraut.

276 2624 313 2684 In
338 2623 443 2683 deines
462 2620 591 2680 Wesens
610 2620 696 2680 stetig
722 2617 863 2677 stummer
889 2617 1000 2677 Kraft,

272 2672 492 2732 Unabgelenkt
518 2668 574 2728 von
605 2668 765 2728 Menschen
796 2665 893 2725 Wahn
930 2665 980 2725 und
1012 2665 1129 2725 Webe,

273 2719 388 2779 Stiegst
414 2717 448 2777 du
479 2716 589 2776 empor
614 2716 644 2776 zu
679 2716 779 2776 Glanz
815 2713 870 2773 und
905 2713 1130 2773 Meisterhöhe,

273 2771 306 2831 Im
342 2770 503 2830 Schaffen,
521 2767 578 2827 wie
602 2764 757 2824 Genießen
787 2761 1006 2821 beispielhaft.

271 2865 335 2925 Der
361 2864 466 2924 Knabe
492 2862 577 2922 schon
608 2862 672 2922 war
699 2859 773 2919 ganz
799 2859 854 2919 des
874 2859 985 2919 Gottes
1010 2856 1085 2916 voll,

277 2913 353 2973 Dein
384 2912 615 2972 Blondgelock,
636 2910 693 2970 das
719 2907 827 2967 unsren
858 2907 965 2967 frühen
1002 2907 1120 2967 Bahnen

276 2961 378 3021 Voran
409 2961 480 3021 einst
506 2961 659 3021 flatterte,
681 2958 772 3018 gleich
804 2955 1039 3015 Siegesfahnen,

277 3009 348 3069 Wie
375 3009 503 3069 könnten
535 3009 616 3069 wir's
638 3006 812 3066 vergessen,
834 3003 967 3063 Anatol!

280 3107 455 3167 Zeitlebens
478 3105 548 3165 hielt
576 3104 625 3164 die
648 3101 779 3161 Heimat
801 3101 866 3161 dich
900 3098 921 3158 im
966 3098 1064 3158 Bann,

278 3155 326 3215 Sie
356 3156 457 3216 wußte
482 3152 530 3212 dir
556 3152 643 3212 nicht
668 3150 774 3210 immer
804 3149 886 3209 Dank
921 3149 955 3209 zu
984 3149 1091 3209 sagen,

280 3203 340 3263 Der
365 3203 445 3263 ihren
476 3203 596 3263 Zauber
616 3200 711 3260 durch
737 3198 781 3258 die
802 3197 887 3257 Welt
912 3197 1072 3257 getragen,

279 3253 453 3313 Vieltreuer
479 3250 629 3310 Dichter,
649 3248 809 3308 Weisester
840 3245 895 3305 und
931 3245 1045 3305 Mannl

285 3349 398 3409 Nichts
434 3349 493 3409 hat
529 3349 600 3409 dein
643 3346 737 3406 hohes
780 3343 957 3403 Gleichmaß
1006 3340 1035 3400 je
1071 3342 1124 3402 ge¬

961 3388 1136 3448 schwächt,

280 3448 360 3508 Dein
391 3445 601 3505 brüderliches
622 3445 707 3505 Herz
738 3442 817 3502 stand
853 3439 933 3499 jedem
974 3439 1073 3499 offen,

284 3495 392 3555 Noch,
416 3494 458 3554 als
478 3492 544 3552 dich
578 3490 768 3550 schwerstes,
787 3488 948 3548 Bitterstes
968 3486 1138 3546 betroffen,

286 3543 401 3603 Bliebst
428 3543 459 3603 du
496 3540 701 3600 erschlossen,
717 3540 801 3600 gütig
828 3538 885 3598 und
917 3534 1053 3594 gerecht.

284 3639 344 3699 Wo
377 3640 460 3700 sollen
494 3639 549 3699 wir
573 3638 628 3698 nun
661 3636 707 3696 hin
740 3633 795 3693 mit
819 3632 920 3692 unsrer
949 3630 1032 3690 Not?

285 3687 341 3747 Nie
366 3686 437 3746 wird
461 3686 522 3746 dein
551 3684 656 3744 mildes
680 3683 803 3743 Lächeln
832 3681 884 3741 uns
904 3681 989 3741 mehr
1009 3679 1141 3739 grüßen,

283 3737 362 3797 Dein
391 3737 488 3797 reiner
521 3734 590 3794 Sinn
633 3734 693 3794 das
727 3730 791 3790 Sein
839 3728 894 3788 uns
932 3728 1015 3788 nicht
1053 3722 1136 3782 mebr

1027 3773 1135 3833 süßen,

288 3835 354 3895 Uns
379 3832 450 3892 allen
479 3832 531 3892 ist,
551 3830 593 3890 als
613 3828 674 3888 wär
713 3827 755 3887 ein
780 3824 875 3884 Vater
904 3824 1018 3884 tot...

997 3872 1116 3932 muammanun

1481 291 1608 351 box
1680 288 1862 348 44/3

1893 455 1965 515 Wien
1980 455 1997 515 l,
2007 452 2138 512 Wonzene
2156 452 2189 512 1,
2198 449 2329 509 relephon

1671 631 1886 691 Ausschnitt
1914 631 1997 691 aus:

1670 849 1784 909 vom:

2075 885 2142 945 Gar
2162 883 2239 943 lae.
2250 887 2297 947 i

1897 1007 2158 1067 20.0K1.

1690 1411 1960 1471 selmenent
1998 1405 2083 1465 und
2133 1408 2328 1468 Mingesr

1655 2623 1722 2683 war
1754 2623 1815 2683 ich,
1847 2620 1896 2680 als
1934 2620 1970 2680 ich
2001 2620 2075 2680 mich
2113 2620 2261 2680 unrichtig
2293 2620 2429 2680 kleidete,
2448 2619 2502 2679 und

1655 2671 1708 2731 das
1745 2671 1861 2731 machte
1904 2671 1972 2731 mich
2015 2668 2125 2728 nervös
2168 2668 2226 2728 und
2264 2669 2427 2729 ärgerlich.

1655 2719 1773 2779 Sollten
1800 2719 1855 2779 Sie
1877 2719 1949 2779 mich
1975 2719 2042 2779 aber
2063 2719 2088 2779 in
2114 2719 2228 2779 meinem
2264 2719 2352 2779 neuen
2383 2715 2512 2775 Mantel

1656 2770 1711 2830 vom
1744 2767 1982 2827 Kleider=König
2017 2767 2115 2827 sehen,
2138 2768 2171 2828 da
2205 2767 2320 2827 würden
2355 2767 2410 2827 Sie
2438 2767 2503 2827 mich

1657 2817 1731 2877 nicht
1748 2817 2018 2877 wiedererkennen.
2029 2814 2039 2874 —
2083 2814 2204 2874 Überall
2221 2816 2289 2876 steht
2306 2814 2358 2874 mir
2375 2816 2433 2876 jetzt
2449 2814 2512 2874 Tür

1655 2868 1711 2928 und
1732 2866 1793 2926 Tor
1825 2865 1896 2925 offen
1933 2865 1989 2925 und
2015 2863 2113 2923 werde
2139 2865 2205 2925 auch
2232 2865 2504 2925 dementsprechend

1655 2916 1701 2976 als
1722 2915 1866 2975 Kavalier
1887 2914 1943 2974 und
1964 2913 2062 2973 Mann
2089 2913 2134 2973 von
2156 2913 2325 2973 Geschmack
2336 2913 2516 2973 behandelt.

1715 2971 1770 3031 Ich
1798 2967 1941 3027 empfehle
1964 2965 2053 3025 daher
2076 2964 2247 3024 jedermann
2276 2964 2319 3024 den
2348 2964 2419 3024 Weg
2442 2964 2491 3024 zum

1758 3099 1816 3159 Ma

1775 3193 1864 3253 IV.,
1889 3190 2282 3250 Mariahilferstraße
2315 3184 2388 3244 179

1787 3256 1914 3316 (Zweite
1943 3256 2116 3316 Haltestelle
2152 3256 2209 3316 vom
2250 3253 2383 3313 Gürtel)

1704 3316 1761 3376 Ein
1790 3313 1876 3373 Blick
1911 3314 1934 3374 in
1981 3313 2026 3373 die
2050 3313 2263 3373 Schaufenster
2304 3313 2361 3373 (bis
2396 3313 2407 3373 8
2442 3315 2505 3375 Uhr

1659 3364 1774 3424 abends
1805 3364 1985 3424 beleuchtet)
2008 3368 2078 3428 sagt
2102 3369 2206 3429 Ihnen
2242 3364 2340 3424 alles!

1676 3616 2072 3676 eater
2129 3601 2251 3661 UNO
2294 3597 2498 3657 KUNST

1731 3806 1833 3866 Vor
1875 3806 1999 3866 fünf
2041 3808 2237 3868 Jahren
2289 3802 2422 3862 starb

1947 3893 2216 3953 Schnitzler

1788 3958 1861 4018 Von
1899 3961 2009 4021 Oskar
2041 3961 2182 4021 Maurus
2220 3958 2385 4018 Fontana.

1707 4012 1723 4072 *
1780 4023 1847 4083 Vor
1917 4024 1995 4084 fünf
2052 4024 2182 4084 Jahren
2240 4022 2353 4082 wurde
2404 4019 2511 4079 Artur

1661 4068 1839 4128 Schnitzler
1878 4068 2012 4128 plötzlich
2056 4067 2175 4127 gefällt
2219 4066 2278 4126 und
2321 4066 2359 4126 an
2408 4065 2494 4125 einem

1667 4112 1815 4172 sonnigen
1864 4111 1963 4171 kalten
2012 4111 2303 4171 Herbstvormittag
2343 4108 2436 4168 haben
2476 4108 2515 4168 sie

1664 4157 1713 4217 ihn
1748 4155 1924 4215 begraben.
1944 4153 1989 4213 Er
2019 4153 2101 4213 hatte
2127 4155 2156 4215 in
2191 4155 2289 4215 seinem
2329 4150 2515 4210 Testament
