3392 4352
132 309 170 369 2

771 291 828 351 .*

1377 309 1503 369 box
1583 309 1773 369 43/2

275 310 703 370 Schnitzle

768 323 1129 383 sDet

782 819 980 879 VER

522 878 677 938 Schordl.
686 873 979 933 konzessioniertes

256 922 542 982 ternehmen
573 918 619 978 für
643 914 1029 974 Zeitungs-Ausschnitte

346 983 497 1043 WIEN,
527 982 583 1042 I.,
603 980 887 1040 WOLLZEILE

267 1165 426 1225 Aushud
461 1155 516 1215 des

283 1269 490 1329 WYCINEK
529 1273 552 1333 Z
583 1283 953 1343 WYDAWNICTWA

262 1397 555 1457 Posener
615 1414 948 1474 Tageblatt

357 1534 409 1594 z
439 1539 506 1599 dn.

714 1694 992 1754 4PAZ.193

2134 1855 2253 1915 abends
2278 1858 2344 1918 trat
2363 1861 2603 1921 Atemlähmung
2634 1865 2694 1925 ein,
2713 1867 2772 1927 und
2797 1870 2875 1930 sanft
2900 1870 3031 1930 umfaßt¬

3098 1870 3183 1930 Aber
3224 1870 3297 1930 nicht

289 1888 467 1948 Der
559 1897 917 1957 Dichter
1010 1909 1356 1969 Arthur
1447 1919 1948 1979 Schnikler
2027 1891 2193 1951 ihr
2220 1896 2270 1956 der
2297 1897 2372 1957 20.

3062 1909 3192 1969 Technik
3222 1909 3272 1969 der

2189 1936 2236 1996 An
2279 1941 2375 2001 seinem
2424 1941 2635 2001 Sterbelager
2672 1947 2792 2007 weilten
2835 1947 2895 2007 sein
2938 1950 3034 2010 sofort
3059 1947 3228 2007 Schnitzler
3252 1947 3294 2007 bef

2133 1977 2404 2037 herbeigerufener
2430 1980 2570 2040 Bruder.
2587 1983 2697 2043 Hofrat
2722 1986 2777 2046 und
2808 1989 3034 2049 Universitäts¬

3055 1983 3174 2043 Proust
3207 1984 3260 2044 und

496 1989 576 2049 Die
610 1998 961 2058 Todesnachricht

1211 1999 1310 2059 Hause
1338 2001 1552 2061 zurückkehrte.
1586 2004 1629 2064 Um
1669 2007 1718 2067 11¼
1768 2010 1829 2070 Uhr
1857 2010 1922 2070 fand
1956 2010 2000 2070 ihn
2028 2013 2110 2073 seine
2138 2015 2281 2075 professor
2309 2018 2369 2078 Dr.
2392 2019 2508 2079 Julius
2541 2022 2706 2082 Schnitzler
2734 2025 2789 2085 und
2823 2027 2872 2087 die
2900 2028 3026 2088 übrigen

3057 2021 3162 2081 schritt
3185 2025 3290 2085 geprie

1210 2040 1411 2100 Sekretärin,
1432 2040 1477 2100 die
1503 2043 1552 2103 zur
1578 2043 1689 2103 Arbeit
1715 2046 1740 2106 in
1771 2046 1825 2106 sein
1857 2050 2093 2110 Arbeitszimme

2132 2052 2161 2112 in
2201 2055 2284 2115 Wien
2324 2057 2491 2117 weilenden
2531 2061 2747 2121 Angehörigen
2797 2064 2845 2124 des
2880 2070 3023 2130 Dichters

3059 2061 3147 2121 leicht
3172 2064 3240 2124 schon
3273 2064 3284 2124 b

320 2050 445 2110 Arthur
477 2055 715 2115 Schnitzler
754 2058 797 2118 ist
823 2060 910 2120 einem
961 2067 1180 2127 Schlaganfall
1212 2075 1393 2135 eingetreten
1438 2079 1519 2139 war,
1551 2083 1726 2143 bewußtlos
1764 2085 1795 2145 am
1846 2086 1952 2146 Boden
1990 2090 2090 2150 liegen

3052 2098 3180 2158 wurden

2132 2092 2208 2152 Roch
2237 2094 2270 2154 am
2319 2097 2419 2157 Abend
2458 2100 2558 2160 wurde
2593 2100 2674 2160 durch
2708 2103 2756 2163 den
2794 2105 2962 2165 Amtsarzt
2987 2106 3020 2166 di

278 2100 424 2160 erlegen.

1207 2115 1289 2175 Man
1323 2117 1438 2177 brachte
1472 2118 1637 2178 Schnitzler
1665 2123 1763 2183 sofort
1792 2124 1818 2184 zu
1858 2125 1951 2185 Bett.
1985 2126 2028 2186 Er
2056 2127 2105 2187 er=
2134 2133 2337 2193 Leichenschau
2371 2137 2624 2197 vorgenommen.
2657 2141 2828 2201 Vorläufig
2856 2144 2916 2204 sind
2950 2142 3026 2202 keine
3054 2138 3230 2198 wirklicht:

1202 2153 1312 2213 langte
1343 2154 1388 2214 bis
1419 2156 1443 2216 zu
1474 2156 1569 2216 seinem
1610 2159 1690 2219 Tode
1721 2161 1771 2221 das
1802 2165 1993 2225 Bewußtsein
2029 2168 2084 2228 nich

3059 2177 3255 2237 kunstwerkes

2128 2171 2379 2231 Bestimmungen
2429 2174 2502 2234 über
2547 2177 2591 2237 die
2631 2180 2837 2240 Leichenfeier
2878 2183 3010 2243 getroffe

1197 2192 1331 2252 wieder.
1361 2192 1403 2252 Es
1433 2195 1495 2255 war
1524 2195 1586 2255 eine
1616 2201 1870 2261 Gehirnblutung
1905 2207 2087 2267 eingetreten

319 2195 439 2255 Arthur
470 2198 634 2258 Schnitzler
663 2201 763 2261 wurde
792 2204 827 2264 am
871 2207 921 2267 15.
950 2208 1021 2268 Mai
1051 2210 1122 2270 1862
1151 2211 1179 2271 in

3057 2214 3202 2274 „inneren
3242 2215 3258 2275 M

2128 2207 2272 2267 worden.
2300 2210 2375 2270 Man
2408 2213 2477 2273 will
2501 2216 2678 2276 abwarten,
2697 2219 2743 2279 bis
2772 2219 2828 2279 sein
2861 2220 2884 2280 in
2917 2223 3023 2283 Berlin

1206 2231 1235 2291 so
1261 2231 1311 2291 daß
1346 2234 1376 2294 er
1407 2234 1446 2294 sich
1482 2237 1542 2297 auch
1578 2237 1653 2297 nicht
1679 2239 1764 2299 einen
1795 2243 1980 2303 Augenblick
2006 2246 2101 2306 seine:

276 2233 361 2293 Wien
401 2236 451 2296 als
492 2238 577 2298 Sohn
618 2240 668 2300 des
709 2246 1086 2306 Universitätsprofessors
1121 2252 1166 2312 Dr

2125 2247 2273 2307 lebender
2294 2250 2400 2310 Sohn,
2417 2252 2464 2312 der
2485 2252 2580 2312 sofort
2602 2255 2649 2315 von
2681 2255 2729 2315 dem
2766 2258 2903 2318 Ableben
2930 2261 3025 2321 seines
3058 2252 3173 2312 werden
3227 2255 3274 2315 der

275 2273 404 2333 Johann
441 2276 626 2336 Schnitzler,
653 2279 741 2339 eines
777 2285 984 2345 bedeutenden
1021 2291 1181 2351 Laryngo¬

1209 2273 1304 2333 nahen
1335 2273 1436 2333 Todes
1461 2276 1586 2336 bewußt
1611 2278 1767 2338 geworden
1798 2281 1845 2341 ist.
1876 2282 1917 2342 Um
1960 2283 1989 2343 6¼
2038 2287 2104 2347 Uhr
2129 2288 2248 2348 Vaters
2279 2291 2465 2351 verständigt
2489 2294 2610 2354 wurde,
2628 2297 2652 2357 in
2688 2297 2772 2357 Wien
2803 2300 2958 2360 eintrifft.

3047 2291 3209 2351 Ortegas,
3234 2294 3279 2354 sich

267 2312 377 2372 logen,
403 2315 555 2375 geboren.
587 2318 632 2378 Er
658 2318 804 2378 studierte
835 2327 1007 2387 gleichfalls
1039 2330 1175 2390 Medizin

3054 2333 3232 2393 zugeführt,
3261 2330 3272 2390 E

272 2351 335 2411 und
366 2353 429 2413 war
455 2353 503 2413 bis
534 2353 602 2413 1893
628 2356 770 2416 Assistent
795 2362 893 2422 seines
924 2365 1037 2425 Vaters
1067 2365 1101 2425 an
1131 2368 1180 2428 der

3049 2366 3101 2426 die
3131 2371 3283 2431 scheinbar

1205 2389 1308 2449 Zum
1376 2391 1509 2451 Tode
1547 2395 1738 2455 Arthur
1776 2398 2095 2458 Schnitzlers

272 2392 401 2452 Wiener
432 2393 639 2453 allgemeinen
676 2400 861 2460 Poliklinik.
898 2404 1016 2464 Später
1048 2406 1114 2466 trat
1146 2408 1177 2468 er

3044 2405 3128 2465 aber
3154 2407 3163 2467 —
3218 2409 3243 2469 im

271 2428 300 2488 in
336 2431 618 2491 militärärztlichen
653 2437 774 2497 Dienst,
795 2440 845 2500 den
875 2441 905 2501 er
936 2444 1006 2504 aber
1032 2444 1097 2504 nach
1128 2446 1177 2506 der

3047 2445 3174 2505 bildend
3209 2446 3261 2506 ist,

272 2470 563 2530 Veröffentlichung
609 2473 708 2533 seines
749 2479 930 2539 „Leutnant
966 2482 1071 2542 Gustl“
1111 2484 1176 2544 auf¬

3047 2481 3174 2541 Arthur
3203 2484 3273 2544 Schn

263 2511 354 2571 geben
395 2509 517 2569 mußte.
563 2512 746 2572 Schnitzlers
787 2519 990 2579 literarisches
1026 2521 1168 2581 Schaffer

1269 2506 1405 2566 Der
1469 2513 1743 2573 Dichter
1807 2515 1918 2575 des
1982 2521 2382 2581 sterbenden
2458 2533 2933 2593 Oesterreichs

3086 2523 3256 2583 Schnitzler

266 2545 370 2605 wurde
395 2548 478 2608 durch
504 2550 603 2610 seinen
628 2553 791 2613 ärztlichen
821 2556 920 2616 Beruf
945 2559 1049 2619 ebenso
1074 2562 1177 2622 beein¬

3047 2559 3112 2619 nur
3141 2560 3294 2620 scheinban

267 2586 352 2646 flußt
383 2586 442 2646 wie
473 2589 558 2649 durch
589 2589 639 2649 die
670 2595 871 2655 Atmosphäre
907 2596 956 2656 der
987 2600 1163 2660 Geistigkeit

3045 2598 3146 2658 Seine
3184 2598 3285 2658 Arbei

1391 2592 1622 2652 „Frühgereift
1654 2595 1709 2655 und
1742 2597 1810 2657 zart
1842 2598 1904 2658 und
1936 2602 2092 2662 traurig."
2118 2606 2286 2666 entgegen.
2312 2606 2405 2666 Unter
2431 2607 2480 2667 der
2500 2611 2656 2671 Schminke
2682 2616 2725 2676 die
2744 2617 2907 2677 gähnende
2932 2619 3001 2679 Leer

269 2623 317 2683 die
343 2625 371 2685 in
401 2627 495 2687 seinem
539 2630 731 2690 Vaterhause
761 2634 918 2694 herrschte,
938 2637 981 2697 wo
1012 2638 1100 2698 unter
1125 2640 1173 2700 der

3045 2637 3176 2697 geführt
3208 2637 3270 2697 wor

2118 2643 2202 2703 einer
2235 2644 2335 2704 Welt,
2357 2647 2405 2707 die
2437 2649 2527 2709 sachte
2565 2652 2617 2712 und
2655 2655 2835 2715 unmerklich
2868 2658 3016 2718 einstürzt

1496 2659 1580 2719 Hugo
1616 2661 1672 2721 von
1713 2665 1990 2725 Hoffmannsthal
2020 2670 2075 2730 übe

266 2663 357 2723 guten
401 2666 596 2726 Gesellschaft
641 2669 694 2729 der
727 2672 873 2732 achtziger
912 2677 965 2737 und
1010 2679 1171 2739 neunziger

3041 2673 3269 2733 dramatischen

2158 2691 2319 2751 Schnitzler
2353 2693 2406 2753 hat
2439 2696 2530 2756 dieses
2569 2700 2660 2760 Bild,
2687 2700 2741 2760 das
2780 2703 2833 2763 der
2866 2706 2936 2766 erste
2969 2704 3017 2764 be=
3050 2709 3098 2769 sich
3131 2714 3255 2774 nämlich

271 2702 368 2762 Jahre
395 2703 440 2763 die
467 2706 585 2766 Größen
616 2708 667 2768 des
694 2712 925 2772 Burgtheaters
952 2714 1008 2774 aus
1039 2717 1095 2777 und
1122 2718 1162 2778 ein

1499 2706 1548 2766 den
1587 2712 1701 2772 jungen
1741 2712 1922 2772 Schnitzler.

2118 2729 2223 2789 wußte
2256 2731 2340 2791 Blick
2372 2732 2403 2792 in
2446 2732 2493 2792 die
2530 2735 2620 2795 Welt
2657 2740 2752 2800 seinen
2795 2741 2916 2801 Sinnen
2958 2744 3011 2804 bot

259 2741 393 2801 gingen.
423 2744 461 2804 Zu
490 2744 543 2804 den
577 2747 785 2807 bekanntesten
819 2752 910 2812 seiner
940 2756 1170 2816 Bühnenwerke

3046 2747 3082 2807 sie
3115 2750 3147 2810 es
3179 2753 3280 2813 verhir

2118 2768 2253 2828 niemals
2279 2771 2445 2831 vergessen.
2471 2774 2567 2834 Wenn
2597 2777 2622 2837 er
2648 2777 2688 2837 sich
2719 2780 2779 2840 auch
2810 2780 2840 2840 um
2880 2781 2946 2841 1910
2972 2783 3016 2843 alt

1229 2766 1317 2826 Ganz
1354 2773 1551 2833 unerwartet
1588 2774 1623 2834 ist
1655 2777 1770 2837 gestern
1812 2783 1998 2843 nachmittag
2040 2786 2076 2846 um

3046 2786 3090 2846 sich
3124 2789 3152 2849 in
3186 2789 3280 2849 voller

263 2784 394 2844 gehören
432 2783 607 2843 „Anatol",
633 2788 827 2848 „Liebelei",
846 2792 1053 2852 „Freiwild",
1079 2795 1172 2855 „Rei=
1235 2806 1303 2866 Uhr
1329 2809 1361 2869 15
1386 2812 1505 2872 Arthur
1530 2816 1775 2876 Schnitzler,
1794 2818 1843 2878 der
1869 2821 1950 2881 seine
1976 2825 2075 2885 Dichte

2114 2808 2283 2868 Fünfziger
2316 2807 2378 2867 eine
2406 2810 2506 2870 Weile
2538 2816 2729 2876 aufzuraffen
2761 2819 2856 2879 sucht,
2878 2821 2914 2881 um
2957 2819 3020 2879 An¬

267 2821 359 2881 gen“.
391 2822 557 2882 Schnitzler
583 2825 712 2885 zeichnet
738 2828 764 2888 in
801 2831 888 2891 ihnen
920 2831 1023 2891 ebenso
1055 2834 1111 2894 wie
1143 2835 1168 2895 in

3048 2828 3196 2888 scheinung
3229 2830 3281 2890 und

2118 2846 2207 2906 schluß
2234 2846 2260 2906 zu
2287 2846 2387 2906 finden
2419 2849 2450 2909 an
2483 2849 2524 2909 die
2551 2855 2694 2915 Jugend,
2710 2855 2757 2915 die
2784 2858 2826 2918 die
2853 2860 3000 2920 betäuben

3041 2867 3210 2927 Schnitzler

1198 2844 1256 2904 und
1289 2850 1464 2910 Psycholog,
1491 2851 1516 2911 in
1549 2852 1646 2912 seinem
1686 2855 1764 2915 Heim
1810 2858 1836 2918 in
1869 2858 1953 2918 Wien
1993 2863 2076 2923 einem
2116 2879 2174 2939 den
2202 2885 2318 2945 Farben
2351 2885 2396 2945 des
2429 2887 2565 2947 Herbstes
2598 2891 2669 2951 nicht
2696 2894 2780 2954 mehr
2807 2897 2924 2957 gesehen
2957 2901 3028 2961 hat,
3048 2905 3184 2965 gründet

264 2853 357 2913 seinem
408 2861 545 2921 einzigen
585 2864 689 2924 großen
728 2867 849 2927 Roman
889 2870 971 2930 „Der
999 2873 1071 2933 Weg
1110 2876 1159 2936 ins
1187 2885 1413 2945 Schlaganfall
1436 2889 1579 2949 erlegen.
1607 2891 1651 2951 Am
1696 2895 1878 2955 Vormittag
1912 2899 1977 2959 noch
2006 2900 2088 2960 hatte

260 2895 370 2955 Freie“
408 2898 465 2958 und
497 2901 523 2961 in
560 2903 645 2963 einer
672 2903 781 2963 großen
819 2909 897 2969 Zahl
924 2910 976 2970 von
1014 2912 1161 2972 Novellen
1193 2918 1230 2978 er
1257 2924 1340 2984 einen
1373 2927 1583 2987 Spaziergang
1615 2932 1868 2992 unternommen,
1890 2935 1942 2995 von
1974 2935 2020 2995 dem
2063 2939 2089 2999 ei

2120 2921 2154 2981 an
2183 2921 2231 2981 das
2260 2924 2505 2984 neuentstehende
2534 2929 2645 2989 Leben,
2660 2932 2715 2992 das
2744 2932 2785 2992 dem
2828 2935 3010 2995 betörenden
3046 2941 3095 3001 die
3123 2944 3277 3004 Uebergän

255 2935 314 2995 und
349 2938 540 2998 Nooelletten
575 2941 629 3001 das
659 2943 786 3003 Wiener
811 2945 904 3005 Leben
939 2947 973 3007 um
1018 2948 1062 3008 die
1092 2951 1160 3011 Zeit
1185 2958 1288 3018 etwas
1318 2964 1456 3024 erschöpft
1481 2967 1682 3027 heimkehrte;
1702 2970 1766 3030 kurz
1791 2971 1904 3031 darauf
1924 2975 1992 3035 fand
2022 2977 2085 3037 mar

2112 2959 2239 3019 Zauber
2264 2960 2313 3020 des
2343 2962 2377 3022 fin
2407 2962 2436 3022 de
2466 2966 2548 3026 siècle
2578 2968 2652 3028 nicht
2682 2971 2828 3031 verfallen
2859 2975 2907 3035 ist,
2927 2974 3010 3034 wenn
3045 2979 3099 3039 dem
3148 2983 3300 3043 dramatiß

260 2974 314 3034 der
344 2980 680 3040 Jahrhundertwende
745 2983 844 3043 Weich
884 2986 943 3046 und
983 2989 1086 3049 leicht,
1117 2989 1170 3049 mit

1186 3001 1238 3061 ihn
1268 3001 1286 3061 in
1316 3002 1412 3062 seinem
1451 3007 1705 3067 Arbeitszimmer
1725 3009 1898 3069 bewußtlos
1923 3013 1956 3073 am
1985 3014 2085 3074 Boder

2109 2998 2144 3058 er
2171 2998 2288 3058 damals
2320 3001 2382 3061 auch
2413 3003 2583 3063 eingreifen
2615 3007 2723 3067 möchte
2744 3010 2769 3070 in
2800 3011 2846 3071 die
2873 3014 3022 3074 Kämpfe,
3043 3020 3228 3080 Schnitzlers
3260 3022 3290 3082 di

255 3016 446 3076 glänzendem
487 3019 560 3079 Stil
583 3019 634 3079 und
663 3023 786 3083 scharfer
809 3026 1024 3086 Beobachtung
1053 3028 1166 3088 behan=
1189 3037 1313 3097 liegen.
1342 3040 1420 3100 Eine
1449 3044 1709 3104 Gehirnblutung
1738 3048 1806 3108 war
1835 3052 2043 3112 eingetreten,
2067 3054 2088 3114 so

2112 3037 2158 3097 die
2192 3037 2238 3097 dem
2285 3040 2378 3100 Leben
2416 3041 2514 3101 seinen
2551 3044 2631 3104 Sinn
2668 3046 2724 3106 und
2758 3049 2808 3109 dem
2855 3052 3009 3112 Menscher

3042 3060 3134 3120 Reiz,
3148 3058 3222 3118 weil
3236 3058 3268 3118 da

255 3055 319 3115 delt
339 3055 368 3115 er
393 3055 427 3115 am
467 3057 589 3117 liebsten
619 3058 663 3118 die
688 3061 855 3121 Probleme
880 3064 968 3124 jener
993 3067 1160 3127 vergange=
1186 3073 1244 3133 daß
1269 3079 1298 3139 er
1323 3079 1372 3139 das
1402 3081 1593 3141 Bewußtsein
1623 3083 1697 3143 nicht
1722 3089 1997 3149 wiedererlangte.
2012 3092 2085 3152 Ein¬

2112 3074 2205 3134 seinen
2238 3076 2364 3136 inneren
2397 3079 2476 3139 Halt
2500 3082 2710 3142 wiedergeben
2744 3088 2888 3148 könnten,
2912 3091 2935 3151 so
2968 3089 3014 3149 hat

3037 3097 3221 3157 Schnitzlers
3254 3097 3279 3157 in

259 3094 314 3154 nen
348 3095 491 3155 sorglosen
529 3097 585 3157 und
613 3100 883 3160 unbekümmerten
916 3104 1014 3164 Welt,
1038 3106 1074 3166 ein
1107 3105 1149 3165 ech

1183 3118 1430 3178 Atemlähmung
1466 3119 1526 3179 ließ
1562 3121 1607 3181 ihn
1648 3121 1728 3181 sanft
1764 3124 1819 3184 und
1855 3129 1930 3189 leise
1961 3127 1991 3187 in
2027 3129 2082 3189 da¬

2111 3112 2155 3172 sich
2183 3113 2343 3173 Schnitzler
2366 3116 2426 3176 doch
2455 3116 2515 3176 sehr
2538 3120 2610 3180 bald
2638 3123 2748 3183 wieder
2770 3126 2798 3186 in
2826 3126 2881 3186 sein
2909 3127 3014 3187 Selbst
3043 3133 3114 3193 auch
3143 3133 3192 3193 zur
3220 3133 3286 3193 Bül

262 3135 503 3195 österreichischer
530 3136 661 3196 Dichter.
688 3138 788 3198 Ueber
815 3141 903 3201 seinen
936 3143 1030 3203 letzten
1062 3145 1167 3205 erzäh¬
1189 3153 1314 3213 Dunkel
1341 3156 1388 3216 der
1415 3157 1567 3217 Ewigkeit
1594 3161 1825 3221 zurückgleiten.
1858 3167 1946 3227 „Wir
1973 3167 2062 3227 spiele

2113 3153 2361 3213 zurückgezogen,
2376 3153 2428 3213 von
2458 3156 2506 3216 dem
2544 3157 2572 3217 er
2597 3159 2673 3219 nicht
2698 3162 2755 3222 frei
2774 3164 2880 3224 konnte
2904 3163 2913 3223 —
2962 3165 2990 3225 un

3081 3169 3146 3229 Aus
3174 3174 3223 3234 der
3251 3174 3278 3234 la

255 3170 363 3230 lenden
388 3174 510 3234 Werken
535 3174 608 3234 aber
629 3177 707 3237 liegt
722 3177 771 3237 der
791 3180 933 3240 Schatten
958 3183 1041 3243 einer
1062 3185 1154 3245 neuen
1184 3190 1322 3250 immer;
1352 3192 1415 3252 wer
1445 3195 1479 3255 es
1509 3197 1607 3257 weiß,
1632 3198 1666 3258 ist
1696 3199 1778 3259 klug“
1813 3196 1828 3256 —
1883 3203 1907 3263 so
1942 3204 2024 3264 hatte
2054 3206 2069 3266 e

2110 3189 2231 3249 wollte.
2258 3191 2326 3251 Und
2358 3192 2432 3252 wir,
2453 3194 2500 3254 die
2533 3198 2780 3258 Nachlebenden,
2802 3204 2907 3264 freuen
2944 3204 2996 3264 un¬

3036 3208 3103 3268 lers
3127 3210 3183 3270 nur
3213 3210 3252 3270 ein

257 3211 364 3271 Welt,
391 3213 436 3273 die
468 3216 668 3276 grüblerische
705 3219 843 3279 erotische
875 3222 1085 3282 Psychologie,
1116 3224 1157 3284 die
1189 3228 1270 3288 einst
1297 3231 1322 3291 in
1358 3233 1404 3293 den
1440 3234 1543 3294 Tagen
1580 3238 1631 3298 der
1662 3239 1852 3299 Jugendzeit
1878 3242 1939 3302 mit
1966 3242 2052 3302 leicht

2103 3225 2159 3285 daß
2191 3228 2242 3288 der
2269 3228 2320 3288 dem
2362 3231 2434 3291 Bild
2471 3233 2569 3293 seiner
2596 3238 2720 3298 Jugend
2752 3240 2813 3300 treu
2850 3243 3005 3303 geblieben
3037 3245 3094 3305 der
3120 3249 3265 3309 Arbeiten

258 3249 314 3309 von
352 3252 440 3312 Wien
482 3255 542 3315 aus
580 3253 631 3313 den
674 3257 841 3317 Siegeszug
883 3261 1055 3321 angetreten
1098 3264 1167 3324 hat.

1190 3270 1386 3330 Resignation
1421 3273 1597 3333 gesungen;
1622 3276 1681 3336 und
1716 3278 1838 3338 ebenso,
1868 3282 1921 3342 wie
1956 3282 1985 3342 er
2020 3282 2069 3342 zun

2108 3264 2162 3324 ist.
2191 3267 2279 3327 Denn
2319 3267 2396 3327 seine
2431 3272 2636 3332 verfeinerten
2676 3277 2803 3337 Organe
2842 3279 2935 3339 haben
2975 3282 3003 3342 es
3038 3284 3096 3344 und
3141 3288 3277 3348 „Liebele

258 3288 331 3348 Das
363 3291 420 3351 gilt
447 3293 609 3353 besonders
642 3295 694 3355 für
726 3297 767 3357 die
799 3299 1004 3359 meisterhafte
1031 3301 1162 3361 Novelle
1189 3305 1283 3365 Leben
1316 3311 1415 3371 stand,
1442 3312 1568 3372 näherte
1595 3314 1641 3374 sich
1673 3315 1720 3375 ihm
1768 3317 1815 3377 der
1847 3319 1925 3379 Tod,
1952 3320 1999 3380 der
2031 3321 2078 3381 ihr

2109 3304 2189 3364 ihm,
2214 3306 2262 3366 der
2296 3306 2348 3366 das
2382 3309 2472 3369 Wien
2512 3310 2564 3370 der
2593 3315 2928 3375 Jahrhundertwende
2962 3320 3010 3380 als

3033 3323 3148 3383 samer.
3174 3326 3243 3386 Weg

264 3329 432 3389 „Fräulein
463 3327 561 3387 Else“.

1179 3347 1248 3407 still
1270 3347 1322 3407 und
1349 3349 1423 3409 ohne
1450 3350 1593 3410 Schmerz
1615 3353 1869 3413 hinüberführte.

2103 3343 2439 3403 kulturgeschichtliches
2471 3348 2626 3408 Kuriosum
2673 3352 2698 3412 in
2730 3355 2843 3415 reifer,
2865 3359 3015 3419 echtester,
3041 3362 3092 3422 der
3114 3364 3186 3424 Weg
3212 3363 3258 3423 der

2104 3381 2309 3441 lebendigster
2340 3384 2521 3444 Gestaltung
2557 3386 2586 3446 zu
2617 3390 2823 3450 konservieren
2864 3395 3014 3455 vermocht
3035 3400 3115 3460 nant
3151 3401 3241 3461 Gustl

461 3403 530 3463 Die
570 3410 705 3470 letzten
744 3410 930 3470 Stunden

1210 3400 1329 3460 Arthur
1360 3407 1526 3467 Schnitzler
1552 3409 1609 3469 hat
1636 3410 1687 3470 dem
1729 3410 1832 3470 alten,
1858 3414 1947 3474 heute
1973 3418 2076 3478 längst
2108 3416 2180 3476 hat,
2196 3421 2372 3481 ermöglicht
2399 3422 2465 3482 auch
2492 3425 2517 3485 im
2559 3425 2668 3485 Dienst
2690 3427 2741 3487 des
2767 3431 2927 3491 modernen
2964 3431 3000 3491 Le

3031 3440 3202 3500 „Fräulein
3243 3438 3281 3498 El

1180 3442 1379 3502 versunkenen
1420 3446 1605 3506 Oesterreich
1651 3448 1706 3508 das
1747 3453 1982 3513 Schwanenlied
2027 3455 2077 3515 ge=
2108 3456 2187 3516 bens
2213 3458 2278 3518 eine
2304 3458 2398 3518 schöne
2424 3461 2579 3521 Funktion
2610 3463 2634 3523 zu
2665 3466 2820 3526 erfüllen:
2836 3470 3016 3530 Schnitzler,
3036 3478 3166 3538 zwischen
3217 3476 3266 3536 der

295 3456 360 3516 Wie
396 3458 451 3518 aus
487 3460 573 3520 Wien
609 3465 766 3525 gemeldet
797 3467 892 3527 wird.
919 3470 964 3530 kam
1015 3471 1065 3531 der
1096 3473 1141 3533 To

1179 3480 1302 3540 dichtet.
1328 3483 1389 3543 Die
1416 3485 1518 3545 Werke
1549 3485 1595 3545 des
1627 3487 1806 3547 Künstlers,
1827 3491 1878 3551 der
1904 3492 1981 3552 einst
2002 3493 2079 3553 Arzt
2100 3494 2192 3554 dessen
2223 3497 2465 3557 psychologischer
2486 3499 2624 3559 Tiefblick
2640 3503 2742 3563 immer
2759 3506 2871 3566 wieder
2887 3509 3010 3569 bewun=
3031 3515 3144 3575 Freie"
3175 3516 3278 3576 (1908)

247 3497 371 3557 Arthur
391 3500 574 3560 Schnitzlers
599 3504 683 3564 selbst
704 3506 797 3566 seiner
823 3508 946 3568 nächsten
976 3509 1154 3569 Umgebung

1184 3520 1312 3580 gewesen
1351 3520 1436 3580 war,
1458 3523 1588 3583 spiegeln
1626 3524 1685 3584 fast
1718 3526 1776 3586 alle
1809 3529 1862 3589 das
1901 3529 1987 3589 Wien
2025 3529 2079 3589 der
2106 3532 2284 3592 dernswert
2312 3534 2359 3594 ist,
2376 3535 2429 3595 hat
2457 3535 2548 3595 seinen
2581 3541 2807 3601 gleichaltrigen
2840 3545 3007 3605 Fachkolle=
3035 3552 3136 3612 wenig
3169 3554 3287 3614 bewegt

253 3538 486 3598 überraschend.
517 3541 613 3601 Wohl
639 3543 735 3603 klagte
766 3546 929 3606 Schnitzler
960 3547 984 3607 in
1015 3548 1066 3608 den
1102 3550 1162 3610 letz¬

1187 3559 1513 3619 Jahrhundertwende
1556 3562 1676 3622 wider:
1719 3564 1787 3624 eine
1824 3567 1913 3627 Zeit,
1951 3568 1987 3628 da
2030 3569 2076 3629 ein
2103 3570 2155 3630 gen
2193 3571 2251 3631 und
2288 3571 2482 3631 Landsmann
2520 3577 2677 3637 Sigmund
2710 3580 2814 3640 Freud
2846 3580 2856 3640 —
2910 3585 2998 3645 wenn
3031 3589 3120 3649 Sohn
3168 3592 3251 3652 eines

243 3574 295 3634 ten
334 3577 405 3637 zwei
434 3580 554 3640 Jahren
593 3580 664 3640 über
698 3583 899 3643 verschiedene
929 3588 1158 3648 Beschwerden,
1183 3596 1312 3656 junger,
1337 3598 1437 3658 zarter
1471 3600 1542 3660 Men
1625 3601 1681 3661 mit
1711 3603 1893 3663 wissenden,
1922 3606 2007 3666 leicht
2037 3607 2070 3667 er

2098 3608 2165 3668 auch
2199 3610 2280 3670 nicht
2304 3612 2525 3672 ausdrücklich,
2550 3616 2573 3676 so
2608 3615 2669 3675 doch
2704 3617 2732 3677 im
2776 3622 2876 3682 Effekt
2905 3619 2914 3679 —
2972 3624 2996 3684 in

3026 3628 3157 3688 Johann
3194 3631 3289 3691 Schni

252 3613 330 3673 aber
360 3616 388 3676 er
423 3618 486 3678 war
521 3618 593 3678 nicht
623 3620 716 3680 krank
746 3622 769 3682 im
819 3625 1014 3685 eigentlichen
1048 3629 1150 3689 Sinne
1180 3633 1317 3693 müdeten
1352 3637 1454 3697 Augen
1484 3637 1508 3697 in
1538 3637 1581 3697 die
1626 3639 1688 3699 Zelt
1714 3642 1811 3702 blickte
1836 3645 1889 3705 und
1919 3646 1987 3706 dort
2007 3646 2079 3706 trotz
2104 3646 2158 3706 dem
2197 3647 2324 3707 bitteren
2359 3650 2476 3710 Kampf
2496 3652 2529 3712 um
2574 3653 2637 3713 eine
2662 3657 2901 3717 schmiegsamere
2931 3660 3003 3720 See=
3028 3666 3169 3726 Assistent
3195 3667 3282 3727 seines

252 3655 309 3715 und
343 3657 442 3717 mußte
467 3659 533 3719 auch
562 3660 590 3720 in
619 3660 671 3720 der
695 3661 795 3721 letzten
824 3663 895 3723 Zeit
919 3665 966 3725 nie
996 3666 1048 3726 das
1077 3667 1152 3727 Bett
1177 3670 1310 3730 anderen
1339 3674 1462 3734 Scheins
1501 3676 1572 3736 trotz
1591 3679 1796 3739 Fröhlichkeit
1816 3682 1872 3742 und
1897 3684 2082 3744 Uebermut,
2101 3686 2268 3746 lenkunde,
2306 3686 2353 3746 die
2401 3688 2458 3748 vor
2492 3690 2544 3750 der
2583 3694 2840 3754 Dunkelkammer
2874 3699 2997 3759 unseres
3026 3704 3121 3764 lichen
3150 3707 3254 3767 Dienst

255 3694 367 3754 hüten.
397 3697 475 3757 Auch
510 3700 613 3760 mußte
643 3700 672 3760 er
702 3702 745 3762 sich
780 3703 927 3763 keinerlei
952 3706 1147 3766 Enthaltung

1176 3709 1239 3769 nur
1264 3712 1400 3772 Schmerz
1430 3714 1484 3774 und
1514 3715 1596 3775 leises
1626 3717 1748 3777 Weinen
1783 3720 1846 3780 sah.
1871 3720 1983 3780 Hinter
2008 3722 2057 3782 dem
2102 3723 2410 3783 Unterbewußtseins
2440 3727 2517 3787 nicht
2538 3729 2718 3789 haltmacht,
2739 3734 2806 3794 aufs
2831 3738 3003 3798 Kräftigste
3028 3742 3061 3802 er
3091 3744 3267 3804 „Leutnant

252 3732 280 3792 in
309 3735 399 3795 bezug
423 3738 480 3798 auf
499 3738 575 3798 seine
599 3741 809 3801 Lebensweise
833 3743 1028 3803 auferlegen.
1053 3744 1152 3804 Heute
1177 3746 1262 3806 bunt
1291 3751 1558 3811 fluktuierenden,
1587 3753 1648 3813 noch
1687 3755 1796 3815 immer
1830 3759 2068 3819 faszinierenden
2102 3762 2283 3822 unterstützt
2312 3762 2368 3822 und
2402 3764 2445 3824 die
2478 3766 2568 3826 rechte
2598 3771 2745 3831 Wirkung
2779 3773 2831 3833 der
2860 3775 2998 3835 Leistung

246 3774 418 3834 vormittag
474 3777 651 3837 unternahm
720 3780 884 3840 Schnitzler
939 3783 1002 3843 noch
1062 3782 1144 3842 einer

3022 3780 3085 3840 mit
3110 3783 3172 3843 war
3197 3783 3231 3843 er
3251 3785 3265 3845 g

1170 3786 1327 3846 Treiben,
1344 3789 1391 3849 dem
1428 3790 1522 3850 jedoch
1549 3792 1596 3852 der
1618 3792 1707 3852 starke
1729 3795 1807 3855 Sinn
1834 3796 1944 3856 fehlte,
1961 3800 2071 3860 grinste
2098 3800 2218 3860 Freuds
2256 3800 2281 3860 im
2329 3803 2524 3863 Bewußtsein
2567 3806 2619 3866 der
2651 3808 2893 3868 Allgemeinheit
2930 3816 2998 3876 vor=
3020 3818 3056 3878 er
3088 3819 3156 3879 Zeit
3183 3821 3277 3881 seines

249 3817 485 3877 Spaziergang,
517 3818 567 3878 von
609 3818 660 3878 dem
712 3820 743 3880 er
779 3822 866 3882 gegen
908 3824 949 3884 eif
985 3825 1046 3885 Uhr
1083 3826 1144 3886 nach
1181 3828 1231 3888 dem
1274 3829 1541 3889 Tieferblickenden
1572 3832 1618 3892 die
1644 3835 1741 3895 Fratze
1768 3835 1819 3895 der
1845 3837 2071 3897 Verzweiflung
2102 3838 2251 3898 bereitet.

3011 3855 3122 3915 blieb.
