3344 4320
137 270 159 330 2

1395 273 1521 333 Dox
1598 275 1777 335 43/3

294 285 778 345 schnitzler
838 285 876 345 s
944 282 1187 342 Deatl

1192 849 1901 909 OBSERVER

1280 903 1297 963 I.
1311 903 1435 963 österr.
1444 903 1595 963 behördl.
1609 903 1907 963 konzessioniertes

1226 945 1465 1005 Unternehmen
1498 943 1541 1003 für
1568 945 1955 1005 Zeitungs-Ausschnitte

1279 1002 1432 1062 WIEN,
1459 1007 1505 1067 I.,
1533 1004 1813 1064 WOLLZEILE
1861 1004 1907 1064 11

1378 1054 1595 1114 TELEPHON
1627 1055 1799 1115 R-23-0-43

1180 1198 1401 1258 Ausschnitt
1428 1198 1515 1258 aus:

1156 1422 1465 1482 Ausschnitt
1500 1428 1566 1488 aus

1251 1557 1551 1617 Würzburger
1592 1549 2010 1609 Generalanzeiger

1150 1709 1242 1769 Nr.
1256 1719 1348 1779 24.
1361 1721 1526 1781 S.vow.
1633 1727 1761 1787 2.7.
1774 1739 2044 1799 40193/

994 2141 1029 2201 kr.
1051 2139 1112 2199 245.
1133 2137 1143 2197 —
1186 2137 1335 2197 Samstag,
1356 2136 1403 2196 den
1429 2134 1475 2194 24.
1496 2130 1563 2190 Okt.
1585 2130 1662 2190 1931.
1683 2132 1698 2192 —
1755 2134 1859 2194 Seite
1895 2132 1952 2192 16.

1188 2265 1382 2325 Arthur
1428 2256 1712 2316 Schnitzler
1748 2249 1810 2309 *.

1192 2315 1243 2375 Zum
1279 2312 1352 2372 Tode
1375 2306 1422 2366 des
1444 2306 1557 2366 Wiener
1579 2304 1805 2364 Schriftstellers.

1075 2352 1141 2412 Eine
1175 2354 1396 2414 Persönlichkeit
1425 2349 1471 2409 der
1500 2348 1725 2408 Vorkriegszeit,
1751 2342 1829 2402 deren
1868 2338 1971 2398 Lebene

1009 2391 1092 2451 abend
1122 2389 1264 2449 kampflos
1294 2388 1344 2448 und
1369 2387 1448 2447 ruhig
1478 2384 1641 2444 dahinglitt,
1662 2381 1708 2441 hat
1729 2375 1855 2435 Abschied
1880 2372 1997 2432 genom¬

1003 2426 1058 2486 men
1090 2425 1132 2485 von
1160 2423 1234 2483 einer
1259 2421 1372 2481 Epoche,
1392 2420 1431 2480 die
1455 2420 1498 2480 dem
1534 2416 1596 2476 Stil
1616 2415 1659 2475 des
1679 2412 1848 2472 geistreichen
1876 2406 1985 2466 Wiener

1007 2460 1128 2520 Dichters
1158 2455 1241 2515 fremd
1271 2455 1414 2515 geworden
1448 2451 1489 2511 ist.
1528 2449 1582 2509 Der
1611 2448 1775 2508 bürgerliche
1804 2440 1913 2500 Verfall
1939 2439 1989 2499 und

1008 2493 1047 2553 die
1075 2491 1153 2551 müde
1177 2490 1283 2550 Anmut
1307 2488 1350 2548 des
1378 2487 1448 2547 alten
1480 2486 1656 2546 Oesterreichs
1689 2480 1775 2540 waren
1807 2477 1853 2537 das
1881 2473 1995 2533 Gebiet.

1010 2525 1054 2585 das
1085 2526 1192 2586 Arthur
1219 2522 1366 2582 Schnitzler
1398 2521 1549 2581 Probleme
1581 2517 1602 2577 zu
1638 2515 1705 2575 lösen
1741 2513 1807 2573 gab.
1848 2509 1901 2569 Die
1933 2506 1994 2566 Zeit

1016 2559 1063 2619 von
1102 2557 1162 2617 1890
1197 2557 1239 2617 bis
1274 2555 1339 2615 1914
1373 2554 1429 2614 war
1464 2554 1502 2614 ein
1541 2553 1665 2613 geistiges
1701 2547 1876 2607 Kampffeld,
1903 2542 1988 2602 dessen

1010 2596 1109 2656 Helden
1135 2593 1221 2653 Frank
1252 2590 1415 2650 Wedekind,
1433 2588 1536 2648 Arthur
1558 2586 1722 2646 Schnitzler,
1735 2583 1812 2643 Hugo
1838 2580 1886 2640 von
1916 2577 1998 2637 Hofs¬

1015 2629 1179 2689 mannsthal
1207 2625 1258 2685 und
1293 2625 1360 2685 viele
1391 2624 1493 2684 andere
1525 2620 1634 2680 waren,
1662 2617 1744 2677 denen
1780 2614 1873 2674 unsere
1905 2611 1971 2671 jung

1015 2662 1185 2722 Generation
1218 2659 1258 2719 ein
1294 2658 1379 2718 wenig
1416 2653 1635 2713 verständnislos
1668 2649 1907 2709 gegenübersteht,
1936 2643 2000 2703 weil

1015 2694 1077 2754 das,
1098 2695 1189 2755 wofür
1214 2694 1280 2754 diese
1305 2693 1446 2753 Menschen
1476 2690 1529 2750 ihre
1559 2687 1708 2747 Schlachten
1733 2683 1870 2743 schlugen,
1891 2679 1994 2739 gegen¬

1020 2733 1152 2793 standslos
1186 2730 1331 2790 geworden
1365 2728 1410 2788 ist.
1452 2724 1489 2784 Es
1523 2725 1593 2785 wäre
1627 2721 1809 2781 undankbar,
1835 2719 1863 2779 zu
1897 2718 1996 2778 sagen,

1029 3681 1085 3741 diese
1112 3679 1221 3739 Führer
1248 3676 1295 3736 von
1326 3676 1435 3736 damals
1466 3673 1553 3733 hätten
1588 3670 1627 3730 sich
1654 3667 1797 3727 überlebt.
1833 3665 1885 3725 Die
1916 3664 2007 3724 Zeiten

1037 3715 1084 3775 lach
1112 3713 1158 3773 uns
1186 3712 1288 3772 werden
1316 3709 1335 3769 in
1363 3708 1440 3768 ihnen
1468 3703 1605 3763 lebendige
1633 3700 1786 3760 Schilderer
1810 3697 1879 3757 einer
1903 3699 2001 3759 Epoch¬

1032 3750 1135 3810 finden,
1155 3747 1193 3807 die
1220 3745 1319 3805 ebenso
1347 3742 1531 3802 unerfreulich
1558 3737 1608 3797 wie
1635 3735 1734 3795 wichtig
1765 3733 1838 3793 war.

1091 3782 1192 3842 Arthur
1217 3778 1364 3838 Schnitzler
1388 3775 1490 3835 errang
1515 3773 1605 3833 seinen
1634 3769 1715 3829 ersten
1744 3766 1846 3826 großen
1879 3764 2013 3824 Bühnen¬

1029 3817 1105 3877 erfolg
1134 3816 1183 3876 mit
1204 3814 1248 3874 der
1273 3811 1407 3871 Tragödie
1436 3808 1603 3868 „Liebelei“.
1632 3804 1684 3864 Die
1709 3802 1917 3862 Sinnlosigkeit
1933 3798 2006 3858 einer

1032 3852 1164 3912 sorglosen
1193 3848 1265 3908 Zeit,
1287 3845 1343 3905 ihre
1367 3844 1561 3904 versteinerten
1586 3838 1691 3898 Gesetze
1715 3836 1763 3896 und
1793 3835 1833 3895 die
1857 3832 2010 3892 revolutio¬

1032 3885 1098 3945 näre
1123 3882 1252 3942 Jugend,
1277 3880 1318 3940 die
1348 3878 1418 3938 nicht
1443 3876 1493 3936 mit
1518 3873 1559 3933 sich
1593 3870 1643 3930 und
1672 3869 1746 3929 ihrer
1776 3868 1896 3928 Umwelt
1922 3865 2000 3925 fertig

1031 3918 1111 3978 wird,
1127 3920 1188 3980 gibt
1209 3915 1256 3975 das
1277 3914 1394 3974 Thema.
1427 3909 1515 3969 Ueber
1540 3907 1649 3967 weitere
1669 3903 1895 3963 Theatererfolge
1916 3900 2012 3960 „Frei¬

1033 3953 1128 4013 wild",
1158 3948 1404 4008 „Vermächtnis",
1430 3945 1507 4005 „Der
1539 3941 1637 4001 Grüne
1672 3938 1819 3998 Kakadu",
1849 3936 2012 3996 „Professos

1027 3987 1196 4047 Bernhardi“
1220 3985 1337 4045 gelangt
1358 3981 1401 4041 der
1425 3978 1511 4038 Autor
1535 3977 1558 4037 zu
1586 3975 1660 4035 einem
1697 3972 1779 4032 etwas
1807 3969 1920 4029 bitteren
1948 3968 2003 4028 Ton

1032 4017 1080 4077 der
1100 4020 1214 4080 sozialen
1246 4017 1396 4077 Tragödie,
1421 4014 1461 4074 die
1486 4010 1668 4070 schwermütig
1697 4007 1745 4067 und
1774 4004 1810 4064 ein
1842 4004 1927 4064 wenig
1956 4002 2016 4062 sen¬

1034 4054 1163 4114 timental
1191 4052 1215 4112 in
1250 4050 1297 4110 den
1333 4049 1438 4109 meisten
1478 4047 1564 4107 seiner
1600 4043 1694 4103 Werke
1729 4039 1914 4099 vorherrscht.
1957 4035 2008 4095 Die

1029 4088 1141 4148 Erfolge
1166 4085 1254 4145 seiner
1279 4083 1456 4143 erzählenden
1489 4079 1618 4139 Schriften
1651 4075 1703 4135 sind
1727 4074 1860 4134 vielleicht
1885 4071 2005 4131 wenigen

1033 4123 1250 4183 eindruchsvoll,
1275 4120 1339 4180 aber
1367 4118 1451 4178 gewiß
1488 4114 1670 4174 nachhaltiger
1698 4109 1722 4169 in
1755 4105 1831 4165 ihrer
1860 4106 1992 4166 Wirkung

1657 4139 1725 4199 nane
1752 4139 1895 4199 enthalten
1929 4138 2005 4198 einen
