3392 4384
185 384 302 444 12.
352 387 953 447 Schnitzler's
1023 385 1258 445 Death

1464 384 1599 444 box
1679 387 1870 447 43/1

1622 1847 1931 1907 RVER

1217 1854 1481 1914 OBS

1310 1909 1331 1969 I.
1345 1907 1466 1967 österr.
1479 1907 1626 1967 behördl.
1640 1904 1942 1964 konzessioniertes

1260 1948 1498 2008 Unternehmen
1529 1948 1580 2008 für
1607 1945 1991 2005 Zeitungs-Ausschnitte

1312 2008 1466 2068 WIEN,
1493 2010 1539 2070 I.,
1567 2008 1848 2068 WOLLZEILE
1896 2005 1942 2065 11

1414 2059 1626 2119 TELEPHON
1663 2057 1834 2117 R-23-0-43

1209 2202 1429 2262 Ausschnitt
1455 2203 1474 2263 a

1552 2358 1578 2418 2
1607 2359 1624 2419 3
1682 2364 1810 2424 OKT.
1830 2369 1921 2429 1937

1222 2426 1328 2486 vom:

1292 2502 1358 2562 Zum
1408 2504 1506 2564 Tode
1534 2509 1676 2569 Arthur
1710 2516 1945 2576 Schnitzlers.
1968 2520 2017 2580 (P.
2029 2525 2187 2585 Stf.-Tel.)

1268 2545 1447 2605 Schnißter,
1464 2549 1516 2609 ver
1543 2552 1600 2612 seit
1627 2555 1769 2615 mügerer
1802 2560 1870 2620 Zeit
1897 2562 1928 2622 an
1961 2567 2166 2627 Herzmuskel

1251 2588 1416 2648 entartung
1456 2593 1527 2653 litt,
1559 2596 1599 2656 ist
1631 2596 1719 2656 einem
1774 2603 2001 2663 Gehirnschlag
2042 2613 2188 2673 erlegen.

1258 2630 1315 2690 Der
1351 2632 1479 2692 Dichter
1520 2638 1604 2698 hatte
1640 2640 1710 2700 noch
1750 2641 1785 2701 am
1839 2647 1927 2707 Tage
1968 2650 2065 2710 zuvor
2105 2654 2175 2714 eine

1249 2675 1588 2735 Theateraufführung
1614 2686 1749 2746 besucht,
1771 2687 1849 2747 dann
1880 2689 1905 2749 in
1941 2692 2022 2752 einem
2067 2697 2179 2757 Stadt¬

1251 2718 1436 2778 restaurant
1467 2722 1496 2782 zu
1536 2725 1647 2785 Abend
1678 2731 1824 2791 gespeist,
1851 2732 1915 2792 und
1954 2736 1988 2796 am
2040 2742 2173 2802 Morgen

1246 2758 1290 2818 des
1322 2762 1522 2822 Todestages
1554 2770 1643 2830 selbst
1666 2771 1719 2831 bei
1742 2773 1835 2833 bestem
1876 2780 2031 2840 Befinden
2068 2785 2165 2845 seinen

1248 2805 1427 2865 gewohnten
1461 2811 1683 2871 Spaziergang
1714 2817 1981 2877 unternommen.
2011 2823 2053 2883 Am
2095 2829 2178 2889 Vor¬

1249 2844 1356 2904 mittag
1386 2851 1639 2911 zurückkehrend,
1661 2859 1776 2919 begann
1811 2861 1857 2921 er,
1880 2863 1939 2923 wie
1966 2867 2098 2927 immer,
2115 2871 2175 2931 sei¬

1241 2889 1299 2949 ner
1327 2893 1509 2953 Sekretärin
1546 2898 1572 2958 zu
1605 2901 1769 2961 diktieren,
1792 2907 1905 2967 stürzte
1933 2909 2005 2969 aber
2033 2913 2165 2973 plötzlich

1241 2933 1422 2993 bewußtlos
1453 2941 1629 3001 zusammen
1668 2943 1728 3003 und
1759 2946 1832 3006 starb
1867 2951 1987 3011 wenige
2018 2957 2164 3017 Stunden

1249 2976 1363 3036 später,
1390 2981 1473 3041 ohne
1509 2982 1539 3042 zu
1584 2984 1627 3044 sich
1668 2988 1839 3048 gekommen
1883 2994 1914 3054 zu
1954 2997 2037 3057 sein.
2077 3002 2156 3062 Sein

1249 3021 1352 3081 Sohn,
1371 3024 1425 3084 der
1453 3027 1674 3087 Schauspieler
1702 3030 1760 3090 und
1793 3037 1960 3097 Regisseur
1988 3038 2014 3098 in
2047 3043 2155 3103 Berlin

1240 3064 1284 3124 ist,
1302 3062 1412 3122 wurde
1439 3071 1655 3131 telegraphisch
1686 3075 1832 3135 berusen.
1864 3080 1921 3140 Die
1948 3083 2071 3143 Trauer
2098 3087 2155 3147 und

1234 3107 1430 3167 Bestürzung
1462 3111 1542 3171 über
1569 3115 1622 3175 den
1658 3117 1787 3177 Verlust
1819 3122 1868 3182 des
1904 3126 2064 3186 verehrten
2100 3131 2162 3191 und

1238 3150 1383 3210 geliebten
1419 3155 1560 3215 Mannes
1587 3157 1622 3217 ist
1645 3163 1826 3223 allgemein.
1844 3167 1887 3227 In
1919 3170 2007 3230 einem
2047 3173 2153 3233 kurzen

1236 3194 1371 3254 Nachruf
1396 3197 1468 3257 sagt
1492 3200 1599 3260 Franz
1628 3203 1763 3263 Wersel:
1788 3209 1875 3269 „Mit
1904 3212 2005 3272 seinem
2049 3218 2169 3278 Antlitz

1235 3239 1463 3299 verschwindet
1489 3241 1540 3301 der
1567 3244 1648 3304 letzte
1674 3248 1777 3308 Schein
1812 3252 1945 3312 unserer
1971 3258 2151 3318 verlorenen

1229 3280 1375 3340 Heimat,
1403 3283 1457 3343 der
1494 3287 1639 3347 Abglanz
1676 3289 1726 3349 des
1772 3293 1849 3353 alten
1895 3301 2077 3361 Oesterreich
2119 3304 2150 3364 in

1225 3322 1319 3382 tiefer
1352 3325 1461 3385 Nacht.
1493 3328 1556 3388 Ein
1589 3333 1707 3393 großes
1739 3337 1894 3397 Zeitalter
1926 3345 2026 3405 dieser
2054 3348 2154 3408 Stadt

1230 3367 1300 3427 siukt
1323 3368 1380 3428 mit
1403 3370 1527 3430 Arthur
1554 3376 1718 3436 Schnitzler
1745 3379 1794 3439 ins
1821 3382 1940 3442 Grab.“
