3392 4352
471 208 584 268 „Mein
620 207 710 267 liedes
745 206 824 266 Kind
871 204 893 264 —
940 209 1008 269 Jch
1033 207 1111 267 will
1124 207 1191 267 mir
1216 207 1570 267 vorsglualicherweise
1595 210 1650 270 auf
1675 211 1765 271 einer
1789 214 1891 274 Rese
1915 214 1959 274 zum
2008 213 2144 273 dondad
2168 213 2212 273 tan
2259 213 2361 273 denen
2385 216 2464 276 e

2531 225 3029 285 .

405 248 488 308 allem
528 248 577 308 den
602 248 714 308 Schluß
740 249 911 309 anschaun.
927 247 936 307 —
985 251 1074 311 „Also
1099 249 1275 309 nochmals,
1300 249 1374 309 oder
1404 249 1467 309 nach
1502 249 1689 309 Schottland

1797 257 1862 317 Ja,
1886 255 1937 315 der
1970 255 2048 315 hat's
2077 256 2151 316 gut,
2175 255 2370 315 vorgestelli?
2417 257 2477 317 Sie
2501 257 2593 317 kennt
2612 257 2658 317 sich
2687 258 2747 318 doch
2771 262 2798 322 in
2827 265 2915 325 diesen
2948 267 3026 327 Din¬

409 291 458 351 sei
479 291 533 351 uns
564 291 644 351 nicht
665 293 745 353 bose,
761 294 840 354 mein
866 294 956 354 liebes
987 292 1072 352 gutes
1102 292 1183 352 Kind
1208 292 1263 352 und
1299 291 1353 351 der
1384 291 1525 351 ekelhafte
1555 293 1635 353 Kerl
1661 294 1671 354 —
1727 295 1806 355 „und
1842 294 1877 354 ist
1903 296 2028 356 absolut
2059 295 2148 355 uner¬

2168 297 2224 357 gen
2256 297 2307 357 nie
2328 297 2405 357 aus.
2422 297 2437 357 —
2489 303 2597 363 „Also,
2614 304 2701 364 sprich
2728 305 2826 365 sofort
2847 307 2903 367 mit
2930 309 3033 369 Dors¬

153 321 229 381 ne

412 328 457 388 sei
489 334 688 394 tausendmal

726 327 767 387 —
844 333 890 393 Um
932 334 1044 394 Gottes
1081 337 1203 397 willen,
1230 335 1265 395 sie
1296 334 1450 394 reichbar,
1471 336 1650 396 wenigstens
1682 338 1727 398 für
1754 339 1805 399 den
1841 339 2005 399 Moment.
2026 340 2067 400 An
2098 341 2144 401 die
2175 339 2252 399 day,
2278 340 2313 400 ich
2350 342 2514 402 beschwöre
2545 344 2601 404 dich
2643 347 2699 407 und
2730 351 2956 411 ielegraphiere
2987 353 3028 413 so¬

406 375 532 435 werden
559 376 606 436 sich
633 378 696 438 doch
723 378 796 438 nicht
817 377 1017 437 umgebracht
1039 377 1154 437 haben!
1176 377 1270 437 Nein,
1298 379 1466 439 Kollegen,
1493 380 1613 440 speziell
1640 380 1708 440 Dr.
1735 382 1829 442 Sch.,
1856 383 1903 443 der
1941 383 2030 443 Papa
2062 384 2140 444 schon

2170 383 2253 443 fort,
2273 383 2327 443 wie
2352 385 2381 445 es
2411 388 2597 448 ausgefallen
2633 388 2681 448 ist.
2702 389 2765 449 Vor
2790 392 2888 452 Tante
2913 395 3021 455 Emma

471 419 496 479 in
528 420 575 480 dem
617 420 689 480 Fall
710 422 772 482 wär
799 422 840 482 ein
872 422 1058 482 Telegramm
1101 422 1152 482 von
1184 422 1272 482 Rudi

1292 414 1375 474 öfter
1400 422 1600 482 ausgeholfen
1635 421 1703 481 hat“
1728 418 1742 478 —
1792 426 1958 486 Herrgott,
1983 428 2036 488 wie
2061 427 2139 487 stehn
2179 426 2227 486 laß
2262 425 2306 485 dir
2341 427 2374 487 um
2424 430 2536 490 Gottes
2571 431 2668 491 willen
2708 433 2801 493 nichts
2835 435 2972 495 merken,
2997 437 3026 497 es

153 448 190 508 ie
216 449 329 509 Stirn,
355 450 386 510 sie

594 464 712 524 „Mein
747 464 840 524 liebes
875 464 978 524 Kind,
998 464 1032 524 du
1072 464 1180 524 kann't
1205 464 1268 524 mir

1296 464 1355 524 wir
1386 464 1415 524 da
1451 464 1460 524 —
1516 465 1571 525 „ist
1596 466 1681 526 nicht
1707 467 1791 527 mehr
1817 470 1847 530 zu
1882 471 2012 531 denken,
2033 473 2087 533 seit
2113 471 2143 531 er
2173 470 2213 530 ist
2238 470 2263 530 ja
2299 470 2418 530 traurig
2449 473 2569 533 genug,
2589 476 2644 536 daß
2680 476 2744 536 man
2780 476 2830 536 sich
2860 479 2890 539 in
2926 482 3010 542 einem

157 500 186 560 hr
211 500 260 560 zu,
275 500 387 560 nimmt

412 508 567 568 glauben,
592 506 647 566 wie
673 508 733 568 leid
764 506 793 566 es
824 506 883 566 mir
915 509 979 569 tut,
1000 509 1055 569 daß
1085 507 1125 567 ich
1156 508 1206 568 dir
1232 507 1261 567 in
1297 506 1346 566 sich
1382 506 1492 566 wieder
1513 509 1704 569 verheiratet
1725 510 1794 570 hat“
1825 509 1834 569 —
1880 512 1945 572 also
1971 512 2036 572 was
2062 516 2151 576 denn,

2175 511 2283 571 solchen
2313 514 2386 574 Fall
2402 515 2436 575 an
2466 516 2510 576 die
2535 518 2638 578 eigene
2658 519 2826 579 Schwester
2851 521 2929 581 nicht
2950 521 3032 581 wen¬

164 552 206 612 .):
227 548 264 608 Er
291 548 386 608 ist...
413 551 502 611 deine
524 551 645 611 schönen
677 551 931 611 Ferialwochen“
963 546 973 606 —
1026 551 1084 611 Als
1111 551 1195 611 wenn
1228 553 1253 613 id

1294 551 1362 611 was
1389 551 1484 611 denn,
1512 551 1575 611 was
1607 553 1693 613 wollt
1721 553 1766 613 ihr
1794 553 1870 613 denn
1907 553 1961 613 von
1993 556 2074 616 mir?
2107 552 2120 612 -

2166 553 2225 613 den
2255 553 2347 613 kann,
2373 556 2441 616 aber
2462 558 2495 618 da
2521 559 2629 619 könnte
2659 559 2722 619 man
2752 562 2776 622 ja
2806 565 2973 625 ebensogut
2994 565 3018 625 zu

407 592 492 652 nicht
513 592 629 652 immer
655 593 765 653 Ferien
796 592 877 652 hätt,
898 593 988 653 leider
1014 592 1028 652 —
1080 595 1160 655 „mit
1186 595 1246 655 eine

1295 596 1383 656 „Und
1413 595 1441 655 da
1476 595 1510 655 ist
1535 595 1598 655 nun
1628 597 1691 657 dein
1726 598 1818 658 Brief
1843 598 2039 658 gekommen,
2059 600 2137 660 mein
2176 598 2259 658 einem
2299 600 2391 660 Stein
2421 601 2529 661 reden.
2568 603 2656 663 Mein
2686 605 2798 665 liebes,
2813 607 2827 667 l
2837 607 2905 667 ebes
2935 611 3032 671 Kind,

408 637 437 697 so
472 637 733 697 unangenehmen
769 637 936 697 Nachricht
966 637 1183 697 hineinplatze.

1288 636 1386 696 liebes
1421 637 1524 697 Kind,
1550 637 1593 697 wo
1628 640 1658 700 du
1702 640 1796 700 unter
1826 641 1958 701 anderen
1998 643 2145 703 Dorsdar

2175 641 2234 701 mir
2254 640 2303 700 tut
2323 643 2352 703 es
2383 643 2407 703 ja
2433 644 2457 704 so
2487 646 2560 706 leid,
2581 646 2630 706 daß
2660 646 2689 706 ou
2720 648 2749 708 in
2774 649 2882 709 deinen
2913 652 3021 712 jungen

407 682 509 742 Einen
541 682 741 742 furchtbaren
778 680 850 740 Stil
876 679 1004 739 schreibt
1051 682 1169 742 Mama

1289 681 1464 741 erwähnst,
1489 682 1539 742 der
1570 682 1619 742 sich
1655 685 1720 745 auch
1756 685 1786 745 im
1832 685 1977 745 Fratazza
2012 690 2137 750 aufhält

2170 685 2300 745 Jahren
2336 686 2427 746 solche
2463 688 2568 748 Dinge
2599 690 2780 750 mitmachen
2822 694 2928 754 mußt.
2958 697 3028 757 aber

162 694 291 754 sprechen
328 691 383 751 Sie

403 726 513 786 „Aber
546 724 617 784 nach
651 725 805 785 reiflicher
839 725 1031 785 Überlegung
1070 724 1169 784 bleibt
1197 724 1257 784 mir
1291 724 1356 784 und
1384 725 1433 785 das
1467 726 1505 786 ist
1528 726 1582 786 uns
1627 727 1681 787 wie
1721 727 1764 787 ein
1809 728 2062 788 Schicksalswink
2096 731 2145 791 er=
2173 728 2266 788 glaub
2300 729 2376 789 mir,
2399 731 2448 791 der
2476 732 2564 792 Papa
2597 732 2635 792 ist
2658 733 2707 793 zum
2752 736 2922 796 geringsten
2956 739 3027 799 Teil

399 766 537 826 wirklich
569 768 669 828 nichts
696 768 829 828 anderes
861 768 972 828 übrig.
994 768 1084 828 Also,
1105 769 1174 829 kurz
1201 768 1259 828 und

1293 765 1447 825 schienen.
1489 768 1541 828 Du
1577 769 1675 829 weißt
1702 770 1747 830 ja,
1774 768 1830 828 wie
1862 771 1903 831 oft
1930 774 2079 834 Dorsday
2116 774 2141 834 in

2179 771 2267 831 selber
2298 771 2390 831 daran
2431 773 2559 833 schuld.“
2594 768 2603 828 —
2663 776 2731 836 Wer
2766 777 2865 837 denn.
2890 778 3003 838 Mama

409 812 480 872 gut,
507 810 552 870 die
584 812 681 872 Sache
717 810 773 870 mit
804 812 891 872 Papa
923 810 958 870 ist
984 810 1061 870 akut
1087 811 1266 871 geworden.
1293 810 1436 870 fruheren
1468 813 1590 873 Jahren
1617 814 1642 874 zu
1673 813 1729 873 uns
1755 813 1929 873 gekommen
1961 813 2012 873 ist“
2048 813 2063 873 -
2094 816 2130 876 na

2230 816 2345 876 „Nun,
2367 816 2467 876 hoffen
2500 816 2557 876 wir
2579 816 2604 876 zu
2637 819 2732 879 Gott,
2754 822 2806 882 daß
2833 822 2880 882 der
2907 825 3017 885 Prozeß

211 837 270 897 Ich
307 837 378 897 weiß

411 859 468 919 Ich
500 852 573 912 weiß
605 855 663 915 mir
689 855 773 915 nicht
795 855 820 915 zu
852 855 957 915 raten,
978 855 1041 915 noch
1073 855 1099 915 zu
1131 855 1246 915 helfen.

1287 855 1351 915 gar
1373 855 1399 915 so
1427 855 1469 915 oft
1497 855 1507 915 —
1557 857 1605 917 „es
1638 859 1675 919 ist
1697 855 1745 915 der
1773 857 1859 917 reine
1887 859 2010 919 Zufall,
2027 860 2081 920 daß
2114 858 2140 918 er
2173 858 2400 918 Erbesheimer
2427 860 2453 920 in
2486 860 2567 920 jeder
2595 861 2729 921 Hinsicht
2757 864 2838 924 einen
2871 867 3032 927 Abschnitt

197 883 252 943 Sie
270 884 319 944 ...
348 885 370 945 id

462 895 562 955 Wozu
599 899 641 959 die
667 897 762 957 vielen
794 897 920 957 Worte?
952 893 962 953 —
1036 896 1104 956 „Es
1136 897 1263 957 handelt
1290 897 1342 957 sich
1374 897 1426 957 seit
1453 899 1542 959 zwei,
1580 900 1653 960 drei
1674 900 1800 960 Jahren
1853 903 1985 963 seltener
2038 904 2137 964 blicken
2175 903 2206 963 in
2238 900 2364 960 unserer
2391 903 2527 963 Existenz
2554 905 2707 965 bedeutet.
2750 907 2823 967 Nür
2850 908 2928 968 über
2955 909 3028 969 diese

178 930 239 990 das
268 933 377 993 gekom¬

407 939 458 999 sich
510 939 551 999 um
624 942 690 1002 eine
748 940 1037 1000 verhältnismäßig

1090 942 1256 1002 lächerliche
1290 942 1378 1002 läßt;
1401 942 1428 1002 er
1456 942 1505 1002 soll
1534 942 1555 1002 in
1583 942 1717 1002 ziemlich
1745 945 1833 1005 festen
1861 945 1994 1005 Banden
2022 948 2077 1008 sein

2167 944 2249 1004 paar
2276 945 2400 1005 Wochen
2438 945 2552 1005 müssen
2604 947 2666 1007 wir
2713 950 2832 1010 hinaus
2859 950 2942 1010 sein.
2984 953 3025 1013 Es

186 980 297 1040 Mizzi)
343 979 370 1039 du

404 983 543 1043 Summe
570 983 579 1043 —
627 983 880 1043 dreißigtausend
911 982 1051 1042 Gulden“

1086 977 1095 1037 —
1146 984 1257 1044 lächer=
1293 983 1384 1043 unter
1410 984 1490 1044 uns,
1516 986 1607 1046 nichts
1637 986 1697 1046 sehr
1728 985 1860 1045 Feines“
1891 983 1900 1043 —
1956 989 2067 1049 warum

2166 986 2256 1046 wäre
2281 986 2343 1046 doch
2372 988 2414 1048 ein
2453 988 2573 1048 wahrer
2597 992 2707 1052 Hohn,
2727 992 2812 1052 wenn
2846 995 2947 1055 wegen
2976 995 3023 1055 der

407 1027 482 1087 lich?
515 1025 531 1085 —
596 1029 665 1089 „die
704 1028 730 1088 in
768 1028 838 1088 drei
871 1028 972 1088 Tagen
1017 1028 1264 1088 herbeigeschafft
1292 1028 1404 1088 „unter
1426 1027 1528 1087 uns?"
1556 1027 1567 1087 —
1616 1030 1685 1090 „Im
1723 1031 1938 1091 Residenzklub
1982 1034 2035 1094 hat
2058 1032 2138 1092 Pap¬

2167 1031 2420 1091 dreißigtausend
2447 1033 2568 1093 Gulden
2606 1034 2652 1094 ein
2685 1037 2816 1097 Unglück
2838 1037 3017 1097 geschäke?"

407 1070 466 1130 sein
499 1070 634 1130 müssen,
656 1070 737 1130 sonst
760 1070 797 1130 ist
820 1070 895 1130 alles
928 1070 1090 1130 verloren.

1145 1067 1154 1127 —
1195 1070 1239 1130 Um
1280 1073 1370 1133 jeden
1407 1073 1617 1133 Donnerstag
1659 1073 1723 1133 noch
1764 1074 1879 1134 immer
1916 1077 1995 1137 seine
2031 1079 2146 1139 Whist¬

167 1079 256 1139 fall-

2227 1071 2288 1131 Sie
2317 1076 2416 1136 meint
2439 1076 2506 1136 doch
2535 1076 2618 1136 nicht
2646 1079 2668 1139 im
2713 1081 2825 1141 Ernst,
2848 1082 2898 1142 daß
2932 1083 3015 1143 Para

402 1112 520 1172 Gottes
552 1113 675 1173 willen,
696 1115 763 1175 was
794 1115 876 1175 heißt
903 1112 979 1172 das?
1006 1110 1015 1170 —
1068 1115 1181 1175 „Denk
1202 1115 1248 1175 dir

1289 1116 1389 1176 partie
1421 1117 1483 1177 mit
1510 1116 1589 1176 ihm,
1616 1115 1673 1175 und
1705 1116 1732 1176 im
1785 1119 1979 1179 verflossenen
2016 1119 2137 1179 Winter
2175 1118 2222 1178 sich
2249 1118 2343 1178 selber
2365 1118 2443 1178 ...
2465 1119 2543 1179 Aber
2570 1121 2654 1181 wäre
2676 1121 2686 1181 —
2734 1123 2786 1183 das
2813 1127 2923 1187 andere
2950 1127 3028 1187 nicht

406 1156 488 1216 mein
516 1156 660 1216 geliebtes
694 1156 793 1216 Kind,
816 1157 865 1217 daß
894 1156 943 1216 der
972 1156 1076 1216 Baron
1104 1159 1248 1219 Höning"

1287 1156 1342 1216 hat
1370 1159 1402 1219 er
1430 1159 1479 1219 ihm
1524 1159 1551 1219 im
1601 1159 1717 1219 Prozeß
1751 1161 1839 1221 gegen
1884 1162 1966 1222 einen
1999 1162 2131 1222 anderen
2171 1160 2242 1220 noch
2276 1161 2468 1221 schlimmer?
2502 1160 2512 1220 —
2574 1166 2668 1226 „Nun
2701 1167 2822 1227 schließe
2856 1168 2910 1228 ich,
2939 1168 3015 1228 mein

470 1199 546 1259 wie,
563 1200 612 1260 der
641 1198 905 1258 Staatsanwalt?
933 1200 944 1260 —
994 1200 1065 1260 „sich
1093 1203 1164 1263 heit
1187 1201 1253 1261 früh
1286 1201 1523 1261 Kunsthändler
1557 1202 1601 1262 ein
1656 1203 1800 1263 hübsches
1856 1204 1954 1264 Stück
1982 1208 2064 1268 Geld
2093 1206 2142 1266 ge¬

2168 1204 2267 1264 Kind,
2290 1204 2328 1264 ich
2356 1206 2455 1266 hoffe,
2472 1206 2504 1266 du
2538 1206 2627 1266 wirst
2650 1210 2737 1270 unter
2766 1212 2842 1272 allen
2876 1213 3025 1273 Umstän¬

170 1222 249 1282 ist..

403 1243 456 1303 den
494 1245 580 1305 Papa
613 1243 666 1303 hat
699 1243 833 1303 kommen
871 1245 978 1305 lassen.
1006 1246 1054 1306 Du
1092 1246 1188 1306 weißt
1216 1246 1259 1306 ja,
1286 1246 1393 1306 rettet.
1432 1246 1479 1306 Im
1518 1246 1668 1306 übrigen,
1690 1246 1797 1306 warum
1841 1249 1921 1309 sollst
1943 1249 1975 1309 du
2003 1250 2034 1310 es
2062 1251 2142 1311 nicht
2164 1249 2244 1309 den“
2277 1248 2287 1308 —
2347 1248 2444 1308 Unter
2482 1249 2562 1309 allen
2606 1253 2821 1313 Umständen?
2859 1255 2869 1315 —
2929 1256 3015 1316 „noch

403 1285 465 1345 wie
488 1288 532 1348 der
556 1287 662 1347 Baron
691 1286 741 1346 den
770 1288 854 1348 Papa
877 1288 1063 1348 hochschätzt,
1081 1293 1125 1353 ja,
1137 1289 1261 1349 gerade¬
1290 1290 1413 1350 wissen,
1436 1291 1470 1351 er
1498 1290 1532 1350 ist
1561 1288 1639 1348 schon
1668 1291 1780 1351 früher
1809 1292 1927 1352 einmal
1956 1294 2006 1354 dem
2052 1294 2136 1354 Papo

2168 1291 2243 1351 über
2282 1291 2325 1351 die
2358 1291 2542 1351 Feiertage,
2575 1294 2640 1354 wen
2663 1298 2760 1358 gstens
2799 1297 2847 1357 bis
2885 1299 3015 1359 nounten

188 1318 254 1378 (Sie
292 1318 363 1378 droh

407 1335 434 1395 zu
462 1333 555 1393 liebt.
572 1332 639 1392 Vor
661 1330 848 1390 anderthalb
877 1333 1020 1393 Jahren,
1042 1333 1186 1393 damals,
1203 1333 1258 1393 wie
1291 1333 1567 1393 beigesprungen.“
1607 1329 1617 1389 —
1673 1332 1739 1392 Hab
1772 1334 1810 1394 ich
1850 1336 1910 1396 mir
1938 1337 2076 1397 gedacht.

2161 1334 2236 1394 oder
2258 1333 2383 1393 zehnten
2416 1336 2443 1396 in
2471 1336 2541 1396 San
2568 1340 2715 1400 Mariino
2743 1342 2862 1402 biciben
2895 1343 3025 1403 können.

150 1368 180 1428 t
206 1367 249 1427 dem
287 1367 361 1427 Theo

400 1374 437 1434 es
464 1374 534 1434 auch
567 1374 598 1434 n
637 1374 722 1434 einem
760 1374 846 1434 Haar
873 1374 1029 1434 gehangen
1062 1377 1131 1437 hat,
1153 1377 1201 1437 hat
1223 1377 1255 1437 er
1288 1377 1352 1437 „Es
1385 1377 1438 1437 hat
1471 1376 1519 1436 sich
1552 1374 1675 1434 damals
1713 1377 1750 1437 um
1800 1377 1863 1437 eine
1896 1379 2057 1439 Bagatelle
2090 1381 2138 1441 ge=
2171 1377 2407 1437 Unseretwegen
2462 1379 2558 1439 mußt
2596 1380 2633 1440 du
2688 1385 2876 1445 keineswgs
2909 1389 3026 1449 zurück.

400 1419 571 1479 persönlich
599 1418 659 1478 mit
682 1416 731 1476 den
760 1419 1053 1479 Hauptgläubigern
1081 1422 1252 1482 gesprocher

1283 1419 1431 1479 handelt,
1447 1420 1637 1480 achttausend
1664 1422 1786 1482 Gulden
1818 1420 1828 1480 —
1881 1422 1950 1482 aber
1977 1425 2135 1485 schließlich

2167 1421 2277 1481 Grüße
2300 1422 2347 1482 die
2374 1424 2490 1484 Tante,
2512 1425 2548 1485 sei
2575 1425 2633 1485 nur
2655 1425 2760 1485 weiter
2793 1428 2855 1488 nett
2882 1428 2940 1488 mit
2962 1434 3025 1494 ihr.

149 1464 264 1524 odor):
292 1464 374 1524 Blei=
413 1462 468 1522 und
496 1461 540 1521 die
563 1461 661 1521 Sache
684 1461 750 1521 noch
773 1461 800 1521 im
839 1461 932 1521 letzten
960 1461 1109 1521 Moment
1132 1464 1153 1524 in
1181 1463 1263 1523 Ord=
1287 1459 1347 1519 —,
1364 1464 1479 1524 dreißig
1507 1464 1650 1524 bedeuten
1684 1464 1739 1524 für
1767 1464 1910 1524 Dorsday
1938 1468 2009 1528 auch
2038 1468 2136 1528 keinen

2168 1467 2234 1527 Also
2262 1467 2439 1527 nochmals,
2462 1467 2500 1527 sei
2523 1469 2583 1529 uns
2611 1470 2688 1530 nicht
2717 1472 2799 1532 böse,
2822 1473 2899 1533 mein
2927 1476 3015 1536 gutes

403 1508 487 1568 nung
516 1505 668 1565 gebracht.
691 1504 769 1564 Aber
798 1506 933 1566 diesmal
956 1507 989 1567 ist
1013 1506 1142 1566 absolut
1160 1507 1255 1567 nichts
1284 1506 1424 1566 Betrag.
1464 1507 1577 1567 Darum
1628 1508 1678 1568 hab
1707 1508 1746 1568 ich
1787 1508 1848 1568 mir
1871 1511 2012 1571 gedacht,
2035 1513 2068 1573 ob
2102 1514 2130 1574 du
2170 1510 2271 1570 Kind,
2289 1511 2350 1571 und
2374 1512 2413 1572 sei
2436 1512 2650 1572 tausendmal"
2673 1514 2689 1574 —
2735 1517 2779 1577 ja,
2803 1519 2853 1579 das
2876 1521 2954 1581 weiß
2977 1521 3016 1581 ich

148 1515 279 1575 Meinen
313 1515 372 1575 Sie

406 1553 432 1613 zu
464 1550 601 1610 machen,
617 1547 707 1607 wenn
734 1547 786 1607 das
813 1549 891 1609 Geld
918 1550 992 1610 nicht
1013 1548 1150 1608 beschafft
1171 1549 1260 1609 wird.
1288 1548 1350 1608 uns
1377 1548 1456 1608 nicht
1478 1547 1519 1607 die
1541 1549 1630 1609 Liebe
1657 1550 1794 1610 erweisen
1826 1554 1884 1614 und
1911 1556 1968 1616 mit
1990 1556 2137 1616 Dorsday

2169 1553 2274 1613 schon.

152 1562 380 1622 schweigen...

403 1593 472 1653 Und
505 1595 667 1655 abgesehen
706 1592 824 1652 davon,
852 1592 906 1652 daß
944 1592 1004 1652 wir
1031 1592 1090 1652 alle
1123 1595 1242 1655 ruinier

1286 1592 1370 1652 reden
1403 1592 1567 1652 könntest."
1599 1590 1609 1650 —
1658 1594 1763 1654 Was?
1791 1592 1801 1652 —
1854 1596 1949 1656 „Dich
1977 1601 2029 1661 hat
2056 1601 2082 1661 er
2109 1600 2135 1660 ja

2908 1601 2993 1661 .——

153 1609 226 1669 eiter
258 1610 355 1670 wissen

407 1637 485 1697 sind,
507 1637 585 1697 wird
618 1637 649 1697 es
681 1637 723 1697 ein
755 1635 913 1695 Skandal,
934 1637 992 1697 wie
1019 1637 1050 1697 er
1083 1637 1145 1697 noch
1177 1637 1256 1697 nicht
1289 1637 1404 1697 immer
1426 1637 1589 1697 besonders
1616 1637 1684 1697 gern
1716 1637 1853 1697 gehabt."
1885 1637 1895 1697 —
1948 1643 2016 1703 Hab
2043 1641 2121 1701 nicht

188 1661 235 1721 hat
266 1661 295 1721 er
326 1660 362 1720 sic

399 1676 438 1736 da
469 1679 550 1739 war.
565 1679 656 1739 Denk
677 1679 742 1739 dir,
758 1679 803 1739 ein
834 1679 990 1739 Advokat,
1006 1679 1051 1739 ein
1082 1682 1258 1742 berühmter

1287 1681 1383 1741 davon
1417 1682 1563 1742 gemerkt.
1606 1682 1671 1742 Die
1699 1682 1823 1742 Wange
1857 1685 1910 1745 hat
1938 1685 1970 1745 er
1998 1688 2062 1748 mir
2090 1685 2138 1745 ge¬

2173 1692 2246 1752 (Der
2285 1698 2395 1758 Zyklus
2443 1700 2620 1760 „Lebendige
2649 1700 2806 1760 Stunden"
2854 1703 2908 1763 uro
2956 1703 3011 1763 das

403 1722 560 1782 Advokat,
578 1721 589 1781 —
634 1722 701 1782 der,
719 1722 730 1782 —
781 1721 870 1781 nein,
882 1723 922 1783 ich
945 1724 1018 1784 kann
1046 1725 1074 1785 es
1103 1725 1153 1785 gar
1176 1724 1254 1784 nicht
1283 1725 1452 1785 streichelt,
1475 1725 1531 1785 wie
1560 1722 1599 1782 ich
1633 1724 1728 1784 zwölf
1757 1726 1824 1786 oder
1859 1727 1994 1787 dreizehn
2028 1729 2135 1789 Jahre
2169 1737 2343 1797 Schauspiel
2372 1737 2524 1797 „Liebelei"
2559 1737 2609 1797 sind
2643 1739 2665 1799 im
2705 1740 2750 1800 S.
2767 1741 3003 1801 Fischer=Verlag

175 1753 262 1813 nicht.

403 1765 684 1825 niederschreiben.
728 1765 788 1825 Ich
822 1765 937 1825 kämpfe
972 1765 1081 1825 immer
1115 1767 1175 1827 mit
1198 1768 1247 1828 den
1286 1768 1335 1828 alt
1363 1767 1451 1827 war.
1496 1768 1617 1828 „Schon
1656 1765 1700 1825 ein
1734 1771 1843 1831 ganzes
1877 1770 2058 1830 Fraulein"
2092 1771 2108 1831 -

2162 1771 2285 1831 Berlin,
2307 1772 2348 1832 die
2374 1774 2487 1834 Novelle
2520 1777 2674 1837 „Fräulein
2701 1775 2783 1835 Else"
2815 1778 2845 1838 ist
2867 1780 2892 1840 im
2934 1782 3017 1842 Pau¬

169 1806 220 1866 —?
236 1804 303 1864 Wer
326 1807 370 1867 ihn
409 1812 550 1872 Tränen.
574 1813 625 1873 Du
657 1813 761 1873 weißt
785 1813 829 1873 ja,
852 1814 956 1874 Kind,
972 1815 1009 1875 du
1040 1815 1099 1875 bist
1122 1816 1151 1876 ja
1183 1817 1265 1877 klug,
1288 1815 1377 1875 „Und
1408 1815 1437 1875 da
1461 1816 1550 1876 Papa
1581 1814 1632 1874 seit
1656 1813 1708 1873 den
1732 1816 1926 1876 achttausend
1949 1818 2136 1878 glücklicher¬

2289 1813 2560 1873 Zsolnay=Verlag,
2583 1813 2679 1873 Wien,
2709 1816 2893 1876 erschienen.)

1465 2078 1813 2138 Arthur
1862 2083 2424 2143 Schnitzlers

2637 2088 2874 2148 ttwil

1424 2275 2081 2335 Versagung.
2120 2279 3081 2339 Begradniskehtel

2073 2460 2178 2520 Ki

2302 2459 2435 2519 sse.

1406 2561 1500 2621 Das
1526 2568 1743 2628 dadurch
1780 2571 2009 2631 ersparte
2035 2569 2154 2629 Geld
2191 2568 2312 2628 wird
2349 2574 2723 2634 Spitalzwecken
2760 2577 3121 2637 zugewendet.

1508 2655 1665 2715 Heute
1715 2658 1946 2718 mittags
1984 2658 2300 2718 Bestattung
2352 2660 2447 2720 auf
2485 2661 2569 2721 dem
2645 2661 2912 2721 Zentralfr
2950 2662 3131 2722 edhof.

1428 2724 1493 2784 Der
1524 2726 1648 2786 Sohn
1693 2727 1818 2787 Arthur
1863 2729 2158 2789 Schnitzlers,
2189 2729 2239 2789 der
2270 2730 2416 2790 bunden,
2439 2732 2490 2792 daß
2521 2732 2572 2792 das
2603 2734 2808 2794 Burgtheater
2839 2733 2875 2793 um
2920 2734 2963 2794 den
3001 2734 3126 2794 Dichier

1382 2770 1608 2830 Schauspieler
1647 2772 1701 2832 und
1735 2771 1901 2831 Regisseur
1935 2772 2072 2832 Heinrich
2106 2770 2249 2830 Schnitz=
2277 2773 2337 2833 wie
2365 2774 2398 2834 um
2443 2774 2525 2834 einen
2559 2775 2608 2835 der
2636 2776 2752 2836 Seinen
2780 2776 2923 2836 trauert.

1386 2814 1450 2874 ler,
1472 2813 1526 2873 der
1554 2814 1667 2874 gestern
1700 2813 1760 2873 aus
1793 2816 1901 2876 Berlin
1940 2815 1966 2875 in
1999 2813 2086 2873 Wien
2119 2818 2237 2878 eintraf

2311 2816 2380 2876 Der
2409 2819 2613 2879 akademische
2642 2819 2747 2879 Maler
2783 2821 2832 2881 Leo
2868 2822 2973 2882 Deutz
2995 2822 3050 2882 hot
3079 2821 3128 2881 die

1382 2855 1535 2915 übergibt
1564 2856 1614 2916 der
1643 2858 1875 2918 Öffentlichkeit
1904 2860 1949 2920 die
1978 2861 2136 2921 folgenden
2171 2860 2249 2920 letzt¬

2274 2861 2582 2921 Totenmaske
2616 2863 2665 2923 des
2704 2864 2847 2924 Dichters
2886 2864 3134 2924 abgenommen.

1386 2900 1524 2960 willigen
1558 2901 1779 2961 Verfügungen
1814 2901 1868 2961 aus
1897 2903 1946 2963 dem
1985 2904 2118 2964 Nachlaß
2146 2906 2223 2966 seine

2311 2901 2384 2961 Der
2415 2906 2766 2966 Journalisten-
2809 2907 2895 2967 und
2939 2909 3129 2969 Schrift¬

1382 2941 1527 3001 Vaters,
1544 2944 1603 3004 und
1652 2944 1749 3004 bittet
1793 2945 1819 3005 im
1863 2947 1987 3007 Namen
2020 2947 2090 3007 aller
2118 2950 2247 3010 Hinter¬

2270 2948 2602 3008 stellerverein
2644 2950 2955 3010 „Concordia"
2991 2950 3128 3010 verlaut¬

1389 2986 1571 3046 bliebenen,
1612 2989 1656 3049 die
1683 2989 1833 3049 Wünsche
1880 2991 1931 3051 des
1964 2990 2154 3050 Verewigten
2213 2993 2238 3053 zu

2275 2990 2367 3050 bart:

1383 3031 1512 3091 achten.

2317 3033 2417 3093 Unser
2446 3035 2832 3095 Ehrenmitglied
2888 3038 2960 3098 Dr.
2998 3040 3126 3100 Arthur

2265 3077 2517 3137 Schnitzler
2560 3079 2602 3139 ist
2639 3081 2680 3141 am
2724 3082 2771 3142 21.
2796 3082 2825 3142 d.
2844 3082 3013 3142 gestorben.
3055 3082 3121 3142 Das

1386 3120 1748 3180 Bestimmungen,
1773 3121 1830 3181 die
1864 3121 1912 3181 ich
1946 3122 2036 3182 nach
2062 3124 2217 3184 meinem
2277 3122 2581 3182 Leichenbegängnis
2615 3124 2713 3184 findet
2739 3124 2861 3184 Freitag
2895 3125 2944 3185 den
2986 3126 3043 3186 23.
3060 3124 3133 3184 Ok¬

2271 3165 2357 3225 tober
2387 3165 2426 3225 um
2473 3166 2502 3226 12
2537 3165 2606 3225 Uhr
2636 3168 2763 3228 mittags
2798 3168 2850 3228 auf
2880 3170 2931 3230 dem
2978 3168 3127 3228 Zentral¬

1494 3186 1670 3246 Ab.eben
1725 3189 1759 3249 zu
1805 3189 1964 3249 erfüllen
2010 3189 2133 3249 bitte:

2274 3210 2406 3270 friedhof
2430 3210 2475 3270 (1.
2493 3210 2574 3270 Tor)
2592 3211 2649 3271 von
2679 3211 2724 3271 der
2748 3212 2898 3272 Zeremon
2922 3213 3043 3273 enhalle
3066 3213 3124 3273 aus

1426 3249 1660 3309 Herzstich.

2273 3251 2355 3311 statt.
2400 3252 2460 3312 Die
2489 3252 2604 3312 Herren
2633 3255 2903 3315 Vereinskollegen
2931 3258 3047 3318 werden
3081 3255 3130 3315 ge¬

1427 3291 1573 3351 Keine
1604 3294 1805 3354 Kränze!

2273 3297 2381 3357 beten,
2402 3297 2448 3357 sich
2483 3297 2530 3357 zum
2578 3297 2673 3357 letzten
2708 3300 2829 3360 Geleite
2850 3300 2999 3360 zahlreich
3028 3301 3128 3361 einzu¬

1425 3333 1568 3393 Keine
1608 3334 1770 3394 Parte!
1810 3335 1895 3395 Auch
1935 3335 1967 3395 in
2007 3335 2058 3395 der
2098 3337 2235 3397 Zeitung
2268 3338 2399 3398 finden.
2439 3339 2503 3399 Der
2530 3340 2705 3400 Vorstand.

1386 3377 1492 3437 nicht!

2319 3401 2508 3461 Schnitzlers
2540 3404 2737 3464 Gedenkfeier
2770 3404 2816 3464 bei
2834 3404 2936 3464 Radio
2968 3405 3070 3465 Wien.

1431 3429 1698 3489 Begräbnis
1745 3432 1901 3492 letzter
1935 3435 2098 3495 Klasse.
2164 3434 2241 3494 Das

2307 3452 2460 3512 Sonntag
2495 3452 2546 3512 den
2581 3453 2632 3513 25.
2656 3455 2683 3515 d.
2707 3455 2786 3515 wird
2816 3455 2918 3515 Radio
2947 3457 3038 3517 Wien
3073 3458 3107 3518 um

1388 3473 1472 3533 durch
1507 3473 1681 3533 Befolgung
1715 3476 1805 3536 dieser
1834 3476 2053 3536 Bestimmung
2082 3476 2223 3536 erübrigt

2271 3491 2307 3551 13
2339 3497 2405 3557 Uhr
2431 3495 2467 3555 10
2499 3497 2652 3557 Minuten
2690 3500 2751 3560 eine
2783 3500 2874 3560 Feier
2905 3503 3133 3563 veranstalten,

1388 3515 1465 3575 Geld
1497 3516 1532 3576 ist
1557 3518 1818 3578 Spitalszwecken
1849 3520 2073 3580 zuzuwenden.

2269 3538 2320 3598 die
2343 3538 2393 3598 dem
2439 3541 2597 3601 Gedenken
2631 3541 2749 3601 Arthur
2778 3543 3043 3603 Schnitzlers
3078 3545 3128 3605 ge¬

1420 3559 1568 3619 Keine
1604 3562 1781 3622 Reden!

2269 3583 2365 3643 weiht
2393 3583 2441 3643 ist.
2485 3584 2549 3644 Dr.
2572 3585 2668 3645 Ernst
2691 3586 2858 3646 Lothar
2886 3587 2961 3647 wird
2988 3587 3031 3647 die
3064 3586 3123 3646 Ge¬

1423 3613 1638 3673 Vermeidung
1673 3616 1797 3676 allen
1861 3616 2002 3676 rituellen
2066 3616 2247 3676 Beiwerks.

2273 3625 2419 3685 denkrede
2457 3628 2581 3688 halten,
2614 3625 2668 3685 der
2707 3627 2771 3687 eine
2810 3631 3015 3691 Aufführung
3059 3631 3113 3691 von

1393 3658 1640 3718 (Insbesondere
1665 3658 1924 3718 Leichenwächter
1948 3658 2036 3718 usw.)

2264 3670 2460 3730 Schnitzlers
2518 3670 2692 3730 einaktigem
2762 3671 2860 3731 Spiel
2913 3673 2941 3733 in
3000 3673 3120 3733 Versen

1419 3700 1559 3760 Keine
1598 3702 1782 3762 Trauer
1815 3703 1924 3763 tragen
1973 3703 2043 3763 nach
2098 3703 2217 3763 meinem
2272 3712 2521 3772 „Paracelsus",
2571 3713 2663 3773 unter
2701 3716 2750 3776 der
2788 3716 3005 3776 Spielleitung
3065 3716 3119 3776 von

1389 3744 1486 3804 Tode,
1507 3744 1631 3804 absolut
1658 3744 1755 3804 keine.

2267 3756 2335 3816 Dr.
2359 3756 2446 3816 Hans
2475 3756 2654 3816 Nüchtern,
2672 3759 2764 3819 folgt.
2805 3759 2886 3819 Auch
2916 3759 2973 3819 das
2997 3760 3124 3820 Wiener

1782 3795 1908 3855 Arthur
1935 3798 2206 3858 Schnitzler.

2264 3798 2619 3858 Symphonieorchester
2648 3801 2738 3861 unter
2761 3803 2811 3863 der
2835 3804 2958 3864 Leitung
2987 3804 3122 3864 Oswald

2271 3843 2424 3903 Kabastas
2449 3844 2529 3904 wird
2555 3846 2591 3906 an
2622 3846 2715 3906 dieser
2740 3847 2825 3907 Feier
2851 3848 3042 3908 mitwirken.

1425 3849 1504 3909 (Die
1527 3849 1594 3909 hier
1618 3850 1759 3910 gesperrt
1783 3849 1953 3909 gedruckten
1982 3850 2089 3910 Worte
2118 3852 2180 3912 sind
2209 3850 2237 3910 in

1386 3891 1437 3951 der
1466 3894 1812 3954 Originalhandschrift
1836 3894 2090 3954 unterstrichen.)

2296 3929 2596 3989 Trauersitzung
2637 3932 2699 3992 des
2732 3932 3088 3992 Schutzverbandes

1420 3944 1495 4004 Das
1519 3946 1775 4006 Testament
1799 3947 1846 4007 des
1875 3947 2020 4007 Dichters
2045 3947 2167 4007 enthält
2191 3945 2242 4005 be¬

1385 3987 1514 4047 sondere
1560 3991 1903 4051 Verfügungen
1980 3990 2094 4050 über
2156 3992 2231 4052 den
2270 3997 2468 4057 deutscher
2499 3998 2765 4058 Schriftsteller
2805 4000 2834 4060 in
2873 4001 3124 4061 Oesterreich.

1386 4032 1712 4092 literarischen
1741 4034 1951 4094 Nachlaß.
1991 4034 2051 4094 Die
2080 4036 2234 4096 Ordnung

2308 4053 2376 4113 Der
2402 4058 2558 4118 Vorstand
2584 4058 2633 4118 des
2659 4058 2941 4118 Schutzverbandes
2973 4061 3116 4121 deutscher

1385 4076 1473 4136 dieses
1502 4076 1618 4136 Erbes,
1641 4078 1690 4138 für
1719 4076 1774 4136 das
1803 4078 1975 4138 bestimmte
1998 4079 2231 4139 Dispositioner

2269 4101 2490 4161 Schriftsteller
2518 4101 2544 4161 in
2577 4103 2744 4163 Österreich
2788 4104 2852 4164 trat
2886 4106 2993 4166 gestern
3026 4106 3118 4166 unter

1387 4123 1512 4183 gegeben
1549 4120 1687 4180 werden,
1712 4120 1790 4180 wird
1827 4120 1874 4180 der
1905 4123 2025 4183 Sohn
2062 4123 2230 4183 Schnitz

2263 4141 2387 4201 Vorsitz
2405 4144 2455 4204 des
2478 4147 2682 4207 Präsidenten
2711 4147 2818 4207 Oskar
2847 4147 2988 4207 Maurus
3017 4148 3124 4208 Fon¬

1383 4162 1481 4222 lers
1517 4162 1727 4222 vornehmen.

2266 4186 2370 4246 tana
2409 4189 2436 4249 zu
2481 4189 2569 4249 einer
2603 4189 2833 4249 Trauersitzung
2873 4191 3027 4251 anläßlich
3066 4192 3115 4252 des

2268 4231 2427 4291 Ablebens
2484 4231 2608 4291 Arthur
2660 4234 2851 4294 Schnitzlers
2928 4237 3124 4297 zusammen.

1518 4237 1589 4297 Der
1626 4246 1870 4306 literarische
1898 4250 2051 4310 Nachla
