3344 4384
123 336 229 396 2.

358 346 777 406 chnitzler
844 336 880 396 s
946 333 1179 393 Death

1405 327 1526 387 box
1603 327 1778 387 44/3

2101 423 2169 483 war
2202 423 2259 483 ich,
2292 425 2338 485 als
2376 422 2412 482 ich
2445 422 2513 482 mich
2550 423 2698 483 unrichtig
2730 422 2867 482 kleidete,
2889 422 2941 482 und

2106 473 2159 533 das
2199 471 2315 531 machte
2360 470 2427 530 mich
2467 470 2578 530 nervös
2623 469 2681 529 und
2720 470 2886 530 ärgerlich.

2104 520 2220 580 Sollten
2249 518 2304 578 Sie
2328 518 2393 578 mich
2421 518 2486 578 aber
2510 518 2533 578 in
2562 518 2674 578 meinem
2712 518 2800 578 neuen
2828 518 2954 578 Mantel

2107 567 2161 627 vom
2196 566 2432 626 Kleider=König
2462 566 2560 626 sehen,
2585 566 2615 626 da
2650 566 2772 626 würden
2798 566 2852 626 Sie
2882 566 2950 626 mich

2104 616 2183 676 nicht
2193 614 2464 674 wiedererkennen.
2475 611 2484 671 —
2529 614 2646 674 Überall
2662 614 2731 674 steht
2746 614 2800 674 mir
2820 614 2879 674 jetzt
2894 614 2953 674 Tür

2105 664 2158 724 und
2183 663 2241 723 Tor
2270 661 2347 721 offen
2382 661 2440 721 und
2465 661 2561 721 werde
2591 661 2659 721 auch
2683 661 2960 721 dementsprechend

2107 713 2150 773 als
2170 712 2314 772 Kavalier
2339 709 2396 769 und
2416 709 2513 769 Mann
2532 709 2585 769 von
2605 709 2774 769 Geschmack
2789 709 2967 769 behandelt.

2173 764 2224 824 Ich
2250 761 2395 821 empfehle
2416 757 2509 817 daher
2530 757 2700 817 jedermann
2727 757 2773 817 den
2800 758 2872 818 Weg
2893 759 2944 819 zum

2190 898 2534 958 MEIDER

2227 987 2315 1047 XV.,
2340 979 2730 1039 Mariahilferstraße
2772 974 2844 1034 179

2240 1049 2369 1109 (Zweite
2393 1047 2569 1107 Haltestelle
2604 1047 2660 1107 vom
2701 1046 2836 1106 Gürtel)

2160 1109 2210 1169 Ein
2245 1105 2330 1165 Blick
2359 1105 2386 1165 in
2432 1103 2477 1163 die
2506 1103 2716 1163 Schaufenster
2756 1106 2812 1166 (bis
2847 1104 2864 1164 8
2898 1105 2960 1165 Uhr

2109 1157 2225 1217 abends
2254 1157 2433 1217 beleuchtet)
2461 1160 2528 1220 sagt
2551 1157 2657 1217 Ihnen
2691 1154 2791 1214 alles!

2144 1408 2520 1468 heater
2578 1392 2688 1452 UND
2732 1387 2927 1447 KUNST

2187 1599 2287 1659 Vor
2339 1599 2450 1659 fünf
2491 1601 2684 1661 Jahren
2747 1595 2867 1655 starb

2382 1684 2703 1744 Schnitzler.

2246 1751 2315 1811 Von
2352 1751 2457 1811 Oskar
2492 1751 2632 1811 Maurus
2669 1751 2838 1811 Fontana.

2206 1812 2273 1872 Vor
2341 1814 2424 1874 fünf
2487 1814 2616 1874 Jahren
2678 1814 2795 1874 wurde
2852 1813 2964 1873 Artur

2118 1858 2288 1918 Schnitzler
2330 1860 2458 1920 plötzlich
2506 1859 2619 1919 gefällt
2661 1859 2727 1919 und
2769 1859 2805 1919 on
2857 1858 2945 1918 einem

2121 1904 2266 1964 sonnigen
2317 1904 2418 1964 kalten
2464 1902 2756 1962 Herbstvormittag
2792 1904 2888 1964 haben
2929 1903 2968 1963 sie

2123 1946 2167 2006 ihn
2203 1945 2374 2005 begraben.
2400 1946 2440 2006 Er
2466 1947 2552 2007 hatte
2578 1947 2607 2007 in
2638 1945 2739 2005 seinem
2780 1945 2971 2005 Testament

2123 1992 2157 2052 um
2198 1990 2243 2050 ein
2274 1990 2455 2050 Begräbnis
2486 1990 2587 2050 letzter
2613 1990 2718 2050 Klasse
2744 1990 2870 2050 gebeten
2901 1987 2961 2047 und

2119 2035 2173 2095 daß
2218 2035 2292 2095 man
2336 2035 2376 2095 an
2426 2035 2524 2095 seinem
2574 2033 2662 2093 Sarg
2702 2035 2791 2095 keine
2821 2032 2959 2092 Blumen

2122 2080 2314 2140 niederlege.
2359 2080 2506 2140 Dennoch
2561 2080 2664 2140 waren
2719 2078 2861 2138 Blumen
2916 2076 2970 2136 ge¬

2124 3191 2279 3251 kommen.
2336 3191 2406 3251 Aus
2472 3192 2688 3252 Kopenhagen
2744 3193 2825 3253 „von
2881 3191 2966 3251 alten

2126 3236 2337 3296 Freunden“.
2363 3236 2435 3296 Das
2466 3236 2595 3296 gehörte
2627 3238 2657 3298 zu
2694 3236 2781 3296 ihm.
2808 3234 2890 3294 Auch
2926 3233 2967 3293 ein

2123 3280 2237 3340 großer
2268 3277 2387 3337 schöner
2417 3277 2531 3337 Kranz
2561 3277 2620 3337 mit
2651 3278 2735 3338 roten
2775 3277 2874 3337 Rosen
2915 3277 2978 3337 war

2122 3324 2298 3384 abgegeben
2338 3322 2481 3382 worden.
2524 3322 2625 3382 Keine
2659 3322 2797 3382 Schleife
2827 3321 2860 3381 an
2894 3319 2979 3379 ihm.

2126 3366 2196 3426 Wer
2227 3364 2307 3424 diese
2339 3365 2439 3425 letzten
2475 3364 2591 3424 Grüße
2622 3365 2748 3425 sandte,
2795 3365 2865 3425 war
2896 3364 2976 3424 nicht

2130 3409 2345 3469 festzustellen.
2366 3409 2441 3469 Auch
2472 3409 2567 3469 dieses
2593 3409 2774 3469 Schweigen
2805 3409 2854 3469 der
2880 3407 2970 3467 Liebe

2125 3454 2185 3514 und
2221 3453 2444 3513 Dankbarkeit
2470 3452 2601 3512 gehörte
2638 3454 2667 3514 zu
2703 3454 2789 3514 ihm.
2815 3454 2860 3514 Er
2892 3451 2977 3511 hätte

2124 3498 2202 3558 ohne
2227 3495 2305 3555 diese
2331 3495 2488 3555 Blumen,
2508 3495 2552 3555 die
2578 3495 2636 3555 aus
2661 3495 2715 3555 dem
2750 3495 2877 3555 Dunkel
2898 3495 2981 3555 ihm,

2125 3538 2174 3598 der
2199 3540 2248 3600 ins
2279 3540 2406 3600 Dunkel
2427 3539 2520 3599 ging,
2535 3540 2634 3600 stumm
2679 3537 2807 3597 gereicht
2832 3540 2980 3600 wurden,

2130 3585 2208 3645 nicht
2233 3582 2384 3642 begraben
2419 3584 2536 3644 werden
2571 3585 2708 3645 können.
2733 3582 2821 3642 Denn
2856 3582 2968 3642 immer

2125 3627 2192 3687 war
2218 3627 2309 3687 Liebe
2339 3627 2377 3687 um
2422 3627 2489 3687 ihn.

2171 3680 2210 3740 An
2266 3680 2402 3740 anderen
2454 3679 2600 3739 Dichtern
2656 3678 2757 3738 lieben
2808 3678 2868 3738 wir
2909 3678 2974 3738 ihre

2129 3724 2239 3784 großen
2297 3722 2571 3782 Leidenschaften,
2624 3722 2695 3782 ihre
2749 3722 2965 3782 farbenvollen

2135 3764 2295 3824 Visionen,
2321 3767 2366 3827 die
2397 3764 2674 3824 Unerbittlichkeit
2704 3767 2790 3827 ihres
2821 3766 2966 3826 jüngsten

2130 3809 2305 3869 Gerichtes,
2336 3809 2381 3869 die
2411 3809 2593 3869 Weltweite
2623 3808 2708 3868 ihres
2749 3808 2885 3868 Blickes,
2910 3812 2965 3872 den

2129 3855 2286 3915 Tauwind
2336 3854 2424 3914 ihres
2474 3852 2642 3912 Herzens.
2681 3851 2760 3911 Was
2820 3853 2878 3913 uns
2933 3856 2967 3916 zu

2129 3899 2297 3959 Schnitzler
2326 3899 2397 3959 zog,
2418 3896 2484 3956 was
2518 3896 2580 3956 uns
2609 3896 2642 3956 an
2681 3896 2729 3956 ihn
2768 3896 2868 3956 band,
2893 3898 2979 3958 war,

2129 3943 2177 4003 daß
2211 3942 2263 4002 sein
2293 3940 2384 4000 Werk
2409 3938 2486 3998 Teil
2505 3937 2630 3997 unseres
2660 3937 2779 3997 Lebens
2804 3940 2967 4000 geworden

2130 3985 2212 4045 war.
2243 3984 2315 4044 Wir
2351 3984 2413 4044 alle
2439 3982 2567 4042 spielten
2604 3982 2665 4042 und
2697 3982 2810 4042 spielen
2846 3983 2908 4043 mit
2939 3982 2964 4042 in

2132 4030 2317 4090 Schnitzlers
2354 4027 2640 4087 Tragikomödien.
2681 4027 2726 4087 Er
2767 4027 2837 4087 war
2878 4027 2973 4087 unser

2130 4075 2204 4135 aller
2240 4072 2513 4132 Puppenspieler.
2559 4072 2630 4132 Von
2681 4069 2740 4129 uns
2777 4072 2857 4132 allen
2898 4074 2978 4134 liegt

2129 4119 2170 4179 ein
2212 4119 2314 4179 Stück
2346 4120 2501 4180 begraben
2548 4117 2574 4177 in
2606 4117 2662 4177 dem
2709 4117 2822 4177 kleinen
2859 4117 2952 4177 Raum
