3392 4320
1368 267 1497 327 box
1571 267 1808 327 43/15

126 273 202 333 2.
262 273 855 333 Schnitzler's
925 273 1157 333 Deatl

524 848 705 908 ausgekramt
722 847 834 907 wurde:
847 849 872 909 er
894 848 928 908 sei
946 848 988 908 der
1002 849 1109 909 Dichter
1131 847 1208 907 einer
1221 849 1449 909 verschwunden.

1532 849 1618 909 Spiel
1632 849 1677 909 der
1691 848 1799 908 Jungen
1818 846 1840 906 zu
1859 846 1958 906 stören,
1968 846 2108 906 zerstreute
2122 846 2190 906 nicht
2204 846 2253 906 nur
2267 849 2317 909 alle
2331 852 2466 912 Bedenken

525 893 716 953 Gesellschaft,
740 891 782 951 der
810 891 922 951 Dichter
950 891 992 951 des
1021 894 1254 954 vorkriegerischen
1287 894 1384 954 Wien.
1408 897 1468 957 Das

1532 897 1580 957 mit
1607 896 1682 956 gütig
1709 894 1942 954 aufmunternden
1974 891 2084 951 Zeilen,
2106 891 2216 951 sondern
2248 896 2406 956 übersandte
2433 900 2468 960 ein

532 936 639 996 Letztere
658 937 761 997 stimmt
780 937 798 997 so
817 939 976 999 halbwegs,
991 939 1038 999 das
1057 939 1159 999 Erstere
1179 939 1206 999 ist
1221 941 1403 1001 grundfalsch.
1417 941 1473 1001 Die

1532 940 1681 1000 Exemplar
1700 939 1786 999 seiner
1805 938 1845 998 zum
1882 936 2017 996 Vergleich
2036 937 2172 997 gestellten
2195 939 2308 999 Novelle
2327 942 2376 1002 mit
2390 942 2476 1002 hand¬

1531 984 1698 1044 schriftlicher
1717 982 1880 1042 Widmung.
1890 981 1925 1041 In
1953 981 1993 1041 dem
2031 981 2212 1041 begleitenden
2235 983 2380 1043 Schreiben
2403 986 2471 1046 stand

527 981 717 1041 Gesellschaft,
727 982 750 1042 in
774 981 815 1041 der
830 981 867 1041 die
886 986 1031 1046 Handlung
1055 985 1133 1045 seiner
1153 987 1255 1047 meisten
1279 986 1474 1046 Theaterstücke

1532 1025 1571 1085 als
1589 1028 1717 1088 Zugabe,
1730 1025 1752 1085 er
1770 1026 1858 1086 würde
1876 1025 1911 1085 sich
1933 1026 2043 1086 freuen,
2057 1026 2158 1086 einmal
2172 1028 2228 1088 eine
2242 1029 2471 1089 umfangreicher¬

526 1025 580 1085 und
599 1026 784 1086 Erzählungen
803 1026 839 1086 sich
858 1026 980 1086 bewegt,
989 1028 1016 1088 ist
1030 1029 1157 1089 durchaus
1175 1028 1238 1088 nicht
1253 1028 1474 1088 verschwunden.

1535 1070 1629 1130 Arbeit
1648 1073 1688 1133 des
1707 1070 1802 1130 jungen
1825 1070 2034 1130 Schriftstellers
2053 1070 2148 1130 kennen
2176 1071 2194 1131 zu
2217 1073 2325 1133 lernen.
2340 1074 2398 1134 Daß
2421 1075 2471 1135 dies

526 1070 579 1130 Sie
601 1072 659 1132 war
677 1073 766 1133 wohl,
780 1073 922 1133 gehemmt
941 1073 1011 1133 durch
1038 1073 1092 1133 ihre
1110 1073 1377 1133 Knochenlosigkeit,
1391 1073 1475 1133 keines

1530 1116 1600 1176 nicht
1623 1115 1681 1175 bloß
1708 1115 1765 1175 eine
1788 1115 1966 1175 verbindliche
1989 1115 2153 1175 Redensart
2171 1115 2242 1175 war,
2261 1116 2363 1176 bewies
2385 1118 2425 1178 er,
2443 1116 2483 1176 als

525 1117 625 1177 tätigen
657 1115 857 1175 Widerstandes
885 1118 967 1178 gegen
999 1118 1040 1178 die
1068 1118 1259 1178 gewaltsamen
1292 1118 1396 1178 Folgen
1428 1118 1473 1178 des

1529 1162 1573 1222 der
1591 1160 1649 1220 noch
1676 1159 1778 1219 immer
1792 1159 1871 1219 junge
1894 1159 2018 1219 Mensch,
2032 1160 2099 1220 aber
2112 1160 2183 1220 schon
2206 1160 2259 1220 alte
2277 1163 2406 1223 Student
2424 1163 2459 1223 ihm

537 1158 798 1218 Zusammenbruchs
818 1161 906 1221 fähig,
921 1160 953 1220 sie
973 1163 1085 1223 enthielt
1099 1163 1141 1223 sich
1164 1163 1201 1223 ein
1226 1163 1290 1223 paar
1310 1163 1398 1223 Jahre
1418 1163 1478 1223 hin¬

1531 1206 1617 1266 einige
1640 1204 1732 1264 Jahre
1755 1204 1842 1264 später
1865 1204 1910 1264 das
1934 1204 2117 1264 Manuskript
2136 1204 2218 1264 seines
2246 1206 2323 1266 ersten
2352 1207 2479 1267 Romans

529 1207 597 1267 durch
625 1203 688 1263 aller
707 1205 880 1265 deutlicheren
907 1207 1112 1267 Außerungen,
1126 1206 1190 1266 aber
1208 1205 1258 1265 nun
1281 1207 1331 1267 hat
1350 1205 1381 1265 sie
1400 1206 1468 1266 schon

1530 1249 1726 1309 anvertraute.
1743 1247 1780 1307 Er
1806 1249 1843 1309 las
1869 1249 1910 1309 es,
1927 1249 2023 1309 getreu
2053 1248 2094 1308 dem
2136 1247 2337 1307 Versprechen,
2358 1249 2408 1309 und
2433 1249 2479 1309 be¬

531 1249 616 1309 längst
636 1249 688 1309 ihre
713 1249 831 1309 fröhliche
856 1249 965 1309 Urständ
990 1252 1119 1312 gefeiert.
1134 1252 1243 1312 Freilich
1268 1251 1286 1311 in
1316 1252 1478 1312 beklagens¬

1531 1295 1605 1355 schied
1629 1294 1670 1354 den
1694 1294 1834 1354 Verfasser
1848 1293 1871 1353 zu
1890 1292 1927 1352 sich
1951 1292 1969 1352 in
1993 1292 2039 1352 sein
2063 1292 2104 1352 dem
2137 1293 2207 1353 Park
2226 1292 2267 1352 der
2282 1294 2477 1354 Universitäts¬

525 1294 622 1354 werter
645 1294 769 1354 geistiger
796 1294 849 1354 und
877 1297 1032 1357 kultureller
1059 1294 1294 1354 Vergröberung,
1313 1294 1339 1354 so
1366 1297 1414 1357 daß
1446 1297 1472 1357 es

1534 1339 1715 1399 Sternwarte
1737 1339 1892 1399 gegenüber
1914 1337 2055 1397 gelegenes
2078 1338 2172 1398 Heim.
2190 1336 2224 1396 Es
2251 1338 2306 1398 war
2328 1339 2384 1399 eine
2402 1338 2483 1398 feier¬

532 1339 699 1399 zweifelhaft
718 1336 820 1396 bleibt,
840 1339 867 1399 ob
900 1339 997 1399 gerade
1026 1340 1063 1400 ein
1096 1340 1184 1400 geistig
1213 1339 1263 1399 und
1297 1340 1422 1400 kulturell
1446 1340 1468 1400 so

1531 1384 1610 1444 liche,
1629 1384 1689 1444 aber
1708 1384 1769 1444 auch
1793 1383 1877 1443 bange
1896 1383 2013 1443 Stunde
2033 1381 2074 1441 für
2098 1381 2140 1441 den
2164 1381 2370 1441 gesellschaftlich
2394 1384 2477 1444 wenig

530 1384 744 1444 hochstehender,
768 1384 851 1444 feiner
880 1384 982 1444 Mensch
1015 1384 1066 1444 wie
1090 1386 1234 1446 Schnitzler
1257 1385 1299 1445 sich
1332 1384 1369 1444 als
1397 1383 1476 1443 Zeit¬

1535 1428 1680 1488 geschulten
1713 1427 1812 1487 jungen
1845 1427 2008 1487 Menschen.
2031 1425 2067 1485 Um
2113 1425 2135 1485 so
2168 1427 2326 1487 anmutiger
2354 1426 2472 1486 verstand

527 1428 631 1488 genosse
650 1428 691 1488 ihr
710 1428 732 1488 in
760 1428 842 1488 seinen
869 1426 979 1486 Werken
1002 1428 1184 1488 zugewendet
1203 1428 1294 1488 hätte.
1308 1428 1381 1488 Aber
1404 1430 1467 1490 dann

1526 1472 1677 1532 Schnitzler
1710 1471 1800 1531 selbst,
1824 1471 1894 1531 über
1928 1470 1975 1530 das
2009 1470 2235 1530 Beängstigende
2274 1468 2321 1528 des
2354 1471 2481 1531 Anfangs

526 1470 600 1530 wäre
623 1470 649 1530 er
667 1471 880 1531 wahrscheinlich
903 1473 978 1533 selbst
1001 1473 1036 1533 ein
1063 1473 1178 1533 anderer
1196 1473 1338 1533 gewesen,
1356 1473 1404 1533 und
1431 1473 1475 1533 das

1531 1517 1785 1577 hinwegzuhelfen.
1803 1515 1839 1575 Er
1867 1517 1953 1577 fragte
1981 1516 2049 1576 nicht
2072 1515 2140 1575 aus,
2163 1515 2190 1575 er
2213 1515 2317 1575 brachte
2345 1515 2390 1575 den
2422 1515 2458 1575 ihm

528 1515 581 1575 mag
608 1517 630 1577 zu
657 1515 701 1575 der
720 1518 928 1578 landläufigen,
942 1517 1160 1577 verkleinernden
1182 1518 1369 1578 Einschätzung
1392 1518 1476 1578 seiner

1535 1563 1694 1623 schweigend
1717 1563 2008 1623 Gegenübersitzenden
2036 1561 2086 1621 nur
2105 1560 2159 1620 sehr
2178 1560 2236 1620 bald
2255 1560 2355 1620 dahin,
2369 1560 2414 1620 von
2437 1560 2473 1620 sich

527 1560 695 1620 Bedeutung
717 1560 766 1620 mit
784 1563 938 1623 beitragen.
957 1563 1014 1623 Und
1037 1563 1090 1623 noch
1117 1563 1209 1623 eines:
1223 1563 1320 1623 heute,
1334 1563 1360 1623 da
1387 1563 1480 1623 Oster¬

1530 1608 1604 1668 selbst
1619 1607 1642 1667 zu
1661 1607 1801 1667 sprechen,
1812 1607 1858 1667 von
1882 1607 1961 1667 seinem
1994 1607 2102 1667 Leben,
2112 1607 2195 1667 seiner
2210 1605 2341 1665 Kindheit
2360 1605 2407 1665 und
2426 1604 2472 1664 von

527 1606 586 1666 reich
618 1605 690 1665 keine
713 1605 736 1665 in
768 1607 927 1667 begrenztem
968 1607 1095 1667 Maßstab
1123 1607 1268 1667 gehaltene
1291 1607 1468 1667 Vorahnung

531 1649 713 1709 Paneuropas
745 1649 820 1709 mehr
848 1651 981 1711 darstellt,
1004 1650 1030 1710 da
1061 1651 1088 1711 es
1115 1652 1137 1712 in
1168 1652 1257 1712 seinem
1298 1652 1364 1712 stark
1387 1651 1484 1711 einge¬

524 1694 700 1754 schrumpften
727 1694 963 1754 Gesamtumfang
994 1695 1045 1755 nur
1072 1694 1106 1754 ein
1141 1694 1183 1754 vom
1223 1697 1326 1757 großen
1352 1697 1468 1757 Ganzen

534 1736 702 1796 krampfhaft
717 1739 876 1799 getrennter
896 1740 956 1800 Teil
976 1740 1017 1800 des
1037 1739 1187 1799 Deutschen
1211 1739 1323 1799 Reiches
1347 1739 1389 1799 ist,
1404 1741 1483 1801 heute

530 1782 589 1842 darf
608 1781 680 1841 Wien
708 1781 830 1841 weniger
849 1784 912 1844 denn
935 1784 957 1844 je
976 1784 1017 1844 als
1035 1784 1244 1844 Repräsentant
1263 1784 1344 1844 seines
1368 1784 1476 1844 Landes

531 1828 632 1888 gelten.
655 1827 712 1887 Und
739 1827 796 1887 auch
828 1827 871 1887 das
898 1828 978 1888 mag,
996 1829 1039 1889 dem
1080 1828 1221 1888 flüchtigen
1248 1828 1411 1888 Betrachter
1434 1828 1482 1888 zu¬

531 1873 656 1933 mindest,
671 1872 707 1932 die
727 1870 834 1930 Gestalt
849 1873 890 1933 des
909 1873 1031 1933 Dichters
1050 1873 1101 1933 und
1120 1873 1166 1933 sein
1190 1873 1279 1933 Wesen
1298 1873 1340 1933 ins
1359 1873 1475 1933 Fremde

530 1916 593 1976 oder
616 1915 670 1975 doch
698 1916 738 1976 ins
761 1916 874 1976 Bereich
901 1916 946 1976 des
969 1918 1223 1978 Verschwundenen
1251 1918 1354 1978 gerückt
1373 1918 1476 1978 haben.

529 1958 592 2018 Noch
615 1960 702 2020 bevor
721 1960 748 2020 er
767 1962 816 2022 sein
840 1960 1032 2020 Körperliches
1056 1960 1165 2020 unseren
1189 1962 1289 2022 Blicken
1317 1963 1431 2023 entzog.

534 2002 574 2062 Als
593 2008 724 2068 Beiträge
738 2008 784 2068 zur
798 2008 911 2068 Kultur=
926 2008 975 2068 und
994 2008 1235 2068 Sittengeschichte
1250 2008 1295 2068 von
1318 2008 1358 2068 der
1377 2008 1477 2068 Wende

532 2049 577 2109 des
600 2051 645 2111 19.
664 2049 709 2109 zum
746 2051 791 2111 20.
810 2052 1005 2112 Jahrhundert
1024 2049 1128 2109 werden
1156 2050 1224 2110 seine
1243 2049 1338 2109 Wecke
1357 2052 1475 2112 niemals

536 2097 708 2157 übergangen
730 2094 836 2154 werden
859 2096 978 2156 können.
992 2094 1062 2154 Aber
1080 2094 1137 2154 auch
1164 2094 1208 2154 das
1226 2094 1279 2154 rein
1301 2094 1473 2154 Menschliche

533 2137 596 2197 wird
620 2139 642 2199 in
670 2139 747 2199 vielen
779 2140 861 2200 seiner
879 2139 1034 2199 Geschöpfe
1053 2139 1226 2199 fortwirken.
1240 2139 1385 2199 Sicherlich
1413 2138 1481 2198 nicht

533 2184 551 2244 im
588 2184 710 2244 Anatol,
724 2185 856 2245 vielleicht
880 2185 947 2245 nicht
971 2184 1075 2244 einmal
1093 2184 1111 2244 in
1143 2184 1189 2244 der
1208 2184 1407 2244 sprichwörtlich
1435 2184 1480 2244 ge¬

533 2228 673 2288 wordenen
706 2228 837 2288 Liebelei,
856 2228 897 2288 die
920 2229 965 2289 den
992 2228 1101 2288 Dichter
1124 2228 1174 2288 auf
1193 2228 1279 2288 Jahre
1302 2228 1402 2288 hinaus
1429 2228 1479 2288 mit

532 2273 600 2333 einer
628 2273 705 2333 jener
733 2273 864 2333 billigen,
888 2273 933 2333 für
961 2273 1034 2333 jeden
1071 2272 1162 2332 Erfolg
1194 2272 1285 2332 bereit
1308 2273 1472 2333 gehaltenen

528 2315 712 2375 Spitzmarken
747 2317 871 2377 behaftet
902 2316 961 2376 hat.
987 2315 1047 2375 Der
1078 2315 1318 2375 Bücherschreiber
1349 2315 1400 2375 und
1435 2315 1477 2375 die

532 2360 790 2420 Bücherschreiberin
819 2361 841 2421 in
870 2360 1048 2420 „Literatur“
1072 2358 1138 2418 aber
1162 2358 1213 2418 sind
1237 2359 1303 2419 eben
1331 2360 1354 2420 so
1378 2360 1476 2420 typisch

532 2406 581 2466 und
604 2405 745 2465 bleibend,
764 2405 813 2465 wie
837 2405 882 2465 das
905 2405 1110 2465 geschlechtliche
1129 2401 1256 2461 Hinüber
1279 2404 1329 2464 und
1352 2405 1479 2465 Herüber

536 2449 651 2509 zwischen
683 2449 727 2509 dem
767 2449 904 2509 alternden
936 2449 1020 2509 Mann
1051 2449 1104 2509 und
1131 2449 1175 2509 dem
1211 2449 1313 2509 jungen
1340 2448 1415 2508 Weib
1447 2449 1464 2509 im

533 2494 651 2554 „Weiten
675 2494 770 2554 Land"
793 2494 853 2554 oder
872 2494 917 2554 das
940 2494 1168 2554 Problematische
1192 2493 1237 2553 der
1251 2494 1474 2554 journalistischen

532 2539 642 2599 Figuren
671 2539 690 2599 in
714 2539 801 2599 „Fink
821 2538 873 2598 und
897 2539 1118 2599 Fliederbusch",
1133 2536 1243 2596 obgleich
1268 2536 1316 2596 der
1335 2539 1474 2599 lebendige

529 2584 615 2644 Erfolg
643 2584 724 2644 dieser
752 2582 903 2642 allerdings
931 2581 976 2641 vor
999 2583 1095 2643 Nichts
1119 2581 1406 2641 zurückschreckenden,
1425 2582 1479 2642 un¬

524 2629 724 2689 barmherzigen
756 2629 893 2689 Komödie
916 2629 1067 2689 irgendwie
1090 2626 1276 2686 abgedrosselt
1295 2626 1405 2686 wurde.

532 2670 641 2730 Immer
669 2670 723 2730 und
751 2670 860 2730 überall
879 2672 988 2732 jedoch,
1011 2670 1084 2730 selbst
1108 2670 1130 2730 im
1171 2670 1395 2730 Unerfreulichen
1427 2670 1477 2730 und

536 2715 741 2775 Peinigenden,
755 2716 812 2776 ging
835 2716 888 2776 mit
902 2715 946 2775 dem
982 2714 1093 2774 Dichter
1112 2712 1156 2772 der
1174 2712 1241 2772 feine
1259 2713 1312 2773 und
1334 2712 1481 2772 vornehme

532 2759 631 2819 Mensch
650 2760 727 2820 Hand
745 2760 763 2820 in
786 2760 877 2820 Hand.
891 2760 949 2820 Das
968 2760 1049 2820 zeigte
1064 2760 1104 2820 sich
1123 2758 1268 2818 besonders
1286 2759 1304 2819 in
1327 2759 1368 2819 den
1391 2759 1468 2819 ersten

1971 2779 2056 2839 e

536 2804 631 2864 Jahren
654 2805 700 2865 des
718 2805 832 2865 Unheils
846 2805 914 2865 1914
937 2805 987 2865 und
1005 2804 1087 2864 1915,
1101 2804 1128 2864 da
1151 2805 1174 2865 er
1193 2803 1265 2863 einer
1279 2802 1324 2862 der
1339 2804 1475 2864 Seltenen

521 2850 605 2910 blieb,
619 2849 659 2909 die
677 2849 730 2909 ihre
753 2849 842 2909 Feder
860 2849 931 2909 nicht
945 2848 967 2908 in
990 2847 1110 2907 blutrote
1128 2846 1212 2906 Tinte
1231 2846 1396 2906 eintauchten
1423 2848 1472 2908 und

1866 2884 1974 2944 Arthur
1995 2883 2143 2943 Schnitzler

524 2893 563 2953 sich
586 2891 594 2951 —
626 2892 886 2952 ehrlich=überzeugt
900 2892 962 2952 oder
980 2892 1099 2952 verlogen
1122 2891 1263 2951 geschäftig
1285 2889 1294 2949 —
1325 2890 1369 2950 vom
1400 2891 1480 2951 siche¬

521 2936 565 2996 ren
592 2936 768 2996 Schreibtisch
791 2939 840 2999 aus
867 2939 910 2999 zum
950 2936 1030 2996 Krieg
1057 2936 1225 2996 bekannten.
1243 2936 1300 2996 Und
1322 2935 1419 2995 ebenso
1446 2934 1472 2994 zu

1778 2954 1928 3014 Zeichnung
1954 2954 1998 3014 von
2025 2954 2064 3014 B.
2080 2954 2114 3014 F.
2125 2954 2230 3014 Dolbin

521 2984 597 3044 diesem
633 2983 781 3043 menschlich
804 2981 902 3041 Feinen
929 2981 978 3041 und
996 2981 1175 3041 Vornehmen
1198 2981 1309 3041 gehörte
1328 2981 1412 3041 wohl,
1431 2982 1475 3042 daß

517 3029 543 3089 er
557 3027 597 3087 sich
620 3026 665 3086 nie
683 3026 701 3086 zu
728 3026 778 3086 den
801 3026 913 3086 Göttern
945 3026 1089 3086 entrückte.
1107 3025 1174 3085 Auch
1202 3023 1237 3083 als
1261 3024 1301 3084 die
1324 3025 1413 3085 Woge
1436 3024 1481 3084 des

1535 3068 1580 3128 der
1599 3067 1775 3127 Landschaft,
1789 3067 1807 3127 in
1830 3067 1875 3127 der
1894 3067 1921 3127 er
1939 3067 2138 3127 aufgewachsen
2162 3064 2234 3124 war.
2248 3065 2307 3125 Und
2330 3067 2393 3127 dann
2421 3067 2479 3127 erst,

526 3070 635 3130 Ruhms
663 3070 703 3130 ihn
731 3070 763 3130 am
800 3070 913 3130 höchsten
941 3069 1004 3129 hob.
1023 3070 1087 3130 Daß
1110 3070 1137 3130 es
1160 3068 1196 3128 die
1219 3070 1346 3130 wußten,
1365 3069 1401 3129 die
1425 3070 1465 3130 ihm

1530 3115 1570 3175 als
1597 3113 1632 3173 sei
1655 3112 1681 3172 er
1708 3112 1761 3172 nun
1788 3112 1926 3172 gewisser,
1944 3111 2104 3171 verstanden
2136 3109 2157 3169 zu
2190 3111 2318 3171 werden,
2341 3109 2425 3169 sprach
2452 3109 2478 3169 er

529 3115 596 3175 nahe
615 3115 664 3175 sein
693 3115 819 3175 durften,
834 3115 861 3175 ist
880 3113 952 3173 nicht
971 3115 1203 3175 verwunderlich;
1222 3115 1267 3175 daß
1290 3114 1317 3174 es
1340 3114 1408 3174 schon
1436 3115 1481 3175 bei

1530 3159 1575 3219 von
1608 3157 1648 3217 dem
1690 3157 1736 3217 zur
1755 3157 1882 3217 Prüfung
1905 3156 2047 3216 gesandten
2075 3154 2267 3214 Manuskript.
2281 3155 2386 3215 Sprach
2410 3154 2478 3214 ohne

532 3160 622 3220 kargem
652 3159 772 3219 Verkehr
790 3160 806 3220 so
824 3160 892 3220 schön
918 3160 969 3220 und
987 3160 1060 3220 warm
1099 3160 1141 3220 von
1167 3160 1205 3220 ihm
1236 3160 1411 3220 ausstrahlte,
1429 3160 1471 3220 das

1532 3202 1718 3262 verdächtiges
1737 3201 2005 3261 überschwängliches
2024 3200 2091 3260 Lob,
2106 3199 2159 3259 doch
2178 3199 2246 3259 ohne
2265 3199 2478 3259 zerschmettern¬

532 3207 555 3267 ist
575 3205 612 3265 ein
641 3202 731 3262 lichtes
756 3203 889 3263 Zeichen.

1533 3247 1575 3307 den
1602 3247 1709 3307 Tadel,
1723 3247 1813 3307 lehnte
1835 3247 1882 3307 das
1904 3245 1960 3305 eine
1987 3244 2033 3304 ab,
2051 3243 2176 3303 erkannte
2203 3242 2249 3302 das
2272 3243 2371 3303 andere
2397 3244 2474 3304 willig

532 3247 640 3307 Gerade
659 3247 681 3307 in
704 3249 745 3309 der
763 3250 827 3310 Zeit
841 3247 954 3307 beschloß
977 3248 1013 3308 ein
1036 3249 1386 3309 einundzwanzigjähriger
1405 3250 1477 3310 Stu¬

1530 3291 1556 3351 an
1583 3291 1636 3351 und
1659 3288 1734 3348 erbot
1752 3288 1792 3348 sich
1815 3288 1917 3348 zuletzt,
1931 3288 1975 3348 das
1993 3286 2073 3346 Werk
2091 3285 2117 3345 an
2144 3285 2189 3345 den
2212 3286 2322 3346 eigenen
2350 3288 2478 3348 Verleger

531 3292 595 3352 dent
617 3293 672 3353 mit
690 3294 793 3354 einigen
823 3291 1042 3351 gleichgesinnten
1072 3292 1287 3352 Altersgenossen
1317 3293 1390 3353 einem
1429 3291 1480 3351 an¬

1526 3336 1700 3396 empfehlend
1724 3333 1958 3393 weiterzugeben.
1973 3332 2069 3392 Dieser
2088 3330 2226 3390 Verleger
2245 3330 2304 3390 war
2323 3331 2359 3391 S.
2378 3333 2479 3393 Fischer

536 3339 625 3399 geblich
647 3336 749 3396 lebhaft
763 3338 869 3398 empfu.
883 3336 962 3396 denen
985 3336 1135 3396 Bedürfnis
1154 3336 1308 3396 abzuhelfen
1331 3336 1379 3396 und
1402 3336 1473 3396 einen

1530 3381 1550 3441 in
1576 3378 1692 3438 Berlin,
1709 3378 1813 3438 damals
1839 3375 1977 3435 überhellt
1998 3375 2044 3435 von
2074 3375 2115 3435 dem
2157 3375 2216 3435 noch
2241 3375 2471 3435 unverbrauchten

537 3381 811 3441 Novellenalmanach
846 3381 1085 3441 herauszugeben.
1112 3381 1184 3441 Sein
1219 3381 1326 3441 eigener
1356 3382 1471 3442 Beitrag

1534 3425 1667 3485 Leuchten
1690 3423 1732 3483 der
1750 3423 1853 3483 Namen
1875 3419 2073 3479 Hauptmanns
2095 3417 2146 3477 und
2164 3420 2341 3480 Schnitzlers,
2354 3420 2401 3480 von
2423 3420 2466 3480 dem

535 3429 655 3489 erweckte
681 3426 728 3486 bei
750 3426 797 3486 den
828 3426 938 3486 übrigen
969 3426 1128 3486 Mißtrauen
1163 3426 1213 3486 und
1244 3425 1274 3485 sie
1305 3426 1441 3486 meinten,
1450 3426 1476 3486 er

1534 3467 1582 3527 neu
1609 3467 1825 3527 aufstrahlenden
1853 3463 1945 3523 Glanz
1967 3462 2011 3522 der
2034 3464 2139 3524 Namen
2166 3463 2259 3523 Hesses
2281 3463 2334 3523 und
2361 3466 2480 3526 Manns.

524 3473 601 3533 ähnle
629 3471 775 3531 bedenklich
803 3470 967 3530 Schnitzlers
995 3470 1150 3530 Erzählung
1183 3470 1361 3530 „Sterben“.
1384 3470 1475 3530 Unge¬

1535 3514 1566 3574 In
1598 3512 1648 3572 sein
1676 3509 1861 3569 symbolisches
1884 3509 2070 3569 Schleppnetz
2089 3509 2269 3569 eingefangen
2302 3509 2324 3569 zu
2356 3509 2478 3569 werden,

529 3515 620 3575 säumt
634 3512 725 3572 schicte
748 3514 789 3574 der
808 3515 999 3575 Verdächtigte
1023 3513 1063 3573 das
1087 3514 1260 3574 Manuskript
1279 3514 1319 3574 dem
1357 3513 1479 3573 Dichter=

1530 3557 1586 3617 war
1610 3556 1769 3616 Sehnsucht
1788 3554 1834 3614 und
1858 3554 1971 3614 Ehrgeiz
1990 3553 2055 3613 aller
2079 3553 2210 3613 Jungen,
2225 3552 2266 3612 die
2285 3553 2328 3613 sich
2352 3554 2477 3614 kopfüber

533 3560 605 3620 arzte
624 3560 664 3620 zu,
678 3560 750 3620 indem
782 3560 809 3620 er
823 3560 859 3620 ihn
883 3560 955 3620 selbst
969 3560 986 3620 in
1010 3560 1091 3620 dieser
1105 3557 1164 3617 noch
1182 3557 1236 3617 sehr
1255 3557 1349 3617 kindlich
1373 3559 1472 3619 wichtig

1530 3599 1571 3659 ins
1593 3600 1811 3660 Literaturmeer
1828 3599 1941 3659 gestürzt
1954 3599 2046 3659 hatten
2072 3597 2122 3657 und
2143 3596 2215 3656 nun,
2232 3596 2265 3656 ein
2290 3596 2374 3656 wenig
2396 3598 2483 3658 atem¬

524 3605 723 3665 genommenen
759 3605 984 3665 Angelegenheit
1015 3604 1058 3664 zum
1106 3603 1223 3663 obersten
1258 3605 1479 3665 Schiedsrichter

1530 3645 1589 3705 los,
1608 3647 1671 3707 nach
1699 3647 1776 3707 Land
1799 3646 1981 3706 ausspähten.
2005 3645 2063 3705 Der
2082 3644 2168 3704 junge
2191 3644 2296 3704 Mensch
2328 3644 2382 3704 war
2410 3645 2482 3705 wohl

526 3653 644 3713 aufrief.
663 3650 812 3710 Schnißler
836 3650 899 3710 aber
922 3650 963 3710 tat
986 3648 1222 3708 freundlich=ernst
1245 3648 1308 3708 mit,
1327 3649 1399 3709 ohne
1423 3649 1472 3709 das

1426 3721 1518 3781 177
