3436 4224
1590 148 1644 208 re,
1662 148 1687 208 le
1708 148 1835 208 public,
1852 148 1933 208 dans
1954 148 1979 208 la

1343 148 1449 208 senten

1342 183 1410 243 sure
1435 181 1467 241 où
1496 183 1520 243 il
1540 183 1572 243 ne
1597 183 1719 243 préfère
1743 183 1796 243 pas
1820 181 1889 241 tous
1910 182 1954 242 les
1979 183 2063 243 films

1338 219 1349 279 à
1380 219 1520 279 costume
1551 219 1581 279 et
1604 219 1615 279 à
1646 221 1790 281 musique
1818 219 1893 279 pour
1924 219 2061 279 lesquels

1335 258 1458 318 Vienne
1491 258 1501 318 a
1530 258 1728 318 maintenant
1753 258 1785 318 un
1821 258 1959 318 nouveau
1988 257 2065 317 tem¬

1339 298 1406 358 ple,
1456 298 1485 358 la
1541 296 1658 356 Scala,
1705 296 1881 356 ex-théâtre
1936 297 2058 357 Johann

1332 336 1480 396 Strauss,
1502 333 1532 393 se
1562 334 1614 394 rue
1648 333 1699 393 sur
1729 334 1803 394 deux
1837 333 1996 393 opérettes
2026 336 2055 396 où

1338 374 1362 434 il
1392 372 1526 432 cherche
1560 371 1786 431 parcillement
1815 371 1945 431 l'oubli.
1979 372 2062 432 L'in¬

1333 410 1494 470 datigable
1527 410 1555 470 et
1584 410 1718 470 heureux
1751 410 1908 470 directeur
1937 410 2062 470 Hubert

1339 449 1517 509 Marischka
1550 449 1558 509 a
1587 449 1619 509 cu
1652 447 1811 507 l'habileté
1840 449 1872 509 de
1901 449 1945 509 les
1970 451 2063 511 saisir

1334 488 1415 548 l'une
1445 486 1474 546 et
1497 488 1607 548 l'autre
1637 486 1714 546 pour
1740 485 1784 545 ses
1814 488 1888 548 deux
1914 488 2024 548 scènes

1315 524 1395 584 Les
1432 524 1529 584 Trois
1562 524 1817 584 Mousquetaires
1855 524 1867 584 à
1924 524 2061 584 An-der¬

1338 563 1459 623 Wien,
1503 563 1713 623 LHôtellerie
1748 563 1782 623 du
1818 563 2053 623 Cheval-Blanc

1335 601 1370 661 au
1402 598 1634 658 Stadttheater.
1654 601 1823 661 L’aimable
1851 604 2064 664 compositeur

1335 640 1365 700 de
1400 640 1468 700 tant
1499 640 1533 700 de
1564 639 1667 699 valses
1694 639 1724 699 et
1755 637 1785 697 de
1820 641 1977 701 chansons
2008 640 2064 700 qui

1337 674 1393 734 ont
1426 677 1487 737 fait
1524 676 1548 736 le
1586 677 1654 737 tour
1691 676 1724 736 de
1765 678 1789 738 la
1831 677 1928 737 terre,
1961 680 2058 740 Ralph

1332 715 1496 775 Benatzky
1524 715 1555 775 se
1583 715 1704 775 déclare
1732 715 1935 775 responsable
1967 718 1998 778 de

1336 754 1481 814 anusique
1519 754 1571 814 des
1604 754 1681 814 deux
1718 754 1905 814 partitions.
1934 757 1949 817 A
1995 757 2059 817 dire

1332 789 1422 849 vrai,
1444 792 1469 852 il
1496 792 1509 852 a
1544 792 1608 852 pris
1639 792 1716 852 pour
1746 792 1802 852 Les
1833 792 1928 852 Trois
1954 794 2061 854 Mous¬

1336 829 1497 889 quetaires
1522 828 1566 888 les
1590 830 1841 890 collaborateurs
1862 831 1906 891 les
1930 831 2003 891 plus
2023 829 2063 889 i'¬

1337 867 1453 927 lustres
1482 867 1514 927 de
1543 867 1611 927 tout
1636 867 1660 927 le
1684 867 1777 927 siècle
1806 870 1947 930 dernier,
1967 870 1999 930 et
2020 870 2052 930 en

1331 906 1517 966 remontant
1554 906 1651 966 même
1693 906 1819 966 jusqu'à
1860 908 1985 968 Rouget
2022 909 2054 969 de

1337 944 1417 1004 Lisle
1450 943 1530 1003 pour
1559 942 1635 1002 faire
1668 945 1773 1005 saluer
1802 945 1854 1005 des
1887 947 2056 1007 premières

1331 980 1418 1040 notes
1448 980 1481 1040 de
1511 980 1535 1040 la
1565 983 1774 1043 Marseillaise
1804 982 1933 1042 l'entrée
1963 984 2058 1044 d'An¬

1330 1016 1370 1076 ne
1406 1019 1592 1079 d'Autriche
1624 1020 1659 1080 ou
1695 1019 1729 1079 de
1761 1021 1858 1081 Louis
1890 1022 1983 1082 XIV.
2010 1021 2058 1081 Ne

1331 1057 1473 1117 s'agit-il
1499 1058 1555 1118 pas
1586 1058 1620 1118 de
1650 1058 1728 1118 faire
1763 1060 1969 1120 comprendre
2017 1061 2051 1121 au

1333 1095 1439 1155 public
1471 1097 1554 1157 qu'il
1581 1097 1612 1157 va
1648 1097 1714 1157 voir
1741 1097 1767 1157 le
1794 1099 1869 1159 chef
1896 1099 1931 1159 de
1962 1100 2059 1160 l'Etat

1329 1134 1519 1194 français...
1546 1136 1577 1196 ou
1613 1138 1639 1198 la
1675 1136 1759 1196 reine
1791 1136 1901 1196 mère?
1928 1138 1977 1198 De
2008 1140 2061 1200 Ri¬

1328 1172 1453 1232 chelieu
1483 1174 1516 1234 on
1545 1174 1557 1234 a
1583 1174 1641 1234 fait
1662 1174 1821 1234 Mazarin.
1843 1174 1880 1234 Ce
1901 1175 1976 1235 sont
1997 1176 2059 1236 tou¬

1334 1210 1420 1270 jours
1455 1210 1506 1270 des
1537 1214 1739 1274 Cardinaux,
1765 1213 1915 1273 premiers
1950 1215 2057 1275 minis¬

1331 1248 1417 1308 tres!
1443 1249 1503 1309 Les
1530 1252 1607 1312 trois
1637 1252 1905 1312 Mousquetaires,
1931 1253 1943 1313 y
1974 1254 2060 1314 com¬

1330 1289 1396 1349 ppris
1430 1288 1626 1348 d'Artagnan
1664 1288 1676 1348 —
1727 1291 1781 1351 car
1814 1294 1889 1354 dans
1923 1296 2060 1356 Dumas,

1328 1327 1371 1387 ils
1397 1327 1517 1387 étaient
1543 1327 1650 1387 quatre
1677 1328 1749 1388 avec
1780 1328 1801 1388 le
1831 1332 1900 1392 plus
1930 1333 2050 1393 fameux

1335 1366 1384 1426 des
1408 1366 1516 1426 cadets
1539 1367 1571 1427 de
1594 1368 1779 1428 Gascogne,
1798 1367 1825 1427 et
1844 1368 1870 1428 le
1893 1369 1988 1429 livret
2007 1371 2038 1431 se

1334 1402 1422 1462 crifie
1446 1404 1548 1464 Athos
1572 1404 1586 1464 à
1610 1407 1838 1467 l'intelligence
1867 1407 1899 1467 du
1928 1407 1997 1467 titre
2021 1407 2035 1467 -

1332 1440 1513 1500 surgissent
1540 1444 1622 1504 ainsi
1650 1445 1717 1505 tout
1745 1444 1776 1504 de
1804 1445 1885 1505 suite
1913 1446 1926 1506 «
1958 1448 2057 1508 Vingt

1326 1480 1387 1540 ans
1405 1482 1498 1542 après
1516 1482 1547 1542 ».
1566 1482 1609 1542 De
1632 1482 1831 1542 ténébreuses
1854 1488 2004 1548 intrigues
2027 1486 2053 1546 se

1331 1521 1452 1581 mêlent
1486 1521 1499 1581 à
1538 1521 1589 1581 des
1624 1521 1783 1581 prétextes
1819 1524 1852 1584 de
1887 1527 2059 1587 chorégra¬

1330 1560 1424 1620 phie,
1446 1560 1476 1620 et
1498 1560 1566 1620 tout
1588 1560 1652 1620 cela
1683 1563 1777 1623 garde
1803 1563 1837 1623 un
1868 1563 1979 1623 certain
2014 1564 2061 1624 ni¬

1332 1597 1427 1657 veau,
1455 1600 1545 1660 grâce
1578 1596 1591 1656 à
1623 1599 1650 1659 la
1682 1600 1800 1660 qualité
1837 1604 2055 1664 d'interprètes

1328 1636 1449 1696 comme
1482 1638 1505 1698 la
1538 1637 1612 1697 jolie
1641 1637 1739 1697 Annie
1767 1640 1865 1700 Coty,
1889 1640 1911 1700 le
1940 1643 2051 1703 joyeux

1329 1676 1406 1736 MMax
1433 1676 1510 1736 Brod
1538 1676 1569 1736 et
1588 1678 1711 1738 surtout
1734 1676 1756 1736 le
1784 1678 1870 1738 ténor
1893 1679 1929 1739 de
1953 1679 2061 1739 l'Opé¬

1330 1715 1359 1775 ra
1394 1713 1506 1773 Jerger
1536 1715 1604 1775 qui,
1629 1716 1702 1776 sous
1732 1715 1756 1775 la
1791 1717 1864 1777 cape
1899 1721 1933 1781 de
1963 1721 2055 1781 d'Ar¬

1609 1745 1629 1805 ie
1658 1748 1715 1808 pas
1740 1752 1806 1812 Don
1843 1757 1937 1817 Juan.

1377 1786 1500 1846 Hubert
1527 1787 1709 1847 Marischka
1749 1789 1826 1849 s'est
1860 1792 1944 1852 réser

1331 1825 1497 1885 principal
1516 1826 1578 1886 rôle
1619 1825 1650 1885 de
1678 1825 1889 1885 L'Hôtelleris
1917 1829 1948 1889 du
1980 1830 2056 1890 Che¬

1325 1861 1521 1921 val-Blanc,
1536 1864 1610 1924 dont
1634 1864 1652 1924 il
1671 1864 1783 1924 épouse
1807 1868 2054 1928 naturellement

1328 1902 1366 1962 au
1406 1902 1531 1962 dernier
1561 1902 1629 1962 acte
1665 1904 1845 1964 l'avenante
1898 1909 2057 1969 patronne

1328 1941 1426 2001 Paula
1459 1942 1584 2002 Brosig,
1608 1943 1711 2003 tandis
1735 1942 1790 2002 que
1819 1944 1860 2004 les
1889 1946 2051 2006 différents

1327 1977 1460 2037 couples
1498 1980 1552 2040 qui
1586 1980 1615 2040 se
1649 1980 1724 2040 sont
1758 1981 1938 2041 rencontrés
1976 1985 2055 2045 dans

1328 2016 1405 2076 cette
1440 2019 1624 2079 charmante
1655 2019 1787 2079 auberge
1822 2019 1856 2079 du
1886 2023 2053 2083 Salzkam¬

1326 2054 1471 2114 mergut,
1504 2057 1535 2117 au
1576 2059 1648 2119 bord
1690 2058 1726 2118 du
1763 2060 1812 2120 lac
1845 2060 1962 2120 peuplé
1999 2061 2053 2121 des

1329 2094 1403 2154 plus
1429 2097 1595 2157 modernes
1625 2097 1771 2157 naïades,
1792 2097 1821 2157 se
1851 2102 2059 2162 conquièrent

1330 2133 1364 2193 de
1391 2133 1455 2193 leur
1477 2135 1541 2195 côté
1563 2136 1654 2196 après
1676 2136 1745 2196 tous
1767 2136 1809 2196 les
1827 2139 1969 2199 épisodes
1992 2140 2060 2200 sus¬

1330 2171 1485 2231 ceptibles
1516 2172 1547 2232 de
1578 2174 1658 2234 faire
1685 2174 1711 2234 le
1742 2174 1844 2234 mieux
1875 2177 1995 2237 revivre
2031 2180 2052 2240 le

1329 2210 1475 2270 souvenir
1507 2210 1538 2270 de
1574 2211 1595 2271 la
1627 2213 1715 2273 chère
1747 2212 1857 2272 vieille
1884 2218 2053 2278 Autriche.

1332 2249 1373 2309 Le
1405 2247 1477 2307 plus
1510 2251 1764 2311 caractéristique
1796 2253 1896 2313 forme
1928 2253 1950 2313 le
1983 2257 2050 2317 clou

1328 2288 1411 2348 final
1430 2288 1467 2348 du
1496 2290 1603 2350 second
1632 2291 1697 2351 acte
1726 2288 1753 2348 et
1773 2291 1856 2351 n'est
1875 2292 1907 2352 ni
1927 2294 2001 2354 plus
2025 2295 2057 2355 ti

1329 2326 1432 2386 moins
1460 2328 1520 2388 que
1549 2330 1744 2390 l'apparition
1782 2328 1819 2388 de
1847 2333 2052 2393 l'Empereur

1333 2366 1616 2426 François-Joseph
1654 2369 1731 2429 dont
1756 2369 1784 2429 la
1813 2369 1914 2429 figure
1943 2373 1971 2433 a.
1991 2372 2053 2432 pris

1329 2404 1364 2464 au
1395 2404 1536 2464 malheur
1563 2404 1616 2464 des
1639 2406 1741 2466 temps
1763 2407 1904 2467 présente
1932 2410 1962 2470 un
1994 2410 2051 2470 trèe

1327 2441 1457 2501 curieux
1495 2445 1597 2505 regain
1635 2445 1672 2505 de
1705 2448 1882 2508 popularité
1916 2446 1929 2506 —
1995 2451 2036 2511 qu

1329 2480 1492 2540 contribue
1545 2484 1581 2544 au
1634 2483 1740 2543 succès
1794 2488 1971 2548 triomphal
2015 2486 2050 2546 de

1324 2518 1516 2578 d'opérette.
1536 2521 1550 2581 A
1584 2521 1651 2581 côté
1680 2523 1714 2583 de
1738 2524 1930 2584 l'interprète
1960 2528 2031 2588 dec

1329 2554 1337 2614 «
1373 2557 1439 2617 rôle
1470 2558 1505 2618 de
1532 2563 1736 2623 composition
1772 2563 1784 2623 »
1816 2564 1887 2624 Otto
1918 2566 2042 2626 Langer

1328 2597 1496 2657 signalons
1519 2598 1591 2658 avec
1614 2601 1727 2661 plaisir
1750 2601 1772 2661 la
1796 2601 1972 2661 ravissante
1995 2607 2040 2667 Mi

1325 2634 1375 2694 mi
1400 2636 1496 2696 Shorp
1531 2640 1601 2700 qui,
1623 2640 1702 2700 dans
1728 2638 1761 2698 un
1795 2640 1861 2700 acte
1892 2642 1921 2702 en
1955 2645 2038 2705 costu

1330 2673 1377 2733 me
1407 2675 1435 2735 de
1459 2676 1550 2736 bain,
1570 2676 1628 2736 fait
1652 2679 1747 2739 valoir
1777 2679 1801 2739 la
1825 2681 1892 2741 plus
1922 2683 2041 2743 parfait

1331 2714 1494 2774 plastique
1531 2717 1694 2777 viennoise
1731 2718 1818 2778 qu'on
1859 2720 1964 2780 puisse
2000 2724 2036 2784 au

1330 2751 1494 2811 jourd'hui
1521 2754 1707 2814 concevoir,
1730 2757 1818 2817 ainsi
1840 2757 1898 2817 que
1934 2759 1978 2819 les
2005 2760 2040 2820 ex

1329 2790 1466 2850 cellents
1502 2792 1665 2852 comiques
1701 2793 1825 2853 Farkas
1860 2792 1891 2852 et
1927 2798 2033 2858 Imhof

1331 2829 1439 2889 parmi
1464 2831 1503 2891 un
1538 2832 1636 2892 essaim
1681 2834 1720 2894 de
1750 2834 1843 2894 jolies
1874 2837 2040 2897 danseuse:

1370 2885 1432 2945 Les
1466 2889 1619 2949 relations
1653 2891 1902 2951 intellectuelles
1936 2895 2036 2955 austré

1332 2927 1508 2987 françaises
1535 2927 1689 2987 chôment
1711 2931 1815 2991 moins
1846 2933 1901 2993 que
1932 2936 2035 2996 jamai

1337 2964 1405 3024 Une
1442 2966 1632 3026 conférence
1669 2969 1970 3029 particulièrement
2002 2975 2015 3035 a

1333 3004 1463 3064 plaudie
1496 3006 1528 3066 de
1562 3005 1702 3065 Georges
1730 3007 1894 3067 Duhamel
1918 3012 1996 3072 dane

1331 3041 1412 3101 salle
1436 3043 1589 3103 rectorale
1613 3043 1648 3103 de
1672 3045 1880 3105 l'Université
1903 3048 1939 3108 de
1962 3051 2034 3111 Vier

1332 3079 1368 3139 ne
1400 3081 1413 3141 a
1446 3082 1577 3142 marqué
1609 3082 1622 3142 à
1655 3082 1705 3142 cet
1732 3084 1827 3144 égard
1864 3085 1886 3145 la
1919 3091 2041 3151 rentré¬

1333 3118 1453 3178 C’était
1487 3121 1511 3181 le
1551 3121 1680 3181 prélude
1719 3123 1753 3183 de
1787 3124 1941 3184 l’activité
1981 3127 2028 3187 d’u

1332 3157 1456 3217 nouvel
1479 3160 1660 3220 organisme
1688 3161 1740 3221 qui
1763 3160 1793 3220 se
1825 3165 1936 3225 vouera
1963 3168 2033 3228 part

1331 3196 1547 3256 culièrement
1565 3198 1597 3258 au
1623 3200 1886 3260 rapprochement
1908 3204 1957 3264 des
1978 3206 2032 3266 deu

1335 3234 1494 3294 cultures,
1518 3237 1676 3297 l'Institut
1700 3240 1840 3300 français
1864 3240 1896 3300 de
1924 3243 2040 3303 Vienn.

1339 3273 1425 3333 Qu'il
1448 3275 1512 3335 soit
1535 3276 1653 3336 permis
1681 3279 1722 3339 ici
1745 3279 1781 3339 au
1814 3279 1978 3339 secrétaire
2005 3287 2037 3347 ge

1330 3312 1442 3372 néral,
1490 3315 1655 3375 ci-devant
1703 3318 1967 3378 administrateur

1333 3351 1448 3411 Centre
1475 3354 1613 3414 français
1640 3356 1675 3416 de
1698 3354 1960 3414 Hautes-Etudes
1983 3363 2036 3423 doi

1335 3387 1401 3447 sort
1423 3392 1582 3452 l'Institut
1596 3392 1653 3452 par
1676 3394 1729 3454 une
1751 3397 1906 3457 évolution
1937 3399 1968 3459 de
1990 3401 2025 3461 pr

1336 3427 1422 3487 grès,
1446 3429 1482 3489 de
1510 3431 1537 3491 se
1570 3431 1707 3491 féliciter
1735 3431 1767 3491 de
1800 3434 1868 3494 voir
1896 3437 1905 3497 à
1938 3440 1970 3500 sa
1998 3440 2024 3500 tê

1326 3469 1495 3529 d'éminent
1526 3470 1674 3530 historien
1714 3470 1796 3530 d'art
1827 3473 1922 3533 Louis
1958 3478 2040 3538 Réar

1335 3506 1368 3566 et
1389 3506 1464 3566 pour
1490 3509 1615 3569 maîtres
1645 3509 1673 3569 de
1699 3511 1904 3571 conférences
1925 3515 1975 3575 ses
1996 3517 2041 3577 jet

1336 3545 1384 3605 nes
1421 3548 1613 3608 camarades
1650 3547 1784 3607 d'Ecole
1822 3551 1964 3611 normale
2005 3552 2033 3612 si

1332 3581 1478 3641 périeure
1514 3583 1544 3643 et
1576 3586 1810 3646 d'agrégation,
1837 3591 1943 3651 André
1997 3590 2036 3650 Re

1333 3621 1421 3681 bert,
1448 3625 1612 3685 Raymond
1648 3625 1785 3685 Schiltz,
1807 3628 1975 3688 Ambroise
2002 3631 2037 3691 J.

1332 3660 1420 3720 bert.
1438 3661 1694 3721 L’inauguration
1721 3664 1871 3724 officielle
1898 3668 1969 3728 aura
1996 3668 2031 3728 lie

1338 3697 1374 3757 fin
1411 3702 1602 3762 novembre,
1630 3703 1707 3763 avec
1757 3703 1816 3763 une
1867 3707 2035 3767 conférent

1332 3737 1480 3797 d'Henri
1514 3742 1779 3802 Lichtenberger,
1808 3743 1966 3803 directeur

1338 3775 1501 3835 l'Institut
1528 3778 1673 3838 d'études
1705 3781 1930 3841 germaniques
1961 3783 1996 3843 de

1340 3813 1516 3873 Sorbonne.
1535 3816 1589 3876 Les
1608 3819 1712 3879 cours,
1744 3819 1803 3879 our
1821 3819 1957 3879 lesquels
1980 3822 2034 3882 l'él

1341 3854 1368 3914 te
1401 3855 1632 3915 intellectuelle
1665 3858 1827 3918 viennoise
1860 3860 1997 3920 annonce

1342 3894 1411 3954 plus
1437 3895 1482 3955 vif
1503 3897 1628 3957 intérêt,
1649 3897 1865 3957 commencent
1886 3898 1936 3958 ces
1961 3900 2026 3960 jour

1680 3981 1823 4041 Marcel
1845 3984 2014 4044 DUNAN,
