3248 4384
211 222 300 282 2.
350 225 945 285 Schnitzler's
1016 231 1244 291 Death

1462 230 1597 290 box
1678 233 1860 293 43/6

251 1300 975 1360 OBSERVER

345 1372 369 1432 I.
384 1369 505 1429 österr.
521 1366 671 1426 behördl.
686 1362 984 1422 konzessioniertes

300 1411 541 1471 Unternehmen
571 1408 618 1468 für
643 1405 1035 1465 Zeitungs-Ausschnitte

349 1471 508 1531 WIEN,
531 1471 581 1531 I.,
611 1468 895 1528 WOLLZEILE
947 1466 982 1526 11

458 1520 679 1580 TELEPHON
713 1516 889 1576 R-23-0-43

248 1665 480 1725 Ausschnitt
506 1662 597 1722 aus:

424 1823 704 1883 MULHOUS
749 1826 783 1886 R
828 1826 976 1886 EOTE

214 1847 233 1907 1
253 1846 285 1906 de

516 1898 840 1958 MULHOUSE

391 2032 449 2092 26
491 2040 730 2100 OCTUBRE
781 2044 890 2104 1931

1897 2199 1954 2259 ken
1981 2201 2111 2261 gegeben
2138 2199 2208 2259 hat,
2222 2199 2313 2259 findet
2333 2201 2391 2261 sich
2418 2202 2488 2262 auch
2509 2202 2534 2262 in
2554 2203 2698 2263 Schnitz-
2725 2202 2769 2262 die
2803 2204 2965 2264 Gedanken
2998 2205 3030 2265 zu
3057 2206 3225 2266 beschäftig

1893 2245 1960 2305 lers
1987 2244 2215 2304 dramatischer
2241 2244 2428 2304 Produktion
2460 2247 2594 2307 wieder.

2718 2250 2791 2310 lung
2827 2250 2883 2310 und
2912 2247 2957 2307 ihr
2986 2249 3093 2309 Dialog
3128 2250 3213 2310 besch

465 2259 538 2319 Zu
590 2259 815 2319 Arthur
854 2259 1066 2319 Schnit
1093 2259 1230 2319 lers
1269 2263 1657 2323 Heimgang.

2722 2289 2986 2349 wechselweise;
3003 2292 3051 2352 die
3079 2292 3230 2352 Charakte

1927 2295 2120 2355 Schnitzlers
2147 2296 2414 2356 Theaterstücke,
2441 2298 2555 2358 schrieb
2588 2298 2687 2358 einma

1897 2338 1982 2398 Hugo
2018 2337 2069 2397 von
2099 2340 2352 2400 Hofmannsthal,
2376 2340 2438 2400 sind
2468 2343 2693 2403 vollkommene
2722 2336 2779 2396 lich
2809 2335 2976 2395 erfunden,
2994 2337 3079 2397 leben
3109 2337 3155 2397 ihr
3184 2338 3224 2398 eig

277 2372 395 2432 Arthur
421 2373 590 2433 Schnitzier
609 2373 652 2433 ist
722 2372 803 2432 Wien
829 2373 847 2433 im
886 2372 966 2432 Alter
986 2372 1042 2432 von
1074 2372 1236 2432 gebenden
1262 2372 1475 2432 Entzückens,
1495 2373 1550 2433 und
1576 2373 1651 2433 dann
1684 2375 1802 2435 wieder
1828 2375 1871 2435 eir

1898 2381 2164 2441 Theaterstücke,
2176 2384 2305 2444 gebaut,
2323 2384 2351 2444 um
2391 2384 2424 2444 zu
2448 2384 2577 2444 fesseln,
2589 2386 2623 2446 zu
2646 2382 2702 2442 be¬
2725 2377 2832 2437 dienen
2867 2378 2939 2438 doch
2968 2378 3025 2438 nur
3054 2378 3104 2438 dem
3144 2380 3228 2440 Canz

240 2414 277 2474 69
305 2416 417 2476 Jahren
445 2417 627 2477 gestorben.
644 2417 708 2477 Sein
741 2417 799 2477 Tod
827 2417 880 2477 kam
919 2417 972 2477 uns
994 2417 1047 2477 un-
1069 2417 1230 2477 Vibrieren
1263 2417 1526 2477 nachdenklicher
1559 2417 1780 2477 Melancholie.
1802 2422 1866 2482 Und
1899 2425 2087 2485 schäftigen,
2130 2427 2151 2487 in
2184 2426 2388 2486 geistreicher
2416 2426 2517 2486 Weise
2545 2427 2577 2487 zu
2604 2428 2695 2488 über-
2728 2421 2808 2481 diese
2836 2421 2948 2481 Stücke
2981 2422 3029 2482 auf
3057 2422 3110 2482 der
3132 2421 3234 2481 Bühne

240 2460 412 2520 erwartet.
429 2460 503 2520 Noch
536 2459 590 2519 vor
612 2461 719 2521 kurzem
757 2461 854 2521 haben
882 2461 935 2521 wir
957 2462 1037 2522 einen
1070 2460 1107 2520 es
1130 2460 1172 2520 ist
1189 2460 1215 2520 in
1243 2460 1339 2520 dieser
1361 2461 1490 2521 Stimme
1518 2462 1577 2522 eine
1604 2462 1679 2522 Güte
1707 2462 1760 2522 von
1787 2465 1873 2525 kind-
1895 2469 2051 2529 raschon,
2068 2471 2111 2531 sie
2138 2471 2181 2531 tun
2214 2471 2261 2531 dem
2305 2471 2488 2531 Augenblick
2515 2472 2612 2532 genug
2640 2471 2693 2531 und
2731 2464 2785 2524 das
2812 2463 2941 2523 Gefühl:
2963 2468 3135 2528 derjenige,
3152 2470 3205 2530 der

238 2504 333 2564 Brief
357 2504 414 2564 von
444 2504 486 2564 ihm
530 2504 683 2564 erhalten,
702 2505 726 2565 in
755 2505 889 2565 welchem
932 2507 965 2567 er
990 2507 1037 2567 sei

1077 2504 1172 2564 licher
1198 2504 1350 2564 Reinheit,
1378 2505 1421 2565 die
1454 2504 1524 2564 alles
1556 2505 1658 2565 Gütige
1698 2507 1748 2567 und
1781 2507 1875 2567 Kind-
1902 2512 2068 2572 vermögen
2094 2513 2170 2573 noch
2196 2516 2401 2576 nachträglich
2433 2516 2484 2576 das
2510 2516 2618 2576 Gemüt
2638 2516 2695 2576 und
2728 2512 2772 2572 ist
2792 2510 2842 2570 auf
2855 2510 2906 2570 den
2932 2510 3073 2570 Brettern
3099 2510 3130 2570 zu
3150 2516 3232 2576 Haus

244 2548 298 2608 ner
324 2549 439 2609 Freude
470 2547 545 2607 über
570 2548 615 2608 die
641 2549 906 2609 Betrachtungen,
927 2552 1042 2612 welche
1073 2549 1153 2609 liche
1179 2549 1198 2609 in
1229 2549 1278 2609 uns
1304 2549 1434 2609 aufruft.

2720 2553 2834 2613 andern
2871 2555 3022 2615 Ehrgeiz,
3044 2555 3086 2615 als
3116 2555 3202 2615 durch

244 2590 304 2650 wir
328 2590 383 2650 vor
412 2593 529 2653 einigen
557 2590 697 2650 Monaten
730 2593 748 2653 im
796 2591 805 2651 «
820 2593 1043 2653 Literarischen

2717 2593 2856 2653 wirken.

1106 2609 1170 2669 Von
1196 2609 1246 2669 der
1272 2611 1362 2671 Liebe
1388 2611 1529 2671 sprechen
1560 2611 1614 2671 alle
1640 2613 1720 2673 seine
1741 2614 1876 2674 Bücher,

238 2632 321 2692 Echo
341 2632 355 2692 »
376 2633 439 2693 (25.
454 2634 537 2694 März
562 2632 645 2692 1931)
660 2635 733 2695 über
754 2635 812 2695 sein
837 2636 1043 2696 Lebenswerk

2757 2638 2953 2698 Schnitzlers
2989 2641 3199 2701 Erzählungen

1074 2656 1129 2716 alle
1152 2653 1234 2713 diese
1257 2654 1489 2714 Erzählungen,
1500 2656 1577 2716 diese
1600 2655 1716 2715 kleinen
1744 2656 1865 2716 Dialoge

2722 2683 2897 2743 spannend.
2920 2683 2966 2743 Sie
2997 2684 3089 2744 haben
3125 2686 3229 2746 immer

250 2680 511 2740 wiedergegeben
553 2680 669 2740 haben,
704 2680 862 2740 Ausdruck
918 2680 1055 2740 verlieh.
1083 2697 1130 2757 und
1159 2698 1282 2758 grossen
1317 2698 1578 2758 Theaterstücke.
1613 2698 1674 2758 Von
1703 2698 1750 2758 der
1778 2701 1867 2761 Liebe

240 2723 314 2783 Wir
335 2723 492 2783 schrieben
523 2722 641 2782 damals
667 2723 696 2783 u.
717 2725 760 2785 a.:

2719 2728 2792 2788 tail,
2809 2727 2883 2787 aber
2906 2728 2951 2788 nie
2981 2728 3088 2788 zuviel
3111 2728 3224 2788 davon.

1075 2742 1127 2802 und
1161 2742 1213 2802 vom
1257 2741 1358 2801 Tode.
1373 2743 1454 2803 Auch
1488 2743 1569 2803 wenn
1603 2743 1641 2803 sie
1670 2743 1733 2803 sich
1762 2746 1872 2806 anders

2718 2770 2876 2830 chologie,
2894 2770 2973 2830 aber
2997 2770 3036 2830 die
3059 2770 3234 2830 Psycholos

285 2765 355 2825 «Es
381 2767 418 2827 ist
445 2768 508 2828 eine
534 2767 757 2827 unbestrittene
790 2767 956 2827 Tatsache,
976 2770 1045 2830 dass
1071 2785 1192 2845 geben,
1206 2785 1275 2845 auch
1301 2785 1391 2845 wenn
1417 2786 1455 2846 sie
1481 2788 1621 2848 manchen
1647 2788 1793 2848 sinnreich
1819 2788 1870 2848 un¬

235 2811 355 2871 Arthur
381 2809 558 2869 Schnitzler
583 2810 639 2870 der
660 2811 867 2871 Generation,
887 2812 932 2872 die
958 2811 1043 2871 heute

2718 2814 2773 2874 zu,
2796 2814 2845 2874 den
2879 2813 2962 2873 Gang
2996 2814 3045 2874 des
3074 2814 3195 2874 Ganzen
3224 2810 3240 2870 i

1068 2829 1206 2889 sinnigen
1255 2829 1312 2889 und
1355 2829 1580 2889 erstaunlichen
1614 2831 1868 2891 Verknüpfungen

2719 2857 2776 2917 den
2806 2856 2979 2916 Rhythmus
3008 2857 3077 2917 bald
3107 2858 3141 2918 zu
3176 2855 3228 2915 ver

244 2855 274 2915 an
313 2853 368 2913 der
394 2853 550 2913 Schwelle
583 2853 638 2913 des
664 2853 896 2913 Greisenalters
947 2856 1047 2916 steht,
1079 2868 1129 2928 des
1173 2874 1349 2934 Schicksals
1394 2874 1606 2934 nachspüren,
1651 2874 1726 2934 auch
1783 2874 1870 2934 wenn

237 2898 321 2958 innig
359 2898 541 2958 verbunden
579 2898 658 2958 war.
710 2898 752 2958 Er
780 2898 822 2958 ist
850 2899 934 2959 eines
967 2898 1028 2958 ihre

2718 2901 2751 2961 zu
2779 2901 3035 2961 beschleunigen.
3058 2901 3102 2961 Sie
3130 2902 3230 2962 stecke

1066 2916 1184 2976 Streit,
1206 2916 1352 2976 Aufruhr,
1369 2919 1552 2979 Tapferkeit
1574 2919 1628 2979 und
1650 2916 1714 2976 Not
1736 2916 1784 2976 des
1812 2918 1871 2978 Da¬

2721 2943 2809 3003 tung.
2832 2943 2914 3003 Aber
2942 2944 3014 3004 auch
3053 2944 3097 3004 die
3125 2946 3230 3006 Beobe

240 2942 402 3002 stärksten
440 2940 683 3000 künstlerischen
715 2943 909 3003 Ereignisse,
960 2945 1047 3005 eines
1079 2957 1159 3017 seins
1185 2960 1228 3020 sie
1254 2961 1378 3021 erfüllen
1404 2961 1460 3021 und
1486 2961 1742 3021 durchschüttern
1768 2961 1873 3021 möch¬

228 2986 313 3046 ihrer
342 2985 545 3045 suggestiven
574 2985 749 3045 Vorbilder.
769 2985 830 3045 Von
859 2988 958 3048 seiner
983 2988 1053 3048 Art,

2718 2988 2930 3048 eigentlichen
2969 2987 3045 3047 Reiz
3084 2990 3138 3050 der
3171 2991 3225 3051 Erz

1077 3006 1141 3066 ten,
1163 3006 1200 3066 ist
1223 3003 1265 3063 ihr
1293 3006 1389 3066 Inhalt
1417 3006 1460 3066 die
1487 3006 1579 3066 Liebe
1606 3006 1660 3066 und
1693 3006 1741 3066 der
1768 3006 1870 3066 Tod.»

244 3031 290 3091 die
314 3029 403 3089 Liebe
431 3029 459 3089 zu
487 3029 595 3089 sehen,
614 3029 651 3089 ist
675 3029 726 3089 das
750 3030 970 3090 Liebesgefühl
989 3029 1031 3089 die

2717 3029 2843 3089 ordnet.
2868 3029 2940 3089 Man
2971 3031 3025 3091 hat
3056 3031 3110 3091 das
3141 3031 3231 3091 Gefül

239 3071 293 3131 ser
317 3072 503 3132 Generation
531 3071 717 3131 beeinflusst
741 3074 886 3134 worden;
909 3074 963 3134 von
991 3074 1036 3134 sei

2722 3074 2803 3134 einem
2858 3075 2950 3135 Mann
2990 3076 3229 3136 herrühren,d

1105 3077 1299 3137 Schnitzler,
1316 3077 1364 3137 der
1391 3077 1453 3137 1862
1480 3077 1501 3137 in
1528 3077 1607 3137 Wien
1634 3077 1766 3137 geboren
1798 3077 1856 3137 wur

240 3118 292 3178 ner
322 3116 389 3176 Art,
409 3116 461 3176 den
491 3117 553 3177 Tod
578 3116 611 3176 zu
641 3116 776 3176 denken,
796 3116 877 3176 ward
907 3119 950 3179 ihr
974 3119 1032 3179 Ver

2717 3116 2831 3176 Talent
2856 3119 2903 3179 des
2928 3119 3097 3179 Erzählers
3122 3122 3230 3182 kurzer

1071 3122 1125 3182 de,
1152 3119 1217 3179 war
1240 3122 1331 3182 Arzt.
1353 3121 1397 3181 Er
1419 3121 1521 3181 bleibt
1549 3120 1630 3180 einer
1658 3119 1712 3179 der
1740 3122 1869 3182 liebens¬

2716 3162 2772 3222 ger
2802 3161 3020 3221 Erzählungen
3050 3164 3095 3224 ist

244 3161 615 3221 gänglichkeitsgedanke
650 3161 826 3221 angefärbt,
855 3161 912 3221 von
946 3162 1045 3222 seiner
1080 3163 1261 3223 würdigsten
1290 3164 1375 3224 unter
1399 3164 1451 3224 den
1481 3164 1605 3224 grossen
1629 3165 1867 3225 Schriftstellern

2755 3203 2781 3263 In
2808 3203 2915 3263 beiden
2942 3206 3089 3266 Formen:
3110 3208 3216 3268 Drama

244 3206 405 3266 Inbrunst,
425 3204 477 3264 das
501 3205 597 3265 Leben
626 3205 654 3265 zu
683 3206 850 3266 verehren,
869 3206 912 3266 ihr
932 3207 1041 3267 Dasein
1075 3209 1132 3269 der
1161 3209 1428 3269 naturalistischen
1462 3209 1667 3269 Generation.
1711 3209 1791 3269 Auch
1830 3209 1868 3269 die

238 3248 358 3308 erhöht
387 3248 437 3308 und
470 3248 633 3308 befeuert.

2717 3248 2892 3308 Schnitzler
2918 3250 3069 3310 durchaus
3089 3250 3226 3310 Künstler

1069 3250 1298 3310 Entwicklung,
1323 3250 1365 3310 die
1395 3250 1423 3310 er
1452 3250 1523 3310 nach
1553 3252 1605 3312 der
1634 3250 1868 3310 Lebenswende

2716 3290 2822 3350 ersten
2852 3292 2930 3352 Tage
2954 3292 3009 3352 an.
3022 3292 3060 3352 Es
3084 3294 3123 3354 ist
3146 3295 3185 3355 ein
3214 3293 3225 3353 e

282 3294 310 3354 In
344 3292 395 3352 der
420 3292 563 3352 starken,
583 3292 802 3352 kulturfeinen,
822 3292 955 3352 reizvoll
974 3295 1045 3355 aro-
1075 3297 1127 3357 des
1161 3293 1213 3353 50.
1242 3295 1352 3355 Jahres
1391 3295 1571 3355 genommen
1611 3295 1677 3355 hat,
1706 3295 1791 3355 zeigt
1825 3296 1868 3356 ihn

2717 3334 2838 3394 danke,
2861 3335 2932 3395 dass
2972 3337 3015 3397 die
3049 3337 3165 3397 kleinen
3205 3340 3220 3400 S

238 3334 414 3394 matischen
457 3334 557 3394 Kunst
582 3334 696 3394 Arthur
735 3336 925 3396 Schnitzlers
974 3337 1045 3397 hört
1074 3338 1183 3398 weiter
1213 3337 1255 3397 als
1284 3337 1375 3397 reifen
1409 3340 1604 3400 Beobachter
1643 3340 1700 3400 und
1739 3340 1872 3400 hervor¬

2712 3377 2815 3437 Leben
2849 3379 2931 3439 einer
2959 3381 3144 3441 erfundenen
3167 3382 3232 3442 Figi

233 3379 302 3439 man
336 3379 447 3439 immer
481 3377 536 3437 den
574 3379 728 3439 Vollklang
776 3379 860 3439 einer
903 3382 1033 3442 schönen
1067 3383 1221 3443 ragenden
1245 3382 1479 3442 Psychologen.
1498 3383 1544 3443 Ein
1568 3382 1694 3442 tieferes
1718 3384 1863 3444 Eingehen

2714 3421 2808 3481 heute
2831 3424 2909 3484 aller
2932 3424 3014 3484 Welt
3032 3425 3054 3485 in
3082 3426 3198 3486 Europa

243 3424 523 3484 Menschlichkeit.
542 3421 641 3481 Darum
678 3423 718 3483 ist
741 3424 813 3484 auch
845 3424 895 3484 der
918 3425 1044 3485 Dichter
1072 3427 1130 3487 auf
1176 3426 1221 3486 die
1271 3427 1470 3487 Eigenheiten
1525 3427 1578 3487 und
1629 3427 1868 3487 Seltsamkeiten

2715 3466 2848 3526 geläufig
2888 3468 2943 3528 ist,
2965 3468 3020 3528 und
3060 3468 3121 3528 eine
3155 3468 3232 3528 kur¬

249 3466 305 3526 von
330 3468 444 3528 Anfang
473 3468 506 3528 an
530 3466 649 3526 geliebt
669 3466 807 3526 worden.
826 3468 892 3528 Man
917 3468 969 3528 hat
989 3468 1036 3528 den
1070 3470 1156 3530 eines
1185 3468 1323 3528 Milieus,
1347 3468 1399 3528 das
1428 3468 1538 3528 Grazie
1567 3468 1624 3528 und
1653 3471 1872 3531 Liebenswür¬

2718 3507 2925 3567 vollkommen
2963 3510 3039 3570 reife
3073 3513 3127 3573 und
3166 3513 3236 3573 meis

243 3507 415 3567 Geigenton
452 3510 554 3570 seiner
587 3510 712 3570 Stimme
745 3510 801 3570 aus
834 3511 903 3571 allen
940 3513 1037 3573 seinen
1076 3514 1191 3574 digkeit
1215 3513 1340 3573 besitet,
1359 3513 1428 3573 liess
1456 3513 1498 3573 ihn
1531 3513 1559 3573 zu
1592 3513 1670 3573 einem
1712 3513 1763 3573 der
1787 3514 1870 3574 treff¬

2711 3550 2783 3610 lung
2820 3552 2836 3612 «
2847 3553 2997 3613 Reichtum
3029 3555 3038 3615 »
3070 3555 3122 3615 das
3154 3555 3236 3615 erste

243 3552 376 3612 Werken
408 3554 628 3614 vernommen.
642 3554 678 3614 Es
706 3552 747 3612 ist
770 3552 830 3612 eine
858 3555 963 3615 süsse,
981 3558 1040 3618 wei

1067 3557 1197 3617 lichsten
1231 3555 1407 3615 Schilderer
1440 3555 1496 3615 der
1525 3557 1720 3617 weichlichen
1758 3558 1869 3618 wiene¬

2048 3579 2213 3639 Arthur
2239 3579 2463 3639 Schnitzler
2489 3579 2538 3639 f.

2716 3597 2747 3657 er
2774 3597 2824 3657 vor
2845 3597 2876 3657 so
2903 3600 2992 3660 vielen
3019 3600 3127 3660 Jahren
3154 3599 3243 3659 herve

234 3597 289 3657 che
314 3597 531 3657 Zärtlichkeit,
552 3597 592 3657 ein
618 3597 723 3657 treues
744 3599 895 3659 Beharren
926 3600 945 3660 in
976 3600 1031 3660 sich
1068 3601 1188 3661 rischen
1219 3599 1274 3659 Art
1300 3598 1441 3658 werden.
1462 3599 1517 3659 Die
1548 3600 1784 3660 eigentümliche
1815 3600 1860 3660 Mi

1896 3639 2025 3699 Wenige
2069 3639 2198 3699 Monate
2242 3639 2297 3699 vor
2347 3639 2538 3699 Vollendung
2589 3642 2693 3702 seines

244 3643 358 3703 selbst,
416 3642 468 3702 dem
521 3642 564 3702 die
603 3642 731 3702 Männer
765 3643 822 3703 sich
861 3645 942 3705 nicht
976 3644 1042 3704 ver-
1071 3644 1185 3704 schung
1220 3642 1272 3702 von
1301 3642 1449 3702 Schmerz
1483 3643 1535 3703 und
1564 3645 1698 3705 Humor,
1717 3645 1779 3705 eine
1813 3643 1870 3703 ele¬

2753 3648 2932 3708 Schnitzler
2975 3651 3080 3711 waren
3125 3651 3186 3711 alle

1892 3683 1941 3743 70.
1966 3684 2192 3744 Lebensjahres
2227 3684 2310 3744 starb
2345 3681 2374 3741 in
2413 3683 2492 3743 Wien
2532 3684 2585 3744 der
2615 3684 2693 3744 Dra¬

245 3684 416 3744 schliessen
445 3684 583 3744 können.
622 3684 674 3744 Ein
704 3686 880 3746 unschuldig
909 3689 1042 3749 heiteres
1072 3689 1176 3749 gische
1210 3686 1387 3746 Weichheit
1416 3686 1511 3746 neben
1545 3686 1597 3746 der
1631 3689 1870 3749 Graemlichkeit

2714 3689 2845 3749 Dienst,
2859 3692 2908 3752 die
2934 3694 2983 3754 das
3009 3695 3178 3755 Handwerk
3210 3695 3222 3755 e

244 3731 406 3791 Auflachen
436 3731 472 3791 ist
491 3731 514 3791 in
545 3731 641 3791 seiner
665 3731 803 3791 Stimme,
822 3733 864 3793 ein
894 3735 948 3795 Ton
973 3736 1038 3796 hin-
1069 3736 1123 3796 des
1141 3735 1279 3795 Alltags,
1298 3734 1340 3794 die
1364 3734 1400 3794 er
1425 3734 1520 3794 seinen
1551 3734 1653 3794 besten
1684 3731 2027 3791 Prosawer-matiker
2051 3728 2105 3788 und
2130 3728 2358 3788 Schriftsteller
2377 3729 2497 3789 Arthur
2515 3731 2689 3791 Schnitzler
2720 3735 2774 3795 und
2805 3737 2876 3797 sehr
2901 3740 3159 3800 nachdenklichen
3202 3739 3220 3799 K
