3344 4256
214 265 366 325 12.

415 273 993 333 Schnitzler's
1064 276 1292 336 Death

366 1055 631 1115 OBS

746 1071 1089 1131 ERVER

456 1115 478 1175 I.
496 1117 612 1177 österr.
625 1123 777 1183 behördl.
791 1130 1089 1190 konzessioniertes

407 1155 642 1215 Unternehmen
674 1162 722 1222 für
745 1172 1136 1232 Zeitungs-Ausschnitte

461 1216 606 1276 WIEN,
633 1222 686 1282 I.,
713 1229 991 1289 WOLLZEILE
1045 1239 1084 1299 11

549 1271 771 1331 TELEPHON
809 1282 982 1342 R-23-0-43

344 1404 569 1464 Ausschnitt
593 1411 685 1471 aus:

670 1538 857 1598 Vossisehe
871 1560 1033 1620 Leiting,
1047 1577 1084 1637 Pe

341 1628 457 1688 vom:

681 1732 770 1792 22.
790 1740 843 1800 UK

571 1914 893 1974 Arthur
951 1926 1413 1986 Schnitzlex

680 2008 769 2068 Zum
821 2013 944 2073 Tode
984 2016 1062 2076 des
1097 2022 1327 2082 Dichters

474 2082 574 2142 Lesser
608 2087 691 2147 Urys
731 2090 898 2150 tragisches
937 2096 1088 2156 Schicksal
1122 2102 1317 2162 wiederholt
1368 2106 1435 2166 sich.
1497 2110 1585 2170 Aufs

441 2130 520 2190 neue
546 2132 636 2192 stirbt
661 2135 706 2195 ein
742 2139 887 2199 Künstler
917 2143 952 2203 an
988 2144 1037 2204 der
1063 2148 1213 2208 Schwelle
1244 2151 1293 2211 des
1324 2157 1494 2217 siebzigsten
1530 2156 1584 2216 Le¬

433 2179 644 2239 bensjahres,
665 2185 695 2245 im
737 2187 907 2247 Moment,
928 2192 963 2252 da
995 2195 1077 2255 schon
1109 2195 1155 2255 die
1186 2201 1413 2261 Instrumente
1439 2204 1495 2264 für
1527 2207 1578 2267 das

430 2231 637 2291 Festkonzert
664 2236 823 2296 gestimmt
851 2240 998 2300 werden.

474 2295 600 2355 Arthur
629 2302 795 2362 Schnitzler
823 2305 939 2365 freilich
968 2308 1051 2368 wäre
1079 2311 1128 2371 den
1162 2314 1273 2374 Flöten
1312 2317 1373 2377 und
1407 2320 1573 2380 Posaunen

428 2345 527 2405 gewiß
558 2347 744 2407 entwichen.
774 2350 815 2410 Er
840 2354 1036 2414 musizierte,
1057 2359 1141 2419 einer
1167 2361 1222 2421 von
1253 2362 1308 2422 den
1338 2367 1464 2427 Leisen,
1484 2368 1579 2428 lieber

432 2392 486 2452 für
512 2394 557 2454 sich
582 2395 692 2455 allein.
723 2396 798 2456 Wer
823 2401 873 2461 den
909 2403 1110 2463 untersetzten
1141 2409 1246 2469 Mann
1276 2410 1336 2470 mit
1357 2413 1406 2473 dem
1452 2416 1572 2476 schönen

433 2442 727 2502 Musikantenkopf,
748 2446 790 2506 die
816 2449 898 2509 Locke
925 2452 1038 2512 immer
1059 2455 1126 2515 noch
1152 2456 1229 2516 über
1256 2458 1307 2518 der
1328 2462 1442 2522 Stirn,
1463 2464 1576 2524 jemals

430 2487 553 2547 gesehen
589 2489 655 2549 hat,
677 2492 805 2552 vermag
836 2494 887 2554 ihn
924 2498 969 2558 sich
1006 2500 1082 2560 nicht
1109 2502 1154 2562 als
1191 2503 1324 2563 Jubilar
1356 2510 1555 2570 vorzustellen

428 2530 501 2590 Seit
533 2537 586 2597 der
618 2538 750 2598 Freitod
787 2544 892 2604 seiner
925 2546 1040 2606 jungen
1084 2550 1209 2610 Tochter
1242 2551 1289 2611 ihn
1327 2556 1379 2616 ins
1412 2557 1495 2617 Herz
1527 2562 1558 2622 ge

424 2580 542 2640 troffen
573 2586 645 2646 hat,
666 2589 712 2649 zog
744 2589 794 2649 der
821 2592 949 2652 Dichter
975 2595 1022 2655 sich
1053 2598 1114 2658 noch
1146 2598 1263 2658 scheuer
1291 2601 1336 2661 als
1368 2604 1475 2664 früher
1507 2607 1557 2667 vom

424 2628 503 2688 Lärm
544 2631 594 2691 der
619 2634 704 2694 Welt
725 2637 845 2697 zurück.
875 2640 960 2700 Aber
986 2641 1070 2701 wäre
1091 2645 1141 2705 ihm
1181 2646 1256 2706 diese
1282 2651 1472 2711 Entsagung
1503 2655 1567 2715 auch

421 2676 501 2736 nicht
534 2679 587 2739 zur
621 2681 729 2741 Natur
762 2687 950 2747 geworden,
978 2689 1005 2749 so
1038 2693 1102 2753 gilt
1130 2693 1183 2753 für
1216 2693 1275 2753 sein
1330 2698 1448 2758 Altern
1508 2702 1562 2762 sein

419 2725 548 2785 eigenes
585 2728 695 2788 Wort:
735 2732 826 2792 „Und
862 2735 952 2795 wenn
993 2737 1057 2797 uns
1094 2738 1138 2798 ein
1174 2740 1239 2800 Zug
1275 2742 1330 2802 von
1375 2747 1566 2807 Bacchanten

425 2774 586 2834 begleitet,
608 2775 656 2835 den
689 2778 759 2838 Weg
792 2780 884 2840 hinab
912 2785 1003 2845 gehen
1041 2786 1094 2846 wir
1122 2789 1176 2849 alle
1203 2789 1316 2849 allein.

458 2832 653 2892 Einsamkeit
686 2834 742 2894 der
774 2839 939 2899 Menschen
981 2843 1254 2903 untereinander,
1281 2850 1472 2910 Fremdheit
1498 2854 1554 2914 vom

413 2878 557 2938 Nächsten
588 2881 639 2941 zum
681 2884 840 2944 Nächsten,
856 2887 912 2947 das
938 2889 969 2949 ist
991 2890 1036 2950 die
1058 2893 1268 2953 Schwermut,
1284 2896 1340 2956 aus
1367 2897 1418 2957 der
1434 2901 1567 2961 Schnitz¬

420 2926 478 2986 lers
505 2928 605 2988 Kunst
627 2931 679 2991 von
711 2933 779 2993 früh
806 2934 837 2994 an
870 2936 932 2996 ihre
959 2937 1054 2997 Säfte
1071 2941 1197 3001 gesogen
1229 2944 1297 3004 hat.
1335 2945 1414 3005 Auch
1441 2946 1467 3006 im
1504 2948 1572 3008 An¬

415 2975 507 3035 fang,
533 2977 678 3037 damals,
704 2980 750 3040 als
787 2982 833 3042 er,
854 2985 1003 3045 Gerhart
1030 2990 1262 3050 Hauptmanns
1299 2996 1572 3056 Altersgefährte,

412 3023 478 3083 beim
517 3024 656 3084 Ansturm
699 3029 786 3089 einer
810 3031 906 3091 neuen
940 3034 1131 3094 Generation
1165 3037 1208 3097 die
1232 3041 1429 3101 wienerische
1449 3044 1568 3104 Heiter¬

415 3069 471 3129 keit
497 3070 523 3130 in
559 3073 678 3133 Person
715 3077 921 3137 darzustellen
958 3082 1077 3142 schien.
1114 3085 1284 3145 Innerlich
1321 3088 1403 3148 stand
1440 3093 1491 3153 er,
1517 3093 1558 3153 ein

416 3117 538 3177 Jünger
568 3119 621 3179 der
647 3124 862 3184 romanischen
898 3131 1187 3191 Formenmeister,
1207 3135 1260 3195 den
1295 3138 1476 3198 Propheten
1511 3139 1564 3199 der

415 3169 656 3229 Formlosigkeit
683 3173 764 3233 zwar
796 3177 873 3237 schon
909 3177 940 3237 zu
971 3180 1063 3240 jener
1089 3180 1156 3240 Zeit
1182 3184 1387 3244 meilenfern.
1429 3186 1501 3246 Nur
1527 3187 1552 3247 in

411 3213 462 3273 der
504 3219 699 3279 Ablehnung
741 3222 958 3282 bürgerlicher
994 3228 1206 3288 Vorurteile,
1247 3230 1273 3290 in
1320 3234 1371 3294 der
1413 3236 1557 3296 ethischen

415 3265 575 3325 Toleranz
596 3269 668 3329 glich
701 3269 731 3329 er
757 3271 856 3331 seinem
898 3275 1120 3335 Kameraden.

458 3328 526 3388 Aus
556 3332 601 3392 dem
642 3335 746 3395 Geiste
770 3338 821 3398 der
845 3340 1047 3400 Schwermut
1070 3344 1104 3404 ist
1122 3346 1202 3406 schon
1232 3347 1289 3407 sein
1319 3350 1480 3410 Erstling,
1498 3350 1549 3410 sein

413 3380 572 3440 „Anatol“
604 3383 764 3443 geboren,
785 3386 836 3446 der
867 3391 1079 3451 leichtsinnige
1110 3395 1373 3455 Melancholiker,
1399 3398 1471 3458 über
1503 3400 1554 3460 den

415 3430 440 3490 so
461 3427 512 3487 oft
533 3427 558 3487 in
590 3431 744 3491 deutschen
781 3434 935 3494 Theatern
966 3440 1116 3500 gelächelt
1137 3441 1260 3501 worden
1291 3445 1342 3505 ist.
1379 3445 1466 3505 Naiv
1498 3447 1554 3507 und

411 3473 539 3533 blasiert
565 3477 720 3537 zugleich,
741 3481 915 3541 Lebemann
957 3484 1018 3544 und
1055 3490 1400 3550 Lebensklippschüler,
1426 3493 1554 3553 ironisch

405 3521 465 3581 und
496 3523 677 3583 ironisiert,
698 3527 728 3587 so
759 3529 889 3589 erleidet
920 3532 950 3592 er
976 3533 1062 3593 seine
1093 3538 1305 3598 ruhmreichen
1341 3541 1547 3601 Niederlagen

413 3571 434 3631 im
482 3573 613 3633 Kampfe
640 3575 698 3635 mit
725 3578 782 3638 der
809 3580 914 3640 Frau.
957 3580 1020 3640 Als
1052 3583 1125 3643 diese
1152 3586 1257 3646 Figur
1295 3588 1321 3648 in
1363 3589 1552 3649 Schnitzlers

411 3619 571 3679 wärmstem
611 3625 821 3685 Schauspiel,
852 3628 877 3688 in
922 3628 977 3688 der
1013 3631 1183 3691 „Liebelei“
1214 3636 1454 3696 wiederkehrte,
1485 3636 1554 3696 ver¬

412 3669 500 3729 flocht
522 3669 571 3729 sich
600 3671 655 3731 mit
678 3672 760 3732 ihrem
799 3674 932 3734 Geschick
955 3676 1009 3736 das
1037 3678 1137 3738 Fatum
1176 3680 1264 3740 jenes
1298 3684 1402 3744 „süßen
1431 3686 1552 3746 Wiener

411 3714 587 3774 Mädels",
601 3720 697 3780 dessen
731 3720 822 3780 Ruhm
862 3723 971 3783 später
999 3726 1096 3786 seinem
1142 3727 1233 3787 Schör
1260 3730 1292 3790 er
1319 3733 1344 3793 so
1372 3734 1468 3794 heftig
1502 3736 1553 3796 auf

411 3763 457 3823 die
485 3765 610 3825 Nerven
644 3768 717 3828 fiel.

1513 282 1640 342 box
1713 289 1903 349 42/7

1681 1875 1777 1935 Schon
1812 1881 1955 1941 damals,
1970 1885 2017 1945 als
2045 1885 2092 1945 die
2121 1886 2202 1946 Welt
2224 1889 2271 1949 ihn
2299 1892 2367 1952 noch
2395 1894 2443 1954 für
2471 1895 2518 1955 den
2553 1899 2765 1959 übermütigen

2825 1903 2876 1963 für
2906 1905 2987 1965 einen
3018 1911 3180 1971 Menschen
3211 1913 3328 1973 getan,

1637 1923 1814 1983 Charmeur
1845 1929 1937 1989 hielt,
1962 1930 2041 1990 setzte
2072 1933 2262 1993 Schnitzler,
2281 1938 2360 1998 Arzt
2392 1940 2452 2000 und
2484 1947 2698 2007 Arztessohn,
2723 1948 2784 2008 mit
2828 1949 2876 2009 die
2901 1954 2980 2014 Welt
3006 1958 3035 2018 zu
3073 1958 3183 2018 setzen.

1635 1966 1684 2026 der
1712 1973 1838 2033 Skepsis
1867 1974 1916 2034 des
1944 1980 2208 2040 Naturforschers
2237 1984 2319 2044 seine
2347 1989 2568 2049 Fragezeichen
2601 1995 2705 2055 hinter
2734 1995 2777 2055 die

2856 2006 2901 2066 In
2941 2016 3033 2076 dieser
3057 2019 3157 2079 Ethik
3181 2022 3265 2082 eines
3297 2024 3335 2084 sie

1631 2019 1819 2079 gewaltigen
1852 2024 1997 2084 Begriffe
2024 2025 2078 2085 der
2105 2028 2212 2088 Ethik.
2256 2031 2325 2091 „Ist
2358 2034 2395 2094 es
2434 2037 2562 2097 wirklich
2601 2042 2675 2102 groß
2719 2043 2772 2103 das

2812 2062 3007 2122 überwachen
3044 2067 3168 2127 Geistes
3198 2069 3309 2129 schwan

1637 2067 1803 2127 Große?",
1816 2073 1932 2133 Ibsens
1964 2075 2041 2135 Vers
2068 2076 2169 2136 klingt
2189 2079 2253 2139 aus
2280 2080 2324 2140 all
2337 2084 2440 2144 seinem
2479 2089 2620 2149 Grübeln
2646 2093 2780 2153 heraus.

2815 2109 2879 2169 „Es
2904 2111 3016 2171 fließen
3052 2114 3247 2174 ineinander
3277 2117 3335 2177 Tri

1670 2128 1728 2188 Die
1753 2134 1858 2194 Lieke,
1876 2138 1941 2198 was
1971 2140 1999 2200 ist
2024 2141 2053 2201 sie
2083 2144 2200 2204 anders
2225 2147 2271 2207 als
2296 2147 2348 2207 das
2378 2151 2566 2211 Ausstrecken
2602 2156 2648 2216 der
2673 2156 2766 2216 Arme

2817 2155 2912 2215 Lüge.
2943 2159 3124 2219 Sicherheit
3154 2164 3191 2224 ist
3215 2167 3323 2227 nirgen

1632 2178 1693 2238 nach
1719 2182 1770 2242 dem
1807 2187 2095 2247 Unerreichbaren,
2116 2192 2177 2252 nach
2209 2194 2255 2254 dem
2297 2196 2389 2256 Besitz
2410 2198 2492 2258 eines
2518 2203 2770 2263 Mitmenschen?

2812 2204 2976 2264 wordenen
3012 2207 3130 2267 Versen
3165 2212 3328 2272 Schnitzlei

1624 2228 1666 2288 Im
1714 2232 1876 2292 „Schleier
1908 2234 1960 2294 der
1998 2240 2188 2300 Beatrice“,
2220 2243 2282 2303 also
2320 2243 2346 2303 im
2400 2249 2773 2309 Renaissance=Kostüm,

2811 2250 2868 2310 das
2898 2255 2985 2315 große
3014 2255 3084 2315 Lied
3119 2256 3170 2316 von
3207 2261 3258 2321 der
3288 2261 3327 2321 Ei

1626 2274 1703 2334 wird
1726 2278 1769 2338 die
1797 2281 1896 2341 Frage
1920 2285 2068 2345 tragisch,
2085 2286 2112 2346 in
2146 2285 2196 2345 der
2219 2290 2373 2350 Komödie
2395 2291 2450 2351 vom
2490 2298 2749 2358 „Zwischenspiel

2810 2298 2899 2358 „Wir
2924 2299 3021 2359 wissen
3052 2302 3148 2362 nichts
3180 2305 3233 2365 von
3264 2308 3324 2368 and

1624 2323 1745 2383 lachend
1773 2329 2009 2389 beantwortet.
2054 2332 2142 2392 Aber
2170 2334 2253 2394 beide
2286 2338 2379 2398 Male
2408 2341 2490 2401 heißt
2524 2344 2567 2404 die
2595 2346 2772 2406 Antwort:
2811 2345 2943 2405 immer.
2965 2348 3036 2408 Wer
3065 2350 3091 2410 es
3120 2354 3218 2414 weiß,
3236 2356 3273 2416 ist
3296 2356 3323 2416 kl

1620 2372 1820 2432 unmöglich!
1873 2377 1941 2437 Das
1974 2380 2073 2440 Herz,
2100 2383 2126 2443 so
2163 2383 2248 2443 lehrt
2275 2387 2463 2447 Schnitzler,
2485 2389 2580 2449 kennt
2612 2393 2675 2453 nur
2707 2392 2770 2452 In¬

2846 2412 2913 2472 Das
2941 2416 3034 2476 Leben
3069 2417 3116 2477 ein
3157 2422 3265 2482 Spiel.

1625 2419 1745 2479 stinkte,
1762 2422 1949 2482 Momente,
1966 2428 2131 2488 Wünsche,
2148 2430 2203 2490 kein
2231 2432 2352 2492 Gesetz.
2380 2434 2423 2494 Es
2452 2437 2561 2497 belügt
2578 2438 2622 2498 sich
2650 2440 2765 2500 freilich

2806 2464 3078 2524 Meisterkomödie
3107 2468 3164 2528 vom
3216 2470 3323 2530 „Grür

1618 2464 1684 2524 oft,
1710 2466 1766 2526 und
1804 2471 1953 2531 niemand
1984 2473 2040 2533 hat
2072 2475 2118 2535 die
2149 2477 2288 2537 erotische
2320 2481 2603 2541 Gefühlskomödie
2635 2489 2768 2549 witziger

2807 2506 2858 2566 der
2888 2509 3043 2569 Feudalen
3080 2512 3143 2572 und
3178 2516 3328 2576 Verbrech

1618 2514 1813 2574 bloßgestellt
1844 2517 1890 2577 als
1927 2520 1978 2580 der
2009 2523 2137 2583 Dichter
2169 2524 2220 2584 des
2251 2526 2421 2586 Einakters
2463 2532 2663 2592 „Literatur“
2700 2535 2761 2595 und

2805 2556 2961 2616 mittelbar
2997 2559 3054 2619 vor
3084 2562 3136 2622 dem
3183 2564 3304 2624 Sausen

1619 2557 1670 2617 des
1701 2565 1901 2625 „Reigens“,
1922 2568 2009 2628 jenes
2041 2571 2102 2631 viel
2123 2572 2313 2632 beschrienen
2345 2577 2483 2637 Reigens
2515 2580 2571 2640 von
2602 2583 2766 2643 Naivität,

2808 2602 2927 2662 Arthur
2956 2607 3126 2667 Schnitzler
3166 2610 3223 2670 nun
3269 2613 3313 2673 ein

1626 2609 1841 2669 Blasiertheit,
1859 2613 2024 2673 Eitelkeit,
2041 2617 2140 2677 Pose,
2152 2619 2367 2679 Gefühlslüge
2396 2623 2428 2683 um
2467 2626 2522 2686 das
2545 2628 2628 2688 letzte
2650 2631 2771 2691 Myste¬

2813 2653 2987 2713 Widerspiel
3010 2655 3139 2715 gelten,
3163 2661 3321 2721 bequemer

1617 2655 1683 2715 rium
1730 2657 1776 2717 der
1808 2661 1998 2721 Sexualität
2020 2667 2148 2727 herum.
2185 2669 2412 2729 Hypochonder
2438 2670 2489 2730 der
2515 2673 2624 2733 Liebe,
2640 2677 2763 2737 Quäler

1618 2699 1677 2759 und
1715 2706 1936 2766 Selbstquäler
1970 2710 2028 2770 sind
2067 2712 2104 2772 sie
2137 2714 2212 2774 alle,
2235 2717 2424 2777 Schnitzlers
2457 2720 2624 2780 Erotiker,
2652 2724 2700 2784 die
2733 2724 2759 2784 so

2848 2716 2930 2776 Weil
2944 2719 2978 2779 er
3006 2720 3081 2780 seine
3110 2725 3253 2785 Grenzen
3282 2726 3329 2786 mi

1624 2749 1689 2809 gern
1732 2750 1839 2810 hinter
1876 2755 1929 2815 die
1960 2757 2103 2817 Schleier
2140 2759 2194 2819 des
2236 2762 2374 2822 Traums
2417 2765 2476 2825 und
2519 2766 2566 2826 der
2609 2771 2758 2831 Hypnose
2801 2765 2848 2825 sich
2885 2767 3011 2827 deshalb
3041 2768 3137 2828 lieber
3174 2772 3227 2832 das
3264 2769 3329 2829 Läck

1621 2798 1755 2858 spähen,
1783 2801 1864 2861 ohne
1898 2803 1999 2863 etwas
2034 2808 2175 2868 anderes
2209 2811 2236 2871 zu
2277 2811 2384 2871 finden
2433 2814 2486 2874 als
2534 2817 2581 2877 ihr
2629 2820 2756 2880 eigenes

2801 2813 2952 2873 Gefällige
2981 2816 3027 2876 als
3057 2816 3109 2876 das
3138 2819 3283 2879 Dumpfe
3307 2822 3335 2882 zu

1621 2845 1835 2905 Spiegelbild.

2801 2861 2914 2921 Grazie
2946 2861 3015 2921 läßt
3041 2863 3122 2923 seine
3155 2866 3248 2926 Ethik
3280 2870 3330 2930 der

2802 2905 2897 2965 Güte,
2916 2908 2993 2968 nicht
3012 2911 3144 2971 Gnade!
3174 2913 3222 2973 So
3247 2916 3312 2976 heiß

1655 2908 1733 2968 Auch
1766 2911 1824 2971 das
1857 2914 1954 2974 große
1988 2918 2078 2978 Wort
2105 2920 2189 2980 Ehre
2217 2923 2353 2983 entgeht
2380 2926 2484 2986 seinem
2530 2930 2745 2990 Fragezeichen

2800 2955 2928 3015 Aerzte,
2948 2956 3033 3016 denen
3071 2959 3101 3019 er
3126 2961 3156 3021 so
3182 2962 3249 3022 gern
3286 2965 3316 3025 da

1608 2956 1703 3016 nicht.
1751 2959 1819 3019 Der
1851 2963 2025 3023 Duellant,
2052 2968 2120 3028 eine
2153 2971 2412 3031 Lieblingsfigur
2444 2977 2650 3037 Schnitzlers,
2677 2980 2750 3040 wird

2797 3003 2899 3063 Mund
2934 3006 3013 3066 legt,
3043 3007 3191 3067 entlastet
3226 3010 3333 3070 eine1

1609 3004 1635 3064 im
1684 3008 1961 3068 „Zwischenspiel“
1999 3013 2058 3073 mit
2086 3016 2140 3076 dem
2189 3018 2275 3078 Witze
2314 3021 2498 3081 abgespeist:
2558 3028 2628 3088 „Ich
2667 3028 2758 3088 denke

2797 3047 2853 3107 mit
2890 3052 2939 3112 dem
2984 3053 3134 3113 köstlichen
3178 3057 3321 3117 Spruch:

1612 3052 1740 3112 immer,
1751 3056 1781 3116 es
1802 3057 1920 3117 handle
1941 3059 1987 3119 sich
2008 3060 2044 3120 um
2080 3063 2126 3123 ein
2152 3063 2266 3123 Duell,
2282 3066 2338 3126 und
2364 3068 2425 3128 nun
2452 3072 2518 3132 sehe
2539 3072 2590 3132 ich,
2606 3073 2636 3133 du
2668 3074 2755 3134 willst

2799 3096 2944 3156 schuldlos
2974 3099 3053 3159 sein.

1610 3096 1654 3156 ihm
1695 3100 1755 3160 ans
1780 3102 1915 3162 Leben!“
1961 3105 2031 3165 Der
2057 3108 2131 3168 Held
2162 3110 2197 3170 ist
2222 3111 2272 3171 dem
2313 3114 2433 3174 Narren
2468 3117 2548 3177 nahe
2574 3120 2759 3180 verwandt,

1607 3147 1755 3207 Bernard
1787 3149 1910 3209 Shaws
1941 3154 2039 3214 Lehre
2091 3158 2172 3218 zuckt
2225 3161 2302 3221 schon
2364 3162 2451 3222 durch
2483 3166 2539 3226 den
2581 3169 2667 3229 „Ruf
2699 3168 2750 3228 des

2834 3166 2928 3226 Wenn
2966 3173 3089 3233 einmal
3118 3176 3165 3236 der
3204 3178 3297 3238 große

1607 3193 1766 3253 Lebens",
1792 3197 1879 3257 durch
1911 3200 1967 3260 den
2008 3205 2157 3265 „Jungen
2194 3208 2420 3268 Medardus",
2467 3213 2528 3273 nur
2586 3214 2642 3274 daß
2699 3217 2750 3277 der

2798 3216 2822 3276 so
2853 3216 2909 3276 hat
2940 3220 2995 3280 für
3033 3222 3088 3282 sein
3132 3224 3274 3284 Schaffen

1608 3241 1734 3301 Wiener
1762 3243 1838 3303 nicht
1867 3246 1894 3306 so
1922 3248 2059 3308 stämmig
2093 3251 2148 3311 wie
2176 3253 2225 3313 der
2254 3255 2313 3315 Ire
2336 3257 2446 3317 Götzen
2480 3260 2668 3320 entthront.
2707 3263 2750 3323 Er
2795 3266 3059 3326 Bühnensprache
3082 3272 3269 3332 beschwingt
3298 3267 3325 3327 al

1609 3291 1686 3351 zuckt
1708 3292 1808 3352 lieber
1836 3294 1879 3354 die
1907 3298 2029 3358 Achseln
2063 3300 2129 3360 und
2157 3302 2262 3362 findet
2290 3305 2333 3365 sich
2362 3305 2416 3365 ab.

2845 3334 2899 3394 Als
2924 3338 2963 3398 ich
2987 3338 3033 3398 den
3066 3341 3208 3401 Dichter,
3225 3344 3247 3404 im
3295 3346 3318 3406 vo

1641 3354 1700 3414 Die
1727 3360 1890 3420 Familie?
1934 3363 1977 3423 In
2010 3365 2200 3425 Schnitzlers
2233 3370 2363 3430 bitterem
2407 3374 2526 3434 Roman
2565 3377 2651 3437 „Der
2679 3380 2743 3440 Weg

2796 3384 2958 3444 Engadin,
2985 3389 3081 3449 sprach
3108 3389 3140 3449 er
3173 3392 3225 3452 mit
3251 3393 3329 3453 läch¬

1603 3404 1655 3464 ins
1687 3407 1797 3467 Freie“
1835 3409 1908 3469 wird
1945 3413 2029 3473 zwar
2061 3413 2182 3473 einmal
2209 3419 2398 3479 sehnsüchtig
2435 3422 2487 3482 der
2514 3424 2624 3484 Traum
2667 3424 2751 3484 aus¬

2794 3432 2853 3492 und
2889 3432 2930 3492 die
2960 3435 3132 3495 Berufung
3168 3440 3221 3500 auf
3251 3440 3327 3500 seine

1604 3451 1737 3511 gemalt,
1764 3454 1814 3514 die
1846 3456 1938 3516 Kette
1970 3459 2031 3519 vom
2078 3462 2185 3522 Urahn
2227 3466 2283 3526 zum
2330 3466 2468 3526 Urenkel
2520 3469 2582 3529 mit
2634 3471 2736 3531 beiden

2793 3478 2822 3538 er
2847 3478 2894 3538 als
2919 3481 3071 3541 verjährt
3090 3483 3143 3543 ab.
3168 3486 3240 3546 Nun
3271 3488 3325 3548 hat

1607 3499 1728 3559 Händen
1760 3505 1965 3565 anzufassen.
2003 3506 2087 3566 Aber
2114 3510 2209 3570 Besitz
2231 3511 2277 3571 der
2304 3512 2410 3572 Eltern
2442 3514 2473 3574 an
2510 3515 2557 3575 den
2590 3518 2753 3578 Kindern,

2795 3528 2973 3588 wertvollen
3013 3529 3107 3589 Leben
3147 3534 3291 3594 versagt.

1604 3547 1655 3607 das
1691 3549 1727 3609 ist
1753 3550 1799 3610 ein
1841 3553 2026 3613 Straucheln
2063 3556 2124 3616 auf
2156 3559 2263 3619 ebenso
2300 3559 2418 3619 glattem
2465 3565 2599 3625 Boden,
2625 3565 2681 3625 wie
2713 3568 2743 3628 er

2789 3571 2910 3631 frischen
2948 3572 3162 3632 Aufschwung
3199 3577 3223 3637 in
3267 3579 3309 3639 ein

1603 3595 1651 3655 den
1684 3595 1856 3655 Liebenden
1889 3600 2045 3660 bestimmt
2072 3604 2120 3664 ist.
2159 3604 2239 3664 „Sie
2266 3604 2357 3664 haben
2396 3607 2476 3667 uns,
2498 3610 2552 3670 wir
2579 3612 2670 3672 haben
2704 3614 2741 3674 sie

2788 3616 2815 3676 in
2843 3619 2892 3679 den
2926 3623 3169 3683 monologischen
3198 3625 3324 3685 Novelle

1590 3639 1709 3699 nicht",
1753 3646 1823 3706 sagt
1857 3645 1921 3705 eine
1960 3646 2090 3706 Mutter
2117 3648 2144 3708 im
2194 3651 2329 3711 „Weiten
2368 3654 2476 3714 Land"
2531 3657 2590 3717 von
2650 3659 2736 3719 ihren

2786 3666 2941 3726 Fräulein
2972 3668 3061 3728 Else.
3092 3669 3163 3729 Mit
3188 3672 3284 3732 diesen

1606 3690 1752 3750 Söhnen.
1798 3690 1859 3750 Die
1888 3693 2030 3753 Stimme
2059 3696 2115 3756 des
2144 3696 2262 3756 Blutes
2291 3699 2409 3759 endlich
2444 3705 2545 3765 klingt
2574 3705 2596 3765 im
2647 3707 2743 3767 „Ein¬

2794 3714 2948 3774 Publikum
2989 3714 3042 3774 hat
3069 3719 3236 3779 Schnitzler
3265 3720 3310 3780 sich

1605 3735 1696 3795 samen
1727 3737 1825 3797 Weg"
1850 3740 1898 3800 als
1930 3743 1996 3803 eine
2022 3744 2211 3804 trügerische
2236 3747 2376 3807 Fanfare
2408 3751 2456 3811 der
2481 3753 2640 3813 Illusion.
2659 3756 2738 3816 Herr
2788 3762 2928 3822 neratian
2960 3763 3094 3823 gestellt,
3113 3765 3198 3825 deren
3229 3768 3314 3828 Wese

1602 3781 1655 3841 von
1689 3787 1790 3847 Sala,
1811 3789 1857 3849 der
1885 3792 2020 3852 gereifte
2048 3795 2188 3855 Anatol,
2210 3798 2323 3858 meint:
2351 3798 2425 3858 Man
2460 3801 2520 3861 hat
2541 3802 2607 3862 sehr
2635 3807 2736 3867 wenig

2790 3811 2877 3871 schied
2909 3810 2947 3870 von
2981 3810 3027 3870 der
3052 3813 3130 3873 Welt
3156 3813 3313 3873 prophezei
