3392 4256
243 269 328 329 2.
388 273 984 333 Schnitzler's
1053 273 1274 333 Death

1492 271 1627 331 box
1704 273 1884 333 42/6

780 1248 1511 1308 OBSERVER

870 1294 894 1354 I.
906 1294 1025 1354 österr.
1037 1297 1183 1357 behördl.
1201 1303 1502 1363 konzessioniertes

817 1332 1058 1392 Unternehmen
1088 1336 1135 1396 für
1160 1341 1550 1401 Zeitungs-Ausschnitte

873 1392 1023 1452 WIEN,
1050 1398 1102 1458 I.,
1122 1401 1411 1461 WOLLZEILE
1458 1407 1503 1467 11

975 1446 1188 1506 TELEPHON
1224 1452 1397 1512 R-23-0-43

765 1586 991 1646 Ausschnitt
1019 1589 1104 1649 aus:

1232 1657 1325 1717 Pi
1451 1643 1603 1703 Prebur

1001 1698 1219 1758 Grenzbote,

752 1809 878 1869 vom:

1232 1819 1310 1879 22.
1340 1819 1459 1879 OKT.
1479 1814 1587 1874 1931

1679 1939 1721 1999 ter
1753 1944 1811 2004 war
1838 1950 2018 2010 Schnitzlerg
2039 1956 2129 2016 erster
2156 1960 2256 2020 großer
2283 1962 2520 2022 Bühnenerfolg.
2542 1960 2584 2020 In

737 1961 1087 2021 Schriftsteller
1119 1969 1315 2029 Arthur
1358 1976 1615 2036 Schuihles
1689 1985 1771 2045 Wien
1803 1990 1895 2050 spielt
1917 1992 1988 2052 auch
2009 1994 2060 2054 das
2092 1998 2195 2058 nächte
2217 1999 2319 2059 Stück:
2341 2001 2567 2061 Freiwild

1686 2025 1811 2085 ((1896).
1837 2030 1877 2090 In
1918 2033 1993 2093 diese
2024 2037 2119 2097 Jahre
2155 2038 2220 2098 fällt
2251 2040 2291 2100 die
2322 2040 2503 2100 Entstehung
2544 2041 2593 2101 des

1024 2046 1325 2106 gestorben.

1675 2070 1896 2130 „Reigen",
1921 2073 1988 2133 zehn
2023 2075 2143 2135 Szenen
2177 2079 2234 2139 mit
2259 2080 2307 2140 dem
2351 2082 2471 2142 gleichen
2506 2082 2596 2142 eroti¬

775 2088 888 2148 CPB.
906 2093 1014 2153 Wien,
1037 2097 1088 2157 21.
1111 2101 1271 2161 Oktober.
1312 2108 1551 2168 Schriftsteller
1575 2111 1636 2171 Ar¬

1677 2103 1749 2163 schen
1790 2111 2013 2171 Grundmotiv,
2045 2114 2085 2174 die
2126 2114 2190 2174 aber
2227 2117 2280 2177 erst
2318 2120 2376 2180 viel
2408 2120 2508 2180 später
2550 2122 2594 2182 ge¬

700 2132 784 2192 thur
813 2138 988 2198 Schnitzler
1011 2141 1044 2201 ist
1068 2143 1157 2203 heute
1180 2147 1219 2207 um
1260 2147 1287 2207 18
1322 2151 1383 2211 Uhr
1406 2153 1440 2213 15
1468 2156 1626 2216 Minuten

1675 2146 1769 2206 druckt
1788 2150 1842 2210 und
1870 2153 1956 2213 1920,
1970 2156 2110 2216 durchaus
2139 2156 2210 2216 nicht
2225 2156 2269 2216 dem
2311 2159 2410 2219 Willen
2438 2162 2488 2222 des
2511 2162 2597 2222 Dich¬

712 2177 737 2237 im
777 2177 875 2237 Alter
902 2181 953 2241 von
986 2183 1025 2243 69
1052 2188 1176 2248 Jahren
1209 2192 1300 2252 einem
1340 2198 1523 2258 Hirnschlag
1556 2198 1633 2258 erle¬

1674 2187 1732 2247 ters
1765 2194 1987 2254 entsprechend,
2015 2195 2101 2255 unter
2129 2196 2174 2256 dem
2220 2200 2415 2260 Widerspruch
2447 2204 2597 2264 rechtsste¬

701 2223 788 2283 gen.

1675 2230 1779 2290 hender
1804 2234 1903 2294 Kreise
1932 2237 2109 2297 aufgeführt
2133 2238 2266 2298 wurden.
2286 2240 2458 2300 Schnitzlers
2492 2243 2591 2303 Werke

1668 2269 1764 2329 reihen
1793 2272 1837 2332 sich
1861 2276 1914 2336 nun
1943 2276 1967 2336 in
1992 2276 2102 2336 rascher
2127 2279 2233 2339 Folge.
2248 2279 2286 2339 Es
2311 2280 2490 2340 erschienen:
2514 2284 2596 2344 „Das

766 2302 881 2362 Arthur
907 2310 1067 2370 Schnitzler
1098 2313 1199 2373 wurde
1230 2316 1259 2376 am
1305 2318 1355 2378 15.
1381 2320 1451 2380 Mai
1477 2320 1546 2380 1862
1603 2324 1627 2384 in

1673 2311 1893 2371 Vermächtnis“
1931 2314 2048 2374 (1897),
2072 2317 2113 2377 die
2147 2317 2212 2377 drei
2241 2317 2395 2377 Einakter:
2428 2322 2597 2382 „Paracel¬

697 2340 785 2400 Wien
818 2347 957 2407 geboren,
981 2348 1022 2408 als
1051 2351 1129 2411 Sohn
1162 2354 1208 2414 des
1237 2356 1301 2416 ord.
1325 2361 1492 2421 Professors
1521 2362 1553 2422 an
1581 2363 1627 2423 der

1676 2350 1753 2410 sus",
1774 2353 1846 2413 „Die
1867 2356 2068 2416 Gefährtin",
2090 2359 2167 2419 „Der
2188 2359 2280 2419 grüne
2307 2360 2441 2420 Kakadu"
2488 2362 2596 2422 (1898),

698 2383 826 2443 Wiener
861 2388 1061 2448 Universität,
1086 2392 1147 2452 Dr.
1177 2398 1301 2458 Johann
1340 2401 1516 2461 Schnitzler,
1546 2404 1627 2464 eines

1674 2391 1723 2451 sein
1759 2395 1900 2455 Drama:
1931 2397 2012 2457 „Der
2042 2396 2178 2456 Schleier
2210 2400 2260 2460 der
2290 2401 2441 2461 Beatrice“
2483 2404 2598 2464 (1899),

700 2422 923 2482 Laryngologen
961 2429 1007 2489 von
1040 2434 1240 2494 Bedeutung,
1259 2440 1291 2500 zu
1325 2442 1413 2502 dessen
1450 2443 1627 2503 Patienten¬

1666 2431 1738 2491 dann
1779 2434 1829 2494 der
1861 2437 2130 2497 Einaktercyklus:
2180 2440 2363 2500 „Lebendige
2418 2443 2604 2503 Stunden",

697 2464 774 2524 kreis
802 2466 874 2526 viele
901 2470 1092 2530 prominente
1115 2478 1323 2538 Schauspieler
1351 2480 1405 2540 und
1433 2484 1559 2544 Sänger
1583 2484 1627 2544 ge¬

1667 2473 1783 2533 woraus
1822 2475 1980 2535 besonders
2023 2478 2214 2538 „Literatur“
2251 2481 2428 2541 hervorragt
2485 2485 2597 2545 (1901),

696 2502 815 2562 hörten.
849 2507 1007 2567 Schnitzler
1041 2514 1185 2574 studierte
1219 2517 1382 2577 gleichfalls
1421 2523 1555 2583 Medizin
1594 2525 1617 2585 in

1666 2508 1713 2568 das
1743 2512 1857 2572 Drama
1896 2517 1973 2577 „Der
2002 2517 2131 2577 einsame
2160 2519 2251 2579 Weg“
2280 2520 2395 2580 (1908),
2415 2523 2457 2583 die
2487 2526 2597 2586 Komö¬

692 2541 798 2601 Wien,
820 2548 1020 2608 promovierte
1056 2551 1123 2611 1885
1159 2556 1220 2616 und
1270 2560 1354 2620 war,
1399 2565 1523 2625 nachdem
1595 2565 1625 2625 er

1668 2547 1707 2607 die
1732 2555 1992 2615 „Zwischenspiel“
2027 2556 2145 2616 (1904);
2165 2559 2267 2619 ferner
2297 2562 2321 2622 im
2361 2563 2479 2623 gleichen
2513 2565 2591 2625 Jah¬

703 2583 917 2643 (1886—1889)
942 2589 994 2649 auf
1019 2595 1253 2655 verschiedennen
1287 2601 1421 2661 Kliniken
1455 2607 1612 2667 praktizier

1662 2589 1693 2649 re
1720 2592 1785 2652 eine
1812 2595 1887 2655 neue
1918 2598 2165 2658 Einakterreihe:
2196 2601 2456 2661 „Marionetten".
2509 2607 2588 2667 „Der

693 2625 747 2685 und
775 2626 843 2686 auch
872 2628 935 2688 eine
963 2630 1049 2690 Reise
1073 2634 1128 2694 zum
1169 2637 1306 2697 Studium
1348 2643 1398 2703 der
1426 2646 1618 2706 hygienischen

1663 2632 1751 2692 junge
1776 2637 1982 2697 Medardus",
1997 2639 2090 2699 dessen
2115 2640 2287 2700 Titelrolle,
2307 2644 2356 2704 dem
2396 2646 2503 2706 großen
2533 2647 2591 2707 Jo¬

691 2664 920 2724 Einrichtungen
954 2669 1012 2729 nach
1042 2672 1154 2732 London
1184 2677 1242 2737 und
1267 2681 1359 2741 Paris
1384 2684 1613 2744 unternommen

1663 2669 1701 2729 sef
1730 2673 1825 2733 Kainz
1855 2678 2031 2738 zugedacht,
2056 2678 2103 2738 dem
2147 2681 2285 2741 Künstler
2315 2683 2391 2743 nicht
2415 2684 2501 2744 mehr
2549 2688 2582 2748 zu

692 2705 787 2765 hatte,
824 2705 869 2765 bis
892 2708 960 2768 1893
988 2713 1128 2773 Assistent
1151 2717 1246 2777 seines
1274 2722 1383 2782 Vaters
1411 2725 1442 2785 an
1474 2726 1519 2786 der
1543 2725 1619 2785 Wie¬

1662 2714 1763 2774 spielen
1799 2717 1949 2777 vergönnt
1976 2718 2054 2778 war,
2077 2720 2111 2780 ist
2139 2720 2178 2780 ein
2214 2723 2328 2783 Drama
2359 2723 2416 2783 aus
2448 2726 2496 2786 den
2531 2725 2593 2785 Ta¬

688 2744 742 2804 ner
775 2749 974 2809 allgemeinen
1016 2755 1202 2815 Polyklinik.
1230 2762 1293 2822 Den
1339 2767 1611 2827 militärärztlichen

1663 2755 1707 2815 gen
1744 2756 1794 2816 der
1826 2759 1984 2819 Besetzung
2021 2759 2125 2819 Wiens
2157 2762 2238 2822 durch
2275 2764 2424 2824 Napoleon
2466 2767 2502 2827 I.
2529 2768 2588 2828 (er¬

691 2786 813 2846 Dienst,
836 2789 858 2849 in
886 2790 935 2850 den
968 2795 1126 2855 Schnitzler
1154 2800 1249 2860 später
1277 2802 1354 2862 trat,
1372 2806 1472 2866 mußte
1500 2808 1531 2868 er
1554 2808 1617 2868 nach

1659 2795 1780 2855 schienen
1817 2798 1922 2858 1909).
1945 2801 2054 2861 Diesem
2100 2801 2204 2861 Werke
2232 2804 2322 2864 folgte
2359 2806 2441 2866 „Das
2500 2807 2586 2867 weite

691 2827 735 2887 der
768 2831 958 2891 Publikation
995 2835 1090 2895 seines
1131 2840 1304 2900 „Leutnant
1332 2845 1436 2905 Gusti“
1472 2849 1613 2909 aufgeben

1657 2836 1754 2896 Land“
1792 2837 1903 2897 (1910),
1927 2840 1992 2900 eine
2025 2844 2254 2904 Tragikomödie
2282 2843 2333 2903 des
2366 2846 2492 2906 Alterns
2525 2848 2581 2908 und

690 2869 742 2929 und
769 2869 835 2929 bald
862 2872 995 2932 widmete
1017 2875 1048 2935 er
1070 2877 1114 2937 sich
1141 2883 1358 2943 ausschließlich
1385 2885 1429 2945 der
1456 2887 1606 2947 Literatur

1657 2875 1722 2935 1912
1755 2878 1923 2938 „Professor
1952 2881 2139 2941 Berhardi“,
2159 2881 2200 2941 ein
2234 2884 2412 2944 Schauspiel
2436 2887 2492 2947 aus
2525 2888 2571 2948 dem

738 2909 798 2969 Die
827 2914 1029 2974 Atmosphäre
1058 2917 1109 2977 der
1138 2922 1330 2982 Geistigkeit,
1355 2927 1396 2987 die
1430 2926 1453 2986 in
1491 2929 1618 2989 Schnitz¬

1652 2918 1805 2978 ärztlichen
1845 2921 1960 2981 Beruf,
1984 2921 2032 2981 bei
2061 2923 2157 2983 seiner
2191 2926 2388 2986 Aufführung
2422 2927 2470 2987 von
2509 2930 2585 2990 poli¬

679 2947 742 3007 lers
770 2953 948 3013 Vaterhaus
981 2956 1141 3016 herrschte,
1165 2960 1205 3020 die
1238 2964 1316 3024 enge
1344 2968 1531 3028 Berührung
1568 2971 1622 3031 mit

1656 2959 1749 3019 tischen
1787 2959 1926 3019 Gruppen
1964 2963 2210 3023 vielumstritten.
2230 2966 2271 3026 Im
2314 2967 2411 3027 Jahre
2435 2968 2509 3028 1915
2542 2969 2583 3029 er¬

685 2992 735 3052 der
767 2994 967 3054 sogenannten
1004 2998 1089 3058 guten
1126 3003 1322 3063 Gesellschaft
1349 3007 1399 3067 der
1432 3009 1499 3069 80er
1559 3013 1613 3073 und

1656 2998 1774 3058 schienen
1811 3001 1878 3061 drei
1906 3003 2047 3063 Einakter
2079 3004 2169 3064 unter
2197 3007 2247 3067 dem
2293 3007 2388 3067 Titel:
2420 3010 2583 3070 „Komödie

681 3029 751 3089 90er
779 3034 896 3094 Jahre,
920 3037 999 3097 einer
1028 3041 1228 3101 eigenartigen
1266 3050 1406 3110 spezifisch
1439 3052 1617 3112 österreichi¬

1657 3037 1704 3097 der
1729 3040 1867 3100 Worte",
1892 3040 1963 3100 1917
1993 3043 2045 3103 das
2079 3046 2213 3106 schwache
2242 3049 2333 3109 „Fink
2362 3049 2419 3109 und
2453 3052 2587 3112 Flieder¬

685 3070 757 3130 schen
794 3075 948 3135 Mischung
981 3078 1035 3138 von
1076 3084 1271 3144 heterogenen
1308 3090 1508 3150 Elementen,
1558 3092 1608 3152 von

1645 3078 1747 3138 busch“
1780 3079 1851 3139 1919
1889 3084 1968 3144 „Die
2001 3084 2179 3144 Schwestern
2217 3087 2287 3147 oder
2334 3090 2493 3150 Casanova
2550 3093 2578 3153 in

685 3111 866 3171 Gelehrten,
894 3120 1170 3180 Großkaufleuten,
1198 3126 1388 3186 Advokaten,
1439 3132 1615 3192 Künstlern,

1652 3119 1755 3179 Spa“,
1770 3120 1839 3180 1924
1869 3124 2025 3184 „Komödie
2051 3126 2099 3186 der
2119 3127 2335 3187 Verführung“
2365 3130 2419 3190 und
2444 3132 2512 3192 1925
2537 3132 2600 3192 die¬

676 3153 822 3213 Bankiers
849 3156 880 3216 u.
898 3158 937 3218 a.,
956 3159 1000 3219 der
1022 3161 1093 3221 enge
1111 3165 1244 3225 Kontakt
1262 3168 1320 3228 mit
1338 3168 1382 3228 den
1409 3171 1533 3231 Größen
1560 3173 1609 3233 der

1652 3161 1844 3221 dramatische
1873 3168 2037 3228 Dichtung:
2071 3168 2148 3228 „Der
2176 3172 2263 3232 Gang
2297 3174 2346 3234 zum
2391 3172 2512 3232 Weiher

676 3195 781 3255 „ersten
814 3198 960 3258 deutschen
993 3201 1139 3261 Bühne“,
1158 3204 1208 3264 des
1241 3209 1484 3269 Burgtheaters,
1507 3212 1548 3272 vie
1581 3213 1603 3273 in

681 3234 776 3294 seines
804 3237 917 3297 Vaters
945 3240 1040 3300 Hause
1063 3243 1140 3303 aus=
1163 3245 1217 3305 und
1245 3248 1422 3308 eingingen,
1441 3252 1613 3312 beeinfluß¬

674 3272 720 3332 ten
758 3275 935 3335 Schnitzlers
969 3282 1198 3342 Entwicklung;
1227 3287 1315 3347 dieses
1353 3291 1582 3351 Jugendmilieu

676 3314 771 3374 drückt
799 3318 894 3378 seinem
945 3321 1071 3381 späteren
1108 3326 1249 3386 Schaffen
1286 3328 1363 3388 nicht
1390 3332 1522 3392 weniger
1550 3334 1599 3394 den

670 3356 811 3416 Stempel
836 3359 889 3419 auf
914 3362 967 3422 wie
997 3362 1051 3422 sein
1081 3366 1133 3426 ärz
1149 3368 1236 3428 licher
1266 3371 1378 3431 Beruf.

691 3395 795 3455 Von
827 3401 994 3461 kleineren,
1018 3404 1113 3464 längst
1136 3409 1322 3469 vergessenen
1359 3413 1599 3473 Frühprodukten

660 3437 700 3497 #ist
723 3437 776 3497 sein
807 3440 914 3500 erstes,
932 3445 1258 3505 aufsehenerregendes
1289 3450 1347 3510 und
1370 3451 1396 3511 in
1428 3451 1477 3511 der
1500 3453 1606 3513 dama¬

674 3476 746 3536 ligen
779 3478 847 3538 Zeit
865 3481 910 3541 als
934 3482 1002 3542 kühn
1030 3487 1248 3547 empfundenes
1271 3490 1376 3550 Werk:
1400 3493 1613 3553 „Anatol“,

674 3514 746 3574 Sein
783 3520 910 3580 nächstes
947 3523 1001 3583 und
1038 3529 1160 3589 zugleich
1192 3529 1247 3589 das
1275 3530 1347 3590 erste
1406 3535 1601 3595 aufgeführte

670 3558 756 3618 Werk
776 3561 838 3621 war
867 3565 973 3625 „Das
1003 3568 1209 3628 Märchen“
1239 3570 1354 3630 (1893).
1369 3574 1412 3634 In
1442 3574 1489 3634 der
1519 3575 1600 3635 gleich

664 3595 711 3655 den
742 3601 971 3661 vorgenannten
1001 3607 1209 3667 Schöpfungen
1244 3611 1295 3671 dem
1335 3613 1459 3673 Wiener
1486 3615 1593 3675 Milieu

666 3639 902 3699 entnommenen
945 3645 1198 3705 „Liebelei“,
1224 3650 1404 3710 Schnitzlers
1443 3654 1602 3714 seinerzeit

662 3684 911 3744 meistgespieltem
956 3688 1148 3748 Schauspiel,
1175 3692 1268 3752 klingt
1300 3693 1353 3753 das
1385 3696 1594 3756 Anatolmotiv

666 3720 789 3780 wieder.
809 3723 917 3783 Dessen
952 3729 1183 3789 Uraufführung
1218 3735 1321 3795 (1895)
1347 3735 1380 3795 am
1425 3737 1509 3797 Burg
1524 3738 1597 3798 hea¬
