3344 4320
534 46 675 106 ege
706 50 736 110 de
757 52 858 112 e
890 56 939 116 ad
971 58 980 118 e
1022 59 1051 119 de
1103 63 1204 123 Dne
1236 65 1285 125 Da
1449 74 1518 134 od.

425 88 611 148 angesehene
638 95 850 155 Laryngologe
877 103 1031 163 Professor
1052 107 1116 167 Dr.
1138 112 1260 172 Johann
1298 118 1472 178 Schnitzler.
1494 121 1536 181 Im

421 136 613 196 Nebenberuf
649 145 929 205 Burgtheaterarzt
980 151 1041 211 und
1088 158 1276 218 Vertrauter
1322 162 1398 222 aller
1439 165 1545 225 großen

425 183 595 243 Darsteller
622 186 717 246 dieser
744 190 871 250 Bühne.
893 194 935 254 So
968 198 1025 258 kam
1069 200 1121 260 es,
1143 204 1195 264 daß
1234 204 1276 264 die
1308 207 1403 267 beiden
1441 212 1547 272 Söhne

421 225 473 285 des
511 230 690 290 Gelehrten,
718 237 839 297 Arthur
872 242 982 302 sowohl
1010 247 1057 307 als
1089 249 1147 309 sein
1184 251 1306 311 Broder
1339 255 1470 315 Julius,
1497 258 1544 318 der

421 273 663 333 hervorragende
690 281 822 341 Wiener
849 288 1008 348 Chirurg,
1045 294 1071 354 in
1119 296 1198 356 ihren
1246 303 1536 363 Jünglingsjahren

423 320 523 380 starke
555 324 770 384 künstlerische
803 335 944 395 Impulse
977 339 1139 399 erhielten.
1182 343 1276 403 Beide
1314 348 1450 408 wandten
1493 351 1540 411 sich

417 366 464 426 dem
513 369 645 429 Studium
693 372 740 432 der
767 376 894 436 Medizin
926 381 979 441 zu.
1001 384 1074 444 Aber
1101 387 1244 447 während
1276 392 1387 452 Julius
1420 394 1477 454 nur
1499 396 1525 456 im

417 412 591 472 Nebenamt
618 419 771 479 sozusagen
809 424 845 484 ein
883 430 1136 490 hervorragender
1169 437 1306 497 Musiker
1333 438 1390 498 und
1418 441 1539 501 Musik¬

414 460 516 520 freund
555 466 717 526 zeitlebens
750 470 901 530 geblieben
940 477 994 537 ist,
1016 479 1069 539 hat
1102 480 1150 540 sich
1184 483 1302 543 Arthur
1335 485 1405 545 nach
1438 489 1530 549 seinen

417 509 707 569 Assistentenjahren
740 514 777 574 an
809 517 861 577 der
888 522 1057 582 Poliklinik
1095 527 1152 587 und
1185 530 1253 590 nach
1291 532 1369 592 einer
1402 534 1544 594 militär¬

413 555 576 615 ärztlichen
610 558 740 618 Episode
769 561 847 621 (ihre
877 567 989 627 Frucht
1018 572 1079 632 war
1109 575 1294 635 „Leutnant
1318 577 1453 637 Gustl",
1476 580 1538 640 eine

407 599 553 659 Novelle,
576 603 640 663 die,
662 606 716 666 wie
744 608 825 668 viele
847 612 961 672 andere
989 619 1206 679 Schöpfungen
1240 625 1288 685 des
1321 625 1484 685 Dichters,
1506 625 1533 685 in

413 646 460 706 der
503 651 683 711 „Neuen
726 656 894 716 Freien
943 666 1129 726 Presse“
1178 671 1340 731 erschienen
1377 675 1431 735 ist)
1468 675 1515 735 dem

412 697 614 757 literarischen
651 700 793 760 Schaffen
830 709 1031 769 zugewandt.

497 761 573 821 Sein
604 769 852 829 Erstlingswerk
889 775 953 835 war
983 780 1166 840 „Anatol",
1192 782 1238 842 der
1262 785 1362 845 Mann
1399 788 1457 848 mit
1488 789 1534 849 der

399 807 456 867 tief
480 809 502 869 in
538 810 578 870 die
607 811 700 871 Stirn
730 822 1014 882 hineinhängenden
1049 830 1380 890 weltschmerzlerischen
1415 836 1536 896 Locke;

408 857 443 917 sie
473 856 526 916 hat
556 860 703 920 übrigens
739 866 856 926 damals
904 869 969 929 auch
1017 873 1070 933 der
1100 876 1223 936 Dichter
1253 878 1342 938 selbst
1372 884 1536 944 getragen,

402 902 507 962 ebenso
540 905 596 965 wie
624 912 785 972 Hermann
824 915 929 975 Bahr,
958 917 1007 977 der
1041 920 1090 980 dem
1141 924 1340 984 Stammtisch
1374 928 1396 988 im
1447 932 1524 992 alten

406 950 637 1010 „Griensteidl“
690 959 886 1019 präsidierte.
933 965 1002 1025 Auf
1043 969 1210 1029 „Anatol"
1263 975 1372 1035 folgten
1431 979 1523 1039 „Das

402 995 590 1055 Märchen",
629 1001 822 1061 „Liebelei",
856 1007 916 1067 und
956 1012 1110 1072 vielleicht
1149 1011 1187 1071 ist
1221 1015 1287 1075 noch
1332 1020 1497 1080 „Freiwild

402 1039 493 1099 dieser
526 1045 639 1105 Epoche
677 1046 725 1106 des
764 1052 963 1112 dichterischen
1002 1058 1169 1118 Schaffens
1203 1063 1391 1123 Schnitzlers
1429 1066 1526 1126 beizu¬

396 1088 522 1148 zählen.
545 1090 611 1150 Das
650 1091 705 1151 sind
739 1095 804 1155 jene
838 1099 965 1159 Werke,
987 1101 1014 1161 in
1048 1103 1141 1163 denen
1181 1106 1224 1166 zum
1269 1109 1434 1169 erstenmal
1463 1112 1517 1172 das

398 1133 523 1193 Wiener
560 1135 626 1195 süße
662 1140 771 1200 Mädel
808 1143 849 1203 die
880 1145 994 1205 Bühne
1025 1151 1145 1211 betrat,
1176 1154 1229 1214 das
1261 1157 1392 1217 freilich,
1423 1159 1513 1219 genau

399 1182 601 1242 genommen,
630 1184 652 1244 in
693 1189 901 1249 Grillparzers
942 1193 1017 1253 Hero
1058 1198 1115 1258 und
1150 1201 1277 1261 Melitta
1318 1201 1381 1261 ihre
1411 1206 1514 1266 Ahnen

392 1228 533 1288 verehren
569 1231 693 1291 müßte.
717 1236 841 1296 Anatol
871 1240 923 1300 und
959 1242 1012 1302 das
1048 1243 1118 1303 süße
1148 1249 1295 1309 Mädchen
1338 1250 1396 1310 und
1426 1255 1520 1315 Max,

400 1274 447 1334 der
472 1279 676 1339 Räsonneur,
700 1285 766 1345 sind
797 1289 982 1349 Blutzeugen
1013 1291 1097 1351 einer
1127 1297 1295 1357 allerdings
1326 1297 1397 1357 weit
1422 1302 1518 1362 hinter

398 1321 453 1381 uns
486 1325 640 1385 liegenden
674 1330 790 1390 Epoche
818 1332 867 1392 des
895 1335 1021 1395 Wiener
1055 1341 1188 1401 Lebens.
1210 1344 1309 1404 Wenn
1348 1346 1397 1406 auf
1426 1347 1508 1407 ihnen

393 1366 438 1426 ein
479 1372 577 1432 wenig
618 1374 721 1434 Staub
768 1381 860 1441 liegt,
895 1383 923 1443 so
964 1384 998 1444 ist
1039 1385 1067 1445 es
1109 1388 1177 1448 doch
1218 1392 1270 1452 der
1311 1393 1414 1453 Staub
1461 1393 1506 1453 von

398 1420 796 1480 Schmetterlingsflügeln.

479 1479 548 1539 Mit
568 1483 619 1543 der
645 1488 818 1548 „Liebelei"
851 1490 927 1550 hatte
954 1494 1004 1554 sich
1030 1497 1197 1557 Schnitzler
1223 1500 1274 1560 das
1306 1501 1511 1561 Burgtheater

390 1525 522 1585 erobert.
546 1529 673 1589 Ludwig
702 1534 835 1594 Speidel
859 1539 1009 1599 begrüßte
1033 1541 1091 1601 mit
1120 1545 1357 1605 schwungvoller
1382 1548 1514 1608 Wärme

385 1567 435 1627 den
475 1574 582 1634 jungen
628 1578 730 1638 Autor
770 1580 826 1640 und
866 1585 951 1645 sagte
985 1586 1030 1646 ihm
1088 1591 1274 1651 prophetisch
1314 1595 1376 1655 eine
1416 1596 1512 1656 große

382 1617 569 1677 dichterische
608 1623 751 1683 Zukunft
790 1628 922 1688 voraus.
956 1633 1054 1693 Jene,
1088 1634 1137 1694 die
1176 1637 1209 1697 da
1254 1640 1413 1700 glaubten,
1452 1643 1501 1703 daß

384 1665 549 1725 Schnitzler
578 1669 638 1729 nur
666 1668 693 1728 in
726 1672 776 1732 der
810 1676 925 1736 weichen
965 1676 1041 1736 Luft
1064 1679 1174 1739 Wiens
1208 1685 1373 1745 dichterisch
1402 1687 1500 1747 atmen

381 1709 481 1769 könne
508 1712 518 1772 —
571 1715 718 1775 natürlich
751 1720 850 1780 wurde
872 1721 924 1781 das
951 1724 1083 1784 „Capua
1110 1728 1162 1788 der
1183 1730 1320 1790 Geister“
1347 1733 1447 1793 zitiert
1463 1733 1473 1793 -

382 1757 503 1817 wurden
537 1759 603 1819 bald
637 1763 719 1823 eines
747 1765 885 1825 Besseren
919 1770 1051 1830 belehrt.
1069 1775 1113 1835 In
1152 1776 1196 1836 dem
1240 1781 1506 1841 Einakterzyklus

381 1805 634 1865 „Paracelsus",
664 1811 749 1871 „Die
773 1813 969 1873 Gefährtin"
1004 1817 1062 1877 und
1103 1822 1188 1882 „Der
1218 1824 1316 1884 grüne
1351 1827 1477 1887 Kakadu

378 1851 502 1911 wandte
532 1852 582 1912 sich
611 1853 661 1913 der
684 1857 814 1917 Dichter
837 1861 990 1921 anderen,
1013 1864 1211 1924 wuchtigeren
1246 1872 1426 1932 Problemen
1467 1874 1489 1934 zu

376 1897 466 1957 „Der
506 1899 601 1959 junge
630 1903 827 1963 Medardus"
862 1906 923 1966 war
952 1907 1008 1967 das
1048 1914 1296 1974 repräsentatwe
1325 1919 1414 1979 Stück
1454 1919 1499 1979 des

379 1942 638 2002 repräsentatwen
667 1951 915 2011 österreichischen
944 1957 1083 2017 Dichters
1118 1963 1238 2023 unserer
1279 1966 1377 2026 Tage.
1406 1966 1504 2026 „Pro¬

376 1990 465 2050 fessor
490 1993 694 2053 Bernhardi"
725 1999 814 2059 zeigte
845 2000 892 2060 ihn
929 2002 953 2062 im
1002 2005 1121 2065 Kampf
1152 2011 1236 2071 gegen
1273 2011 1500 2071 Protektions¬

374 2037 536 2097 wirtschaft
565 2040 616 2100 und
646 2043 1023 2103 Hintertreppenpolitik.
1041 2052 1115 2112 Eine
1145 2055 1231 2115 lange
1261 2058 1353 2118 Reihe
1377 2060 1504 2120 anderer

376 2085 585 2145 dramatischer
608 2089 740 2149 Werke,
758 2093 807 2153 die
829 2094 906 2154 jeder
934 2096 1060 2156 Wiener
1089 2101 1144 2161 und
1178 2103 1254 2163 jeder
1283 2106 1503 2166 Burgtheater¬

373 2130 474 2190 freund
502 2133 598 2193 kennt
615 2136 671 2196 und
700 2139 789 2199 liebt,
807 2142 965 2202 bewiesen,
982 2144 1038 2204 mit
1056 2149 1173 2209 welcher
1197 2152 1393 2212 dichterischen
1417 2154 1500 2214 Ver¬

364 2177 500 2237 tiefung,
529 2180 584 2240 mit
608 2185 732 2245 welchem
778 2189 953 2249 manchmal
982 2195 1123 2255 geradezu
1158 2199 1367 2259 grüblerischen
1401 2201 1497 2261 Ernst

368 2225 416 2285 sich
445 2228 560 2288 Arthur
588 2231 753 2291 Schnitzler
776 2231 797 2291 in
831 2235 880 2295 den
908 2239 1079 2299 Dreiklang
1112 2242 1205 2302 seiner
1228 2246 1371 2306 Motwe:
1394 2248 1498 2308 Liebe,

365 2270 432 2330 Tod
467 2273 528 2333 und
569 2274 681 2334 Spiel,
710 2279 857 2339 einlebte.
886 2281 942 2341 Bis
982 2284 1004 2344 in
1045 2286 1095 2346 die
1124 2288 1220 2348 letzten
1260 2294 1361 2354 Jahre
1396 2294 1492 2354 seines

363 2319 501 2379 Daseins
537 2322 588 2382 hat
612 2326 779 2386 Schnitzler
809 2327 867 2387 mit
896 2332 1081 2392 wachsendem
1128 2336 1232 2396 Erfolg
1267 2340 1301 2400 um
1349 2342 1498 2402 Theater¬

359 2367 506 2427 wirkung
536 2372 594 2432 und
624 2372 659 2432 um
701 2375 747 2435 die
772 2378 877 2438 Gunst
901 2379 948 2439 des
979 2383 1296 2443 Theaterpublikums
1326 2390 1496 2450 gerungen.

455 2432 580 2492 Arthur
606 2437 774 2497 Schnitzler
807 2440 868 2500 war
894 2442 963 2502 auch
1007 2444 1050 2504 ein
1083 2444 1201 2504 Epiker
1239 2448 1295 2508 von
1340 2449 1489 2509 stärkster

362 2479 538 2539 Wirkung.
562 2482 645 2542 Gibt
669 2483 727 2543 sein
763 2488 892 2548 einziger
922 2491 1028 2551 großer
1058 2494 1181 2554 Roman
1218 2497 1306 2557 „Der
1330 2497 1406 2557 Weg
1436 2497 1488 2557 ins

365 2525 471 2585 Freie"
501 2528 571 2588 eine
595 2530 784 2590 prachtvolle
808 2536 967 2596 Synthese
1003 2536 1055 2596 des
1097 2542 1239 2602 geistigen
1287 2544 1339 2604 und
1381 2547 1492 2607 gesell¬

362 2572 541 2632 schaftlichen
570 2576 698 2636 Wiener
722 2578 837 2638 Lebens
867 2581 901 2641 an
931 2583 982 2643 der
1006 2587 1354 2647 Jahrhundertwende,
1372 2593 1395 2653 so
1424 2593 1481 2653 sind

358 2615 431 2675 seine
464 2620 628 2680 Novellen,
655 2625 707 2685 von
739 2626 834 2686 denen
867 2628 930 2688 hier
957 2629 1014 2689 nur
1047 2631 1115 2691 aufs
1148 2634 1348 2694 Geratewohl
1381 2637 1481 2697 „Frau

359 2662 454 2722 Berta
478 2667 641 2727 Garlan",
659 2670 856 2730 „Sterben",
874 2676 953 2736 „Die
976 2677 1066 2737 Toten
1089 2679 1293 2739 schweigen",
1311 2685 1491 2745 „Leutnant

359 2709 470 2769 Gustl"
506 2711 564 2771 und
595 2717 771 2777 „Fräulein
801 2718 895 2778 Else"
926 2722 996 2782 oder
1026 2726 1107 2786 „Die
1138 2727 1220 2787 Frau
1250 2727 1302 2787 des
1333 2730 1449 2790 Weisen

360 2757 599 2817 hervorgehoben
636 2762 750 2822 werden
786 2767 900 2827 sollen,
937 2769 966 2829 zu
1009 2771 1062 2831 den
1111 2775 1327 2835 leuchtendsten
1363 2777 1471 2837 Perlen

361 2805 507 2865 deutscher
537 2808 799 2868 Erzählerkunst.

447 2876 566 2936 Arthur
603 2880 770 2940 Schnitzler
813 2883 879 2943 war
922 2887 963 2947 ein
1006 2889 1125 2949 feiner,
1162 2894 1203 2954 ein
1252 2897 1474 2957 grundgütiger

357 2922 494 2982 Mensch,
518 2925 563 2985 ein
599 2927 696 2987 treuer
731 2930 852 2990 Freund
887 2935 985 2995 seiner
1014 2939 1175 2999 Freunde,
1199 2942 1256 3002 frei
1285 2944 1336 3004 von
1377 2945 1457 3005 jedem

349 2971 569 3031 Eigendünkel
592 2973 649 3033 und
678 2975 756 3035 jeder
785 2983 1135 3043 Selbstüberschätzung.
1153 2988 1198 3048 Er
1221 2989 1283 3049 war
1312 2991 1362 3051 von
1391 2993 1475 3053 einer

344 3017 604 3077 mimosenhaften
655 3022 774 3082 Scheu,
814 3027 927 3087 abhold
979 3030 1029 3090 dem
1098 3034 1182 3094 Lärm
1245 3035 1295 3095 des
1347 3037 1465 3097 offenen

349 3064 511 3124 Marktes.
536 3066 613 3126 Aber
638 3066 668 3126 er
693 3069 771 3129 lebte
796 3071 838 3131 die
862 3076 970 3136 großen
1002 3079 1170 3139 Ereignisse
1195 3083 1242 3143 der
1267 3085 1358 3145 Zeit,
1376 3085 1400 3145 in
1431 3086 1472 3146 die

350 3109 377 3169 er
410 3112 642 3172 hineingeboren
680 3116 762 3176 war,
789 3118 859 3178 mit.
887 3121 984 3181 Seine
1017 3125 1206 3185 Teilnahme
1234 3129 1271 3189 an
1310 3131 1358 3191 dem
1407 3131 1466 3191 Los

349 3157 396 3217 der
424 3159 585 3219 Enterbten
618 3162 682 3222 war
710 3164 784 3224 alles
812 3165 876 3225 eher
904 3168 979 3228 denn
1012 3172 1146 3232 gemacht
1168 3176 1238 3236 oder
1265 3178 1464 3238 oberflächlich

345 3206 582 3266 angeschminkt.
605 3208 668 3268 Er,
692 3211 744 3271 der
773 3212 854 3272 sonst
883 3214 923 3274 ein
959 3218 1085 3278 Meister
1121 3221 1172 3281 der
1202 3223 1386 3283 Selbstzucht
1416 3226 1467 3286 ge¬

342 3250 433 3310 wesen
466 3252 519 3312 ist,
541 3253 654 3313 konnte
682 3258 821 3318 entgegen
854 3260 951 3320 seiner
979 3264 1119 3324 sonstigen
1157 3269 1216 3329 Art
1243 3270 1264 3330 in
1303 3273 1464 3333 glühender

349 3298 554 3358 Leidenschaft
582 3303 787 3363 aufbrausen,
815 3306 895 3366 wenn
929 3309 960 3369 er
988 3310 1041 3370 von
1080 3313 1209 3373 Unrecht
1237 3316 1297 3376 und
1330 3318 1469 3378 schnöder

344 3342 473 3402 Gewalt
496 3346 620 3406 erfuhr.
643 3349 705 3409 Mit
734 3350 830 3410 seiner
847 3353 954 3413 ganzen
977 3358 1237 3418 Herzenswärme
1266 3362 1322 3422 und
1345 3363 1474 3423 Liebes¬

340 3391 561 3451 bedürftigkeit
590 3395 663 3455 hing
697 3396 725 3456 er
754 3397 793 3457 an
828 3400 924 3460 seinen
958 3405 1116 3465 Kindern,
1145 3409 1179 3469 an
1219 3411 1315 3471 seinem
1361 3413 1467 3473 Sohn,

339 3438 390 3498 der
420 3439 449 3499 zu
491 3440 542 3500 den
578 3444 723 3504 stärksten
764 3447 962 3507 Hoffnungen
1004 3450 1055 3510 der
1085 3456 1230 3516 deutschen
1272 3458 1469 3518 Regiekunst

342 3486 438 3546 zählt,
466 3485 522 3545 und
557 3487 590 3547 an
630 3490 725 3550 seiner
754 3494 900 3554 Tochter,
923 3496 1007 3556 deren
1042 3500 1210 3560 plötzliches
1245 3504 1374 3564 Sterben
1408 3506 1458 3566 ihn

341 3531 415 3591 über
445 3532 543 3592 Nacht
572 3533 606 3593 um
654 3539 845 3599 Jahrzehnte
880 3542 973 3602 altern
1008 3545 1088 3605 ließ.
1112 3547 1158 3607 Er
1188 3551 1240 3611 hat
1269 3551 1344 3611 trotz
1368 3553 1460 3613 dieses

342 3580 646 3640 Schicksalsschlages
680 3587 785 3647 weiter
813 3588 1006 3648 geschaffen;
1035 3592 1106 3652 aber
1140 3595 1189 3655 wie
1217 3596 1250 3656 er
1284 3599 1372 3659 selbst
1400 3597 1460 3657 ein¬

334 3624 399 3684 mal
423 3626 452 3686 in
482 3628 565 3688 einer
589 3631 713 3691 Stunde
738 3633 790 3693 der
815 3637 1075 3697 Offenherzigkeit
1106 3643 1206 3703 gesagt
1231 3644 1313 3704 hat:
1332 3646 1461 3706 Manch¬

342 3668 405 3728 mal
423 3672 463 3732 ist
481 3673 527 3733 ihm
569 3675 689 3735 zumute
713 3679 864 3739 gewesen,
882 3680 927 3740 als
957 3682 985 3742 ob
1015 3683 1061 3743 sich
1091 3687 1223 3747 zwischen
1254 3690 1299 3750 die
1323 3693 1467 3753 Blätter,

340 3715 385 3775 die
414 3718 441 3778 er
470 3719 526 3779 mit
549 3722 645 3782 seiner
668 3727 950 3787 charakteristischen
985 3733 1199 3793 Handschrift,
1222 3736 1301 3796 einer
1329 3740 1458 3800 Schrift,

343 3763 384 3823 die
408 3764 454 3824 dem
496 3768 708 3828 Graphologen
738 3772 814 3832 viele
838 3775 944 3835 Rätsel
968 3778 1150 3838 aufgegeben
1180 3783 1279 3843 hätte,
1298 3787 1456 3847 beschrieb,

340 3811 396 3871 das
428 3811 502 3871 Bild
534 3813 585 3873 der
617 3821 892 3881 Unvergeßlichen,
918 3824 967 3884 der
1000 3826 1025 3886 zu
1063 3828 1131 3888 früh
1170 3830 1213 3890 ihm
1258 3835 1445 3895 Entrissenen

339 3861 563 3921 hineinschöbe.

1615 56 1758 116 Foere
2184 72 2231 132 e
2401 81 2456 141 e

2915 106 3100 166 redele
3179 110 3216 170 un

1601 102 1728 162 Partner
1764 105 1814 165 von
1851 108 2024 168 Katharina
2061 118 2250 178 Schratt
2276 119 2321 179 die
2352 126 2423 186 erste
2455 133 2730 193 Schnitzler=Rolle

2758 139 2833 199 des
2874 148 3092 208 Lebens".
3117 154 3188 214 Der
3219 159 3279 219 Dic

1598 148 1807 208 verkörperte,
1830 153 1873 213 den
1913 157 2000 217 Hugo
2029 159 2056 219 in
2090 164 2205 224 „Das
2234 172 2603 232 Vermächtnis".
2621 180 2714 240 Diese
2759 183 2791 243 im
2836 192 3068 252 Volkstheater
3102 202 3278 262 aufgeführt

1811 372 2209 432 Modern

1823 507 1965 567 der
2025 524 2655 584 jugendliche

1806 656 2566 716 Nackenknoten

1890 778 1989 838 Das
2024 782 2233 842 längere
2259 788 2400 848 Haar
2435 796 2535 856 legt
2569 798 2661 858 sich

1883 865 2117 925 gefügig,
2144 867 2191 927 es
2224 869 2402 929 glänzt
2437 878 2655 938 wunder

1892 941 2027 1001 voll,
2045 947 2145 1007 und
2189 948 2298 1008 Ihre
2341 953 2509 1013 Frisur
2561 960 2670 1020 hält

1877 1022 2004 1082 nach
2047 1027 2140 1087 dem
2201 1033 2447 1093 Waschen
2500 1039 2592 1099 mit

1811 1231 2323 1291 ELIDA
2498 1250 3160 1310 SHAM.

1565 1399 1660 1459 Rolle
1692 1402 1749 1462 hat
1795 1405 1858 1465 eine
1884 1409 1953 1469 sehr
1993 1414 2177 1474 schwierige,
2216 1419 2286 1479 weil
2312 1422 2375 1482 sehr
2408 1425 2496 1485 lange
2529 1430 2682 1490 dauernde

2734 1434 2807 1494 Teil
2834 1443 3067 1503 umgearbeitet,
3095 1449 3168 1509 weil
3195 1450 3241 1510 er,
3261 1451 3274 1511 n

1567 1448 1775 1508 Sterbeszene,
1798 1453 1854 1513 und
1883 1454 1922 1514 ich
1951 1457 2046 1517 durfte
2075 1462 2193 1522 damals
2227 1464 2272 1524 den
2306 1469 2430 1529 Dichter
2453 1474 2627 1534 wiederholt
2656 1476 2678 1536 in

2734 1482 2940 1542 Erlebnissen,
2966 1489 3016 1549 die
3048 1492 3135 1552 dieses
3174 1495 3261 1555 Werk

1564 1493 1661 1553 seinem
1697 1498 1777 1558 Heim
1812 1501 1991 1561 aufsuchen,
2009 1506 2048 1566 wo
2072 1507 2100 1567 er
2124 1509 2181 1569 mit
2199 1514 2366 1574 rührender
2390 1518 2527 1578 Hingabe
2557 1522 2608 1582 mit
2626 1523 2683 1583 mir

2732 1529 2945 1589 abgeklärtere
2975 1536 3107 1596 Distanz
3137 1543 3281 1603 gewonne

1565 1540 1720 1600 arbeitete.
1744 1544 1783 1604 In
1813 1546 1910 1606 seinem
1952 1555 2309 1615 Glückwunschschreiben
2339 1562 2367 1622 zu
2403 1566 2512 1626 meinem
2559 1567 2610 1627 60.
2628 1568 2685 1628 Ge¬

2729 1572 2842 1632 anders
2871 1577 2939 1637 sah.
2963 1578 3002 1638 Es
3037 1581 3099 1641 war
3128 1586 3173 1646 der
3202 1589 3275 1649 ausd

1562 1588 1702 1648 burtstag
1731 1590 1855 1650 schreibt
1878 1594 1906 1654 er
1929 1598 2075 1658 darüber,
2093 1602 2211 1662 nachdem
2252 1605 2279 1665 er
2308 1608 2375 1668 mich
2404 1610 2454 1670 des
2478 1613 2674 1673 Ausdruckes

2735 1616 2785 1676 daß
2824 1620 2882 1680 das
2913 1625 3142 1685 Volkstheater
3173 1633 3268 1693 seinen

1566 1631 1654 1691 seiner
1684 1636 1873 1696 Sympathie
1909 1638 1967 1698 und
2003 1643 2097 1703 seiner
2127 1651 2362 1711 Bewunderung
2398 1655 2558 1715 versichert
2588 1661 2687 1721 hatte,

2728 1661 2837 1721 Werke
2863 1668 2991 1728 begehe.

1559 1672 1611 1732 wie
1642 1679 1747 1739 folgt:
1777 1686 1847 1746 „Ich
1883 1685 1960 1745 habe
1990 1685 2048 1745 Sie
2078 1692 2160 1752 heute
2190 1697 2314 1757 zufällig
2350 1699 2373 1759 in
2415 1703 2491 1763 einem
2539 1706 2662 1766 Tonfilm

2820 1713 2873 1773 Ich
2898 1715 2994 1775 werde
3020 1718 3171 1778 nunmehr
3196 1726 3280 1786 aurea

1562 1724 1677 1784 gesehen
1711 1726 1771 1786 und
1804 1731 1914 1791 mußte
1942 1732 2036 1792 dabei
2058 1736 2169 1796 wieder
2203 1740 2235 1800 an
2269 1745 2378 1805 unsere
2407 1748 2478 1808 erste
2512 1749 2566 1809 nun
2605 1752 2677 1812 über

2724 1757 2983 1817 tagsvorstellung
3020 1763 3080 1823 eine
3112 1769 3292 1829 Trauerfere

1556 1768 1673 1828 dreißig
1703 1775 1803 1835 Jahre
1833 1780 2074 1840 zurückliegende
2104 1786 2286 1846 Begegnung
2322 1793 2474 1853 anläßlich
2516 1798 2568 1858 der
2593 1799 2674 1859 Auf¬

2727 1802 2895 1862 genannten
2937 1808 3065 1868 Bühnen
3112 1812 3187 1872 diese
3223 1815 3292 1875 Eri¬

1559 1815 1685 1875 führung
1721 1821 1836 1881 meines
1871 1826 2200 1886 „Vermächtnisses",
2230 1837 2362 1897 denken.
2392 1840 2443 1900 Ich
2479 1842 2542 1902 sehe
2554 1843 2680 1903 wieder,

2725 1848 2967 1908 österreichischen
3000 1856 3210 1916 Dramatiker
3236 1862 3293 1922 und

1554 1859 1604 1919 wie
1631 1863 1687 1923 viel
1714 1867 1751 1927 ich
1778 1869 1874 1929 Ihnen
1907 1870 1957 1930 als
1983 1873 2137 1933 Publikum
2176 1879 2233 1939 und
2266 1884 2367 1944 Autor
2394 1887 2419 1947 zu
2446 1888 2567 1948 danken
2593 1891 2675 1951 habe.

2727 1894 2938 1954 Schauspieler
2970 1903 3135 1963 gemeinsam
3181 1906 3218 1966 an
3249 1905 3293 1965 ein

1552 1906 1672 1966 Bleiben
1708 1909 1765 1969 Sie
1794 1912 1857 1972 noch
1887 1917 2008 1977 weitere
2032 1921 2146 1981 dreißig
2170 1927 2268 1987 Jahre
2292 1930 2401 1990 jung!

1640 1959 1685 2019 In
1727 1957 1778 2017 den
1825 1960 1922 2020 letzten
1969 1966 2083 2026 Jahren
2130 1970 2204 2030 habe
2240 1973 2279 2033 ich
2309 1975 2331 2035 in
2366 1978 2550 2038 Schnitzlers
2586 1981 2666 2041 „Der

2729 1984 2897 2044 Arthur
2924 1990 3184 2050 Schnitzlers
3212 1997 3262 2057 är

1550 1998 1639 2058 junge
1668 2003 1859 2063 Medardus"
1894 2010 1944 2070 den
1978 2012 2057 2072 Etzel
2080 2016 2203 2076 gespielt
2232 2018 2288 2078 und
2317 2019 2344 2079 in
2379 2022 2435 2082 das
2464 2028 2542 2088 Buch
2576 2026 2666 2086 dieses

3055 2042 3134 2102 Von
3169 2047 3281 2107 ärztli

1554 2043 1679 2103 Werkes
1716 2049 1782 2109 eine
1812 2052 1975 2112 besonders
2011 2061 2198 2121 freundliche
2229 2067 2397 2127 Widmung
2434 2070 2487 2130 des
2525 2075 2668 2135 Dichters

2811 2088 2919 2148 Kurze
2943 2092 3013 2152 Zeit
3045 2096 3114 2156 nach
3146 2098 3239 2158 seiner

1551 2092 1730 2152 geschrieben
1761 2100 1959 2160 bekommen.
1990 2106 2032 2166 In
2081 2109 2164 2169 „Die
2189 2113 2399 2173 Schwestern"
2430 2118 2502 2178 habe
2527 2120 2568 2180 ich
2611 2120 2664 2180 den

2718 2131 2865 2191 Assistent
2895 2136 2932 2196 an
2969 2139 3021 2199 der
3058 2145 3286 2205 laryngologise

1546 2137 1703 2197 Casanova
1749 2144 1810 2204 und
1851 2147 1878 2207 in
1918 2151 2087 2211 „Liebelei"
2128 2154 2195 2214 nach
2235 2159 2409 2219 Alexander
2438 2166 2573 2226 Girardi
2607 2167 2658 2227 den

2718 2181 2872 2241 Professor
2919 2184 2986 2244 Dr.
3026 2190 3160 2250 Johann
3215 2196 3274 2256 Sch

1545 2182 1692 2242 Weyring
1722 2190 1864 2250 gespielt.
1882 2196 2060 2256 Schließlich
2084 2199 2148 2259 war
2172 2202 2207 2262 ich
2238 2205 2302 2265 noch
2333 2208 2361 2268 in
2392 2210 2468 2270 einem
2510 2213 2563 2273 der
2587 2213 2663 2273 Ein¬

2726 2228 2892 2288 Poliklinik
2926 2228 2952 2288 in
2986 2229 3079 2289 Wien
3113 2238 3192 2298 tätig
3226 2241 3279 2301 und

1542 2227 1627 2287 akter
1659 2232 1683 2292 im
1727 2237 1849 2297 Zyklus
1882 2242 2054 2302 „Komödie
2079 2244 2128 2304 der
2153 2248 2276 2308 Worte"
2314 2253 2337 2313 in
2370 2256 2455 2316 einer
2480 2258 2665 2318 Hauptrolle

1548 2276 1735 2336 beschäftigt.

2712 2272 2842 2332 trauens
2882 2276 2934 2336 der
2968 2282 3151 2342 Patienten.
3192 2288 3263 2348 Sein

2713 2320 2871 2380 möglichte
2899 2322 2933 2382 es
2961 2327 3044 2387 ihm,
3072 2330 3126 2390 aus
3162 2331 3216 2391 dem

2711 2366 2829 2426 Vaters
2866 2371 2935 2431 eine
2971 2375 3069 2435 Reihe
3105 2378 3154 2438 von
3197 2382 3287 2442 wicht

1602 2361 1827 2421 Schnitzler
1869 2368 1940 2428 als
1972 2374 2209 2434 Regisseur
2241 2383 2383 2443 seiner
2415 2387 2599 2447 Werke.

2709 2414 2862 2474 zuwählen
2930 2417 2982 2477 und
3043 2425 3082 2485 sie
3137 2427 3162 2487 zu
3223 2428 3269 2488 ein

1761 2424 1825 2484 Von
1852 2431 2041 2491 Professor
2067 2434 2138 2494 Dr.
2158 2440 2308 2500 Rudolf
2328 2443 2444 2503 Beer.

2706 2455 2837 2515 Atlas
2882 2466 3196 2526 zusammenzufassen,
3234 2472 3283 2532 den

1631 2486 1715 2546 „Der
1767 2489 2023 2549 Regisseur
2083 2495 2219 2555 eines
2279 2506 2653 2566 Schnitzlerschen

2705 2503 2852 2563 Kollegen
2897 2506 2967 2566 Dr.
3006 2515 3179 2575 Hajek,
3218 2518 3268 2578 dem

1539 2529 1725 2589 Werkes
1754 2536 1888 2596 empfing
1923 2538 1973 2598 von
2013 2541 2058 2601 dem
2104 2544 2205 2604 Autor
2234 2546 2278 2606 die
2307 2551 2442 2611 denkbar
2471 2557 2651 2617 wertvollste

2702 2550 2811 2610 Klinik
2853 2554 2908 2614 für
2943 2560 3280 2620 Kehlkopfkrankheite

1541 2578 1794 2638 Unterstützung.
1819 2584 1895 2644 War
1926 2586 1954 2646 es
1990 2587 2055 2647 doch
2085 2591 2167 2651 seine
2192 2596 2268 2656 Art,
2292 2596 2339 2656 die
2370 2602 2529 2662 Menschen
2565 2604 2652 2664 seiner

2705 2597 2791 2657 heute
2819 2600 2911 2660 seinen
2946 2603 3038 2663 Wert
3066 2608 3125 2668 nich
3165 2611 3278 2671 verlore

1535 2625 1664 2685 Dramen
1704 2626 1755 2686 von
1795 2630 1867 2690 allem
1919 2633 2043 2693 Anfang
2078 2634 2111 2694 an
2151 2640 2286 2700 lebendig
2321 2643 2376 2703 vor
2405 2647 2456 2707 sich
2496 2649 2518 2709 zu
2558 2652 2637 2712 sehen

2703 2643 2794 2703 große
2821 2646 3044 2706 Schriftsteller
3065 2654 3149 2714 war,
3170 2658 3281 2718 hielte

1533 2667 1589 2727 und
1630 2668 1697 2728 war
1732 2672 1765 2732 er
1800 2676 1873 2736 sich,
1902 2677 1947 2737 ein
1987 2683 2180 2743 gründlicher
2215 2689 2339 2749 Kenner
2379 2692 2452 2752 aller
2492 2697 2645 2757 szenischen

2706 2688 2807 2748 stunde
2841 2691 2874 2751 ab
2909 2693 2969 2753 und
3004 2697 3098 2757 zeigte
3133 2703 3186 2763 sich
3221 2705 3281 2765 voll

1533 2718 1793 2778 Möglichkeiten,
1821 2722 1875 2782 von
1915 2725 1992 2785 allem
2042 2730 2169 2790 Anfang
2209 2733 2241 2793 an
2281 2738 2413 2798 darüber
2452 2740 2480 2800 im
2530 2744 2657 2804 klaren,

2702 2736 2884 2796 Probleme,
2910 2744 3122 2804 insbesondere
3155 2749 3204 2809 für
3236 2751 3279 2811 jen

1535 2760 1557 2820 in
1598 2766 1716 2826 welchem
1768 2769 1903 2829 Umfang
1943 2774 2017 2834 seine
2045 2779 2254 2839 Intentionen
2289 2783 2345 2843 auf
2380 2785 2424 2845 der
2459 2788 2566 2848 Bühne
2601 2789 2651 2849 zur

2701 2783 2881 2843 behandelte
2915 2787 2941 2847 er
2975 2789 3002 2849 in
3043 2793 3142 2853 seinem
3190 2798 3276 2858 Anat

1531 2812 1672 2872 Existenz
1701 2814 1841 2874 gebracht
1870 2817 1982 2877 werden
2017 2822 2135 2882 können
2181 2829 2276 2889 Jedem
2322 2834 2496 2894 Darsteller
2525 2837 2586 2897 war
2615 2835 2643 2895 er

2700 2832 2956 2892 Hypnotismus,
2982 2835 3012 2895 in
3057 2840 3150 2900 seiner
3182 2843 3269 2903 Nove

1529 2853 1574 2913 ein
1608 2858 1782 2918 liebevoller
1811 2864 1952 2924 Führer,
1975 2865 2047 2925 denn
2082 2869 2109 2929 er
2144 2872 2194 2932 hat
2223 2874 2250 2934 es
2285 2879 2482 2939 verstanden,
2511 2882 2561 2942 sich
2595 2884 2645 2944 der

2697 2874 2752 2934 von
2783 2879 2949 2939 wertvollen
2981 2885 3232 2945 Beobachtungen

1524 2904 1789 2964 Individualität
1818 2907 1868 2967 des
1903 2911 2050 2971 einzelnen
2090 2920 2270 2980 anzupassen
2311 2922 2366 2982 und
2401 2926 2452 2986 die
2481 2930 2638 2990 Ansichten

2694 2922 2752 2982 wie
2779 2924 2804 2984 er
2837 2926 2902 2986 auch
2935 2930 2960 2990 in
2995 2931 3091 2991 seinem
3131 2936 3267 2996 Einakte

1528 2951 1606 3011 jedes
1641 2954 1810 3014 Künstlers
1845 2953 1872 3013 zu
1912 2960 2127 3020 respektieren.
2156 2966 2201 3026 Er
2235 2969 2297 3029 war
2331 2970 2359 3030 so
2393 2972 2461 3032 sehr
2496 2977 2642 3037 Theater¬

2695 2969 2914 3029 erschütternde
2968 2978 3181 3038 Schilderung
3242 2984 3274 3044 de

1523 2996 1632 3056 mensch
1674 3000 1737 3060 und
1778 3000 1829 3060 von
1871 3008 2102 3068 künstlerischem
2155 3014 2341 3074 Empfinden
2387 3019 2456 3079 auch
2498 3022 2549 3082 für
2585 3023 2642 3083 das

2697 3018 2918 3078 Tuberkulösen
2956 3023 2986 3083 zu
3017 3028 3109 3088 geben
3141 3032 3275 3092 vermoch

1528 3041 1586 3101 rein
1622 3045 1781 3105 Szenische
1812 3047 1934 3107 beseelt,
1965 3052 2018 3112 daß
2054 3054 2082 3114 er
2118 3057 2165 3117 die
2195 3063 2525 3123 Bühnenwiedergabe
2556 3069 2631 3129 schon

2697 3063 2788 3123 seines
2815 3065 2926 3125 Lebens
2954 3072 3059 3132 hinein
3086 3073 3237 3133 bewahrte
3258 3079 3270 3139 e

1522 3086 1588 3146 beim
1633 3091 1798 3151 Schreiben
1837 3096 1992 3156 vorerlebt
2025 3100 2091 3160 hat.
2119 3105 2179 3165 Nie
2213 3108 2268 3168 hat
2302 3109 2340 3169 ein
2385 3111 2434 3171 von
2474 3113 2523 3173 ihm
2573 3113 2639 3173 vor¬

2693 3109 2746 3169 und
2778 3111 2855 3171 ihren
2887 3118 2980 3178 neuen
3012 3120 3120 3180 Wegen
3152 3124 3205 3184 sein
3237 3126 3267 3186 vo

1525 3137 1693 3197 gebrachter
1723 3140 1856 3200 Wunsch
1893 3143 1940 3203 für
1977 3145 2025 3205 den
2062 3151 2224 3211 Regisseur
2255 3155 2321 3215 eine
2352 3160 2641 3220 Unerfüllbarkeit,

1525 3181 1546 3241 ja
1579 3184 1649 3244 auch
1682 3186 1742 3246 nur
1780 3189 1839 3249 eine
1872 3189 1969 3249 ernste
2002 3198 2240 3258 Schwierigkeit
2268 3204 2425 3264 bedeutet.
2447 3208 2500 3268 Ich
2539 3211 2635 3271 kenne

2807 3207 2978 3267 Arthur
3014 3214 3266 3274 Schnitzler¬

1521 3229 1624 3289 keinen
1654 3235 1867 3295 Schauspieler
1897 3236 1954 3296 und
1984 3238 2064 3298 keine
2093 3247 2359 3307 Schauspielerin,
2383 3252 2423 3312 die
2447 3252 2631 3312 Schnitzlers

2779 3257 2893 3317 Arthur
2914 3267 3157 3327 Schnitzler
3184 3274 3271 3334 hatg

1526 3277 1675 3337 Figuren,
1705 3282 1867 3342 wahrhaft
1896 3284 2029 3344 Figuren
2064 3288 2116 3348 von
2151 3294 2429 3354 Ewigkeitswert,
2453 3300 2533 3360 nicht
2562 3303 2637 3363 über

2687 3303 2776 3363 seinem
2822 3312 3040 3372 gewöhnlichen
3073 3317 3272 3377 Vormittag¬

1522 3321 1576 3381 alle
1605 3322 1715 3382 Maßen
1749 3327 1820 3387 gern
1854 3330 1980 3390 gespielt
2004 3335 2124 3395 hätten.
2147 3339 2263 3399 Ebenso
2291 3343 2346 3403 wie
2374 3345 2423 3405 der
2451 3346 2633 3406 Spielleiter

2682 3351 2841 3411 anfall
2868 3357 3002 3417 erlitten.
3021 3359 3064 3419 Er
3090 3363 3194 3423 wurde
3219 3367 3268 3427 geg

1520 3368 1616 3428 waren
1660 3371 1730 3431 auch
1774 3373 1822 3433 die
1861 3377 2034 3437 Darsteller
2072 3383 2180 3443 immer
2219 3387 2304 3447 froh,
2338 3390 2424 3450 wenn
2468 3395 2635 3455 Schnitzler

2684 3396 2761 3456 tärin
2792 3399 2809 3459 in
2840 3402 2924 3462 tiefer
2949 3407 3219 3467 Bewußtlosigkeit
3244 3412 3274 3472 au

1520 3415 1597 3475 einer
1625 3418 1724 3478 Probe
1753 3422 1945 3482 beiwohnte.
1969 3426 2012 3486 Er
2035 3428 2117 3488 hatte
2145 3431 2189 3491 die
2218 3435 2438 3495 Gewohnheit,
2461 3439 2510 3499 sich
2544 3441 2626 3501 einen

2679 3441 2730 3501 hob
2754 3444 2800 3504 ihn
2829 3446 2875 3506 ins
2905 3449 2980 3509 Bett
3003 3452 3055 3512 und
3085 3456 3183 3516 berief
3201 3457 3264 3517 eine

1517 3463 1623 3523 ganzen
1664 3463 1732 3523 Akt
1760 3467 1941 3527 schweigend
1976 3473 2163 3533 anzusehen.
2192 3479 2270 3539 Eine
2305 3483 2390 3543 Kette
2424 3485 2481 3545 von
2515 3487 2633 3547 Unter¬

2675 3491 2889 3551 konstatierte.
2908 3497 3027 3557 Arthur
3047 3500 3216 3560 Schnitzler
3236 3502 3254 3562 b

1512 3512 1717 3572 brechungen,
1744 3513 1792 3573 die
1820 3514 1846 3574 so
1879 3516 1965 3576 leicht
1993 3521 2165 3581 irritierend
2198 3527 2310 3587 wirken
2343 3529 2445 3589 kann,
2473 3531 2537 3591 war
2570 3534 2618 3594 von

2674 3542 3102 3602 umviertelsieben
3135 3548 3256 3608 Uhra

1515 3558 1676 3618 Schnitzler
1711 3560 1757 3620 nie
1793 3560 1821 3620 zu
1856 3564 2046 3624 befürchten.
2070 3569 2151 3629 Nach
2186 3575 2347 3635 Aktschluß
2389 3580 2498 3640 machte
2533 3579 2561 3639 er
2597 3582 2619 3642 in

2672 3584 2771 3644 trat
2798 3587 2984 3647 infolge
3018 3593 3263 3653 Atemlähn

1507 3605 1628 3665 größter
1657 3608 1761 3668 Ruhe,
1790 3609 1964 3669 gleichwohl
1993 3612 2050 3672 mit
2074 3616 2149 3676 aller
2178 3623 2479 3683 Eindringlichkeit,
2503 3627 2623 3687 etwaige

2671 3629 2706 3689 an
2744 3634 3120 3694 Herzmuskelentartung
3158 3641 3218 3701 und

1513 3651 1656 3711 Wünsche
1687 3656 1825 3716 geltend.
1856 3657 1958 3717 Nichts
1995 3659 2042 3719 lag
2079 3661 2121 3721 ihm
2169 3666 2284 3726 ferner,
2315 3670 2362 3730 als
2393 3670 2470 3730 seine
2501 3672 2615 3732 Person

2669 3673 2795 3733 Neffen,
2822 3678 2868 3738 des
2902 3682 3161 3742 Herzspezialyten
3195 3689 3261 3749 Dr.

1504 3700 1743 3760 vorzuschieben.
1771 3702 1837 3762 Das
1871 3703 1988 3763 Werk,
2011 3707 2054 3767 die
2077 3711 2282 3771 gemeinsame
2312 3714 2422 3774 Arbeit
2450 3717 2483 3777 an
2517 3719 2605 3779 diesem

2760 3721 2821 3781 Der
2853 3724 2976 3784 Dichter
3008 3730 3113 3790 klagte
3145 3733 3218 3793 schon

1504 3744 1614 3804 Werke
1654 3748 1752 3808 waren
1797 3749 1847 3809 ihm
1903 3750 1979 3810 alles
2019 3754 2074 3814 und
2119 3758 2174 3818 sein
2219 3763 2434 3823 brennendster
2473 3765 2622 3825 Wunsch,

2666 3771 3112 3831 Herzbeschwerden,
3139 3780 3185 3840 die
3219 3782 3265 3842 ihn

1505 3792 1613 3852 immer
1643 3795 1798 3855 lebendige
1828 3798 1983 3858 Menschen
2019 3799 2070 3859 auf
2094 3801 2145 3861 der
2175 3807 2284 3867 Bühne
2307 3808 2428 3868 agieren
2464 3811 2486 3871 zu
2521 3813 2601 3873 sehen

2673 3814 2874 3874 Lebensweise
2912 3818 2935 3878 in
2979 3822 3082 3882 keiner
3114 3826 3217 3886 Weise

1598 3841 1669 3901 Das
1706 3844 1928 3904 Deutsche
1965 3852 2320 3912 Volkstheater
2357 3856 2411 3916 hat
2448 3858 2502 3918 vor
2545 3860 2622 3920 zwei

2666 3861 2769 3921 Tagen
2802 3865 2977 3925 verschärfte
3004 3869 3056 3929 sich
3089 3870 3140 3930 das
3174 3873 3264 3933 Leide

1489 3884 1614 3944 Jahren
1654 3888 1843 3948 Schnitzlers
1876 3894 2040 3954 „Spiel
2065 3899 2135 3959 der
2168 3904 2530 3964 Sommerlüfte"
2562 3908 2616 3968 zur
2649 3910 2980 3970 klemmungen
3021 3919 3075 3979 und
3107 3921 3240 3981 Uebli
