3392 4352
182 285 307 345 12.
367 288 960 348 Schnitzler's
1031 288 1253 348 Deatl

1474 285 1605 345 box
1684 288 1869 348 44/2

1389 765 1495 825 Call
1546 771 1630 831 Bul
1674 776 1787 836 etin

1377 822 1452 882 San
1501 827 1790 887 Francisce
1839 840 1892 900 t

1596 879 1675 939 Nv
1733 891 1892 951 21-31

1452 1118 1642 1178 TIIE
1757 1109 2559 1169 BOORWORN.

1359 1177 2629 1237 mnnen

2039 1227 2086 1287 the
2121 1228 2203 1288 Worm
2251 1228 2315 1288 read
2350 1228 2471 1288 Conrad
2506 1228 2531 1288 in
2567 1228 2640 1288 knee

1394 1236 1422 1296 If
1444 1234 1497 1294 the
1527 1231 1784 1291 Worm—always
1813 1231 1975 1291 dreaming

2036 1264 2169 1324 trousers
2196 1267 2250 1327 and
2277 1264 2364 1324 reads
2392 1267 2475 1327 every
2503 1267 2586 1327 scrap
2614 1267 2644 1327 of

1365 1273 1397 1333 of
1416 1273 1456 1333 old
1479 1272 1530 1332 age
1553 1270 1586 1330 as
1605 1269 1633 1329 he
1656 1267 1785 1327 is—ever
1804 1267 1877 1327 lives
1896 1267 1922 1327 to
1944 1267 1973 1327 be

2034 1303 2114 1363 stuff
2135 1306 2228 1366 that's
2245 1303 2363 1363 printed
2388 1303 2481 1363 about
2502 1303 2643 1363 Conrad?

1365 1309 1594 1369 eighty-eight,
1618 1304 1693 1364 he'll
1725 1303 1803 1363 know
1847 1303 1902 1363 how
1950 1303 1977 1363 to

2039 1342 2089 1402 Did
2110 1342 2147 1402 E.
2157 1342 2182 1402 I.
2195 1342 2224 1402 S.
2237 1342 2300 1402 read
2321 1340 2392 1400 Ford
2418 1342 2523 1402 Madox
2545 1341 2645 1401 Ford's

1365 1347 1416 1407 act
1436 1346 1447 1406 .
1464 1345 1475 1405 .
1492 1344 1503 1404 .
1519 1342 1653 1402 Because
1677 1342 1740 1402 he’s
1764 1342 1827 1402 just
1851 1342 1918 1402 read
1946 1342 1985 1402 V.

2036 1376 2138 1436 article
2170 1380 2264 1440 about
2292 1377 2414 1437 Conrad
2450 1377 2505 1437 and
2541 1378 2639 1438 Crane

1367 1378 1644 1438 Sackville-West's
1712 1376 1783 1436 “All
1847 1377 1969 1437 Passion

2038 1416 2093 1476 and
2117 1416 2235 1476 Hudson
2259 1416 2278 1476 in
2303 1416 2314 1476 a
2338 1416 2440 1476 recent
2456 1416 2645 1476 Scribner's?

1367 1416 1577 1476 Spent"—and
1613 1416 1696 1476 what
1725 1416 1736 1476 a
1772 1416 1867 1476 lovely
1899 1416 1974 1476 book

1369 1455 1470 1515 THAT
1495 1452 1531 1512 is.
1564 1452 1710 1512 Fremont
1731 1452 1824 1512 Older
1845 1453 1978 1513 brought

2046 1455 2104 1515 ...
2117 1455 2146 1515 If
2171 1455 2205 1515 he
2230 1455 2326 1515 didn’t
2348 1455 2385 1515 he
2410 1455 2515 1515 missed
2545 1452 2640 1512 some¬

1372 1491 1397 1551 it
1412 1491 1430 1551 in
1457 1491 1508 1551 and
1530 1488 1652 1548 ordered
1674 1488 1722 1548 the
1745 1486 1829 1546 Worm
1867 1485 1888 1545 to
1911 1485 1977 1545 read

2039 1490 2125 1550 thin¬

1372 1527 1412 1587 it—
1449 1527 1517 1587 just
1538 1527 1570 1587 as
1591 1527 1599 1587 a
1623 1524 1704 1584 piece
1729 1524 1757 1584 of
1778 1524 1928 1584 writing,"
1948 1521 1980 1581 as

1372 1564 1409 1624 he
1439 1562 1493 1622 put
1518 1562 1560 1622 it.
1594 1562 1635 1622 As
1661 1559 1685 1619 if
1711 1560 1861 1620 Fremont
1887 1559 1979 1619 Older

1372 1598 1440 1658 ever
1463 1598 1695 1658 recommended
1721 1595 1871 1655 anything
1902 1595 1983 1655 “just

1371 1634 1402 1694 as
1427 1637 1438 1697 a
1466 1634 1545 1694 piece
1569 1634 1600 1694 of
1620 1632 1766 1692 writing.”
1807 1634 1889 1694 That
1913 1633 1976 1693 man

1373 1673 1446 1733 likes
1475 1671 1580 1731 things
1605 1670 1649 1730 for
1674 1670 1760 1730 their
1785 1669 1914 1729 feeling,
1935 1669 1980 1729 for

1376 1708 1451 1768 their
1480 1708 1583 1768 ideas,
1603 1706 1651 1766 for
1679 1706 1762 1766 their
1790 1706 1981 1766 truth—and

1376 1741 1425 1801 the
1464 1744 1582 1804 writing
1620 1741 1719 1801 comes
1758 1741 1865 1801 second
1911 1741 1975 1801 with

1373 1780 1423 1840 him
1461 1780 1473 1840 .
1486 1780 1523 1840 ..
1541 1780 1603 1840 But
1625 1780 1692 1840 “All
1709 1779 1830 1839 Passion
1864 1777 1977 1837 Spent'

1371 1819 1426 1879 has
1450 1816 1513 1876 both
1541 1816 1588 1876 the
1612 1816 1690 1876 truth
1718 1816 1773 1876 and
1797 1814 1844 1874 the
1868 1816 1974 1876 beauty

1369 1855 1393 1915 in
1414 1855 1438 1915 it
1455 1855 1508 1915 ...
1518 1854 1571 1914 It's
1592 1852 1682 1912 about
1699 1852 1732 1912 an
1757 1852 1802 1912 old
1827 1852 1893 1912 lady
1918 1851 1979 1911 who

1372 1891 1417 1951 did
1464 1888 1498 1948 as
1541 1888 1594 1948 she
1636 1888 1755 1948 pleased
1801 1888 1885 1948 after
1928 1888 1981 1948 she

1399 1936 1512 1996 eached
1540 1936 1590 1996 the
1618 1934 1653 1994 ag

1392 2032 1735 2092 Children’s
1772 2031 1915 2091 Book

1371 2082 1988 2142 omnnnl

1439 3392 1581 3452 e

1434 3432 1598 3492 Lysbeth
1643 3431 1792 3491 Boyd
1847 3431 1980 3491 Borie,

1385 3476 1509 3536 whose
1545 3476 1615 3536 new
1660 3476 1752 3536 book
1788 3476 1849 3536 for
1881 3475 1973 3535 chil¬

1383 3522 1498 3582 dren,
1541 3520 1670 3580 “More
1719 3520 1862 3580 Poems
1906 3520 1968 3580 for

1384 3568 1530 3628 Peter,”
1566 3568 1636 3628 has
1667 3566 1840 3626 recently
1876 3565 1966 3625 been

1383 3613 1590 3673 published
1632 3613 1679 3673 by
1727 3614 1768 3674 J.
1804 3613 1851 3673 B.
1887 3612 1975 3672 Lip-

1383 3662 1537 3722 pincott
1561 3663 1781 3723 Company.

1384 3741 1465 3801 Worm
1526 3740 1586 3800 has
1625 3738 1698 3798 read
1746 3738 1879 3798 Cicero's
1922 3735 1986 3795 “De

1380 3777 1564 3837 Senectute"
1594 3777 1648 3837 and
1682 3777 1757 3837 once
1787 3777 1820 3837 he
1850 3777 1921 3837 read
1951 3777 1997 3837 G.

1380 3815 1505 3875 Stanley
1540 3814 1634 3874 Hall's
1669 3813 1893 3873 “Senescence"
1928 3813 1984 3873 and

1381 3853 1437 3913 was
1459 3852 1670 3912 encouraged,
1685 3849 1742 3909 and
1768 3849 1889 3909 several
1904 3849 1993 3909 years

1381 3888 1434 3948 ago
1461 3888 1494 3948 he
1518 3888 1574 3948 was
1598 3887 1749 3947 delighted
1780 3885 1844 3945 with
1875 3885 1988 3945 Robert

1384 3923 1534 3983 Nathan's
1554 3923 1723 3983 “Autumn"
1747 3923 1798 3983 but
1819 3921 1878 3981 this
1898 3922 1921 3982 is
1941 3920 1988 3980 the

1384 3959 1449 4019 best
1480 3959 1548 4019 book
1583 3959 1636 4019 yet
1663 3959 1720 4019 and
1755 3959 1804 4019 the
1839 3959 1923 4019 Worm
1973 3957 1995 4017 is

1383 3997 1523 4057 thinking
1558 3995 1588 4055 of
1611 3995 1790 4055 organizing
1821 3995 1832 4055 a
1867 3995 1988 4055 Society

1384 4034 1415 4094 of
1436 4031 1484 4091 Old
1513 4031 1597 4091 Folks
1622 4031 1690 4091 Who
1715 4031 1795 4091 Have
1820 4031 1900 4091 Read
1925 4031 1993 4091 “All

1381 4067 1503 4127 Passion
1539 4067 1653 4127 Spent”
1681 4067 1739 4127 and
1771 4069 1811 4129 its
1839 4067 1992 4127 meetings

1386 4101 1448 4161 will
1461 4103 1490 4163 be
1511 4103 1523 4163 a
1545 4103 1587 4163 lot
1604 4103 1632 4163 of
1654 4103 1699 4163 fun
1725 4105 1783 4165 ...
1796 4103 1825 4163 1f
1847 4103 1879 4163 V.
1893 4103 1988 4163 Sack-

1387 4136 1557 4196 ville-West
1579 4139 1646 4199 ever
1672 4140 1771 4200 comes
1797 4138 1821 4198 to
1850 4139 1985 4199 America
