3392 4320
563 172 712 232 österr.
720 174 872 234 behördl.
884 180 1182 240 konzessioniertes

504 210 738 270 Unternehmen
771 213 815 273 für
844 217 1229 277 Zeitungs-Ausschnitte

561 267 702 327 WIEN,
734 273 776 333 I.,
808 276 1086 336 WOLLZEILE
1136 284 1178 344 11

657 321 867 381 TELEPHON
902 325 1083 385 R-23-0-43

384 422 628 482 AUSSCHNITT
647 426 703 486 VON

826 488 842 548 2
869 488 910 548 2.
936 485 1021 545 0KT.
1038 485 1147 545 1931

409 637 708 697 Berliner
760 650 999 710 Börsen
1068 665 1299 725 Kurier

650 706 1052 766 Morgen=Ausgabe

393 814 682 874 Arthur
727 824 1156 884 Schnitzler

877 881 986 941 Wien,
1005 888 1052 948 21.
1067 888 1229 948 Oktober.

438 927 554 987 Arthur
598 932 779 992 Schnitzler
822 935 869 995 ist
909 938 1003 998 heute
1051 942 1146 1002 abend
1198 945 1232 1005 am

390 973 435 1033 ¼7
463 972 527 1032 Uhr
550 975 636 1035 einem
673 978 896 1038 Schlaganfall
915 984 1061 1044 erlegen.
1075 987 1248 1047 Schnitzler

383 1016 503 1076 machte
536 1018 608 1078 noch
645 1021 669 1081 in
706 1022 758 1082 der
791 1028 1122 1088 Nachmittagsstunde
1155 1031 1239 1091 einen

377 1061 614 1121 Spaziergang.
655 1067 715 1127 Als
744 1067 776 1127 er
808 1069 837 1129 in
873 1072 958 1132 seine
998 1076 1160 1136 Wohnung
1196 1076 1248 1136 zu¬

380 1108 592 1168 rückkehrte,
619 1110 739 1170 stürzte
779 1112 810 1172 er
846 1118 991 1178 plötzlich
1032 1120 1085 1180 vom
1129 1123 1240 1183 Schlag

377 1151 514 1211 gerührt
540 1155 715 1215 bewußtlos
742 1162 939 1222 zusammen.
978 1165 1020 1225 Er
1042 1168 1145 1228 Starb,
1167 1169 1244 1229 ohne

377 1194 431 1254 das
485 1200 685 1260 Bewußtsein
744 1207 994 1267 wiedererlangt
1044 1210 1077 1270 zu
1132 1213 1248 1273 haben.

379 1240 555 1300 Schnitzler
598 1245 684 1305 wäre
732 1249 760 1309 im
818 1250 884 1310 Maj
928 1255 1075 1315 nächsten
1123 1258 1237 1318 Jahres

383 1279 409 1339 70
446 1288 541 1348 Jahre
578 1289 623 1349 alt
656 1293 842 1353 geworden.
888 1300 955 1360 Aus
988 1300 1092 1360 diesem
1143 1305 1238 1365 Anlaß

377 1329 476 1389 waren
508 1333 535 1393 in
563 1336 722 1396 mehreren
759 1341 886 1401 Wiener
913 1345 1067 1405 Theatern
1100 1348 1245 1408 Festauf¬

380 1378 552 1438 führungen
586 1384 691 1444 seiner
721 1387 835 1447 Stücke
864 1390 1012 1450 geplant.

437 1497 503 1557 Die
535 1502 729 1562 Nachricht
756 1504 817 1564 von
854 1508 987 1568 Arthur
1018 1512 1234 1572 Schnitzlers

370 1539 522 1599 Ableben
557 1543 676 1603 weckt
711 1549 991 1609 rauergefühle
1046 1555 1085 1615 um
1159 1557 1233 1617 eine

377 1584 573 1644 wertvolle,
604 1587 637 1647 im
687 1592 834 1652 Wiener
869 1598 1036 1658 Umkreis
1071 1602 1242 1662 dominie-

372 1628 474 1688 rende
526 1634 795 1694 Erscheinung.
856 1638 935 1698 Sein
973 1643 1075 1703 Name
1126 1646 1233 1706 setzte

370 1673 436 1733 sich
471 1676 499 1736 in
528 1677 629 1737 einer
658 1681 796 1741 Epoche
826 1684 950 1744 durch,
989 1688 1041 1748 die
1076 1691 1161 1751 reich
1195 1691 1228 1751 an

370 1718 479 1778 neuen
533 1723 700 1783 Talenten
758 1728 849 1788 war.
888 1731 964 1791 Der
1007 1736 1113 1796 junge
1156 1735 1242 1795 Hof¬

368 1772 588 1832 mannsthal,
641 1775 702 1835 der
760 1778 870 1838 junge
937 1784 1238 1844 Beer-Hofmann,

370 1811 473 1871 Peter
508 1815 719 1875 Altenberg,
744 1820 848 1880 Felix
883 1826 1104 1886 Doermann,
1134 1831 1232 1891 Felix

367 1858 477 1918 Salten
511 1861 675 1921 scharten
728 1863 795 1923 sich
829 1868 1011 1928 alltäglich
1065 1873 1107 1933 um
1165 1873 1227 1933 den

367 1906 678 1966 Käffeehaustisch
751 1910 813 1970 des
847 1915 1044 1975 damaligen
1092 1918 1231 1978 Wiener

372 1951 702 2011 Lite:aturpapstes
752 1957 929 2017 Hermann
969 1963 1077 2023 Bahr,
1122 1966 1239 2026 rebel¬

370 1996 488 2056 lierten
553 2002 665 2062 gegen
730 2005 798 2065 alte
863 2009 1010 2069 Götter,
1060 2013 1227 2073 schlugen

370 2043 524 2103 Brücken
562 2045 623 2105 zum
703 2049 853 2109 Pariser
892 2056 1238 2116 Impressionismus,

369 2088 476 2148 waren
518 2088 676 2148 Freunde
714 2093 774 2153 und
817 2099 1110 2159 Konkurrenten,
1139 2103 1232 2163 wäh¬

365 2132 443 2192 rend
478 2133 537 2193 der
562 2135 670 2195 junge
700 2138 793 2198 Karl
819 2141 936 2201 Krauß
971 2145 1040 2205 sich
1074 2147 1138 2207 mit
1163 2146 1232 2206 die¬

360 2175 415 2235 sem
458 2178 583 2238 Kreise
611 2183 643 2243 in
691 2182 812 2242 seiner
840 2187 951 2247 Satire
1003 2189 1087 2249 „Die
1115 2191 1231 2251 demo¬

362 2220 462 2280 lierte
491 2225 692 2285 Literatur“
722 2227 798 2287 früh
833 2231 1034 2291 überwarf.
1068 2234 1134 2294 Die
1164 2237 1220 2297 von

366 2264 420 2324 der
474 2267 577 2327 eifrig
637 2271 927 2331 debattierenden
967 2279 1084 2339 Runde
1139 2281 1236 2341 emp¬

355 2312 531 2372 fangenen
566 2317 807 2377 Anregungen
837 2326 964 2386 fanden
994 2329 1022 2389 in
1057 2329 1116 2389 der
1146 2329 1228 2389 Per-

362 2360 571 2420 sönlichkeit
604 2363 734 2423 Arthur
768 2369 986 2429 Schnitzlers
1015 2373 1131 2433 reiche
1164 2375 1229 2435 Er¬

355 2403 517 2463 füllung.
557 2405 605 2465 Er
640 2407 758 2467 wurde
798 2410 876 2470 eine
906 2417 1127 2477 Hauptfigur
1167 2419 1221 2479 des

359 2447 598 2507 literarischen
627 2451 944 2511 Vorkriegswien.
978 2460 1021 2520 Er
1040 2461 1131 2521 hatte
1151 2463 1217 2523 sich

360 2493 383 2553 in
417 2493 474 2553 der
499 2495 733 2555 Szenenreihe
767 2502 958 2562 „Anatole“
987 2506 1048 2566 auf
1073 2506 1130 2566 den
1159 2505 1221 2565 Be-

355 2534 411 2594 ruf
444 2537 505 2597 des
542 2541 790 2601 Dramatikers
833 2545 1053 2605 vorbereitet
1086 2551 1152 2611 und
1190 2551 1217 2611 in

353 2579 412 2639 den
447 2584 598 2644 Figuren
633 2587 686 2647 des
716 2590 961 2650 jugendlichen
996 2596 1216 2656 Bonvivants

360 2627 503 2687 Anatole
542 2630 603 2690 und
642 2630 699 2690 des
738 2632 790 2692 ihn
829 2636 1072 2696 begleitenden
1116 2641 1221 2701 Räso¬

353 2670 432 2730 näs
464 2673 580 2733 Typen
624 2675 681 2735 der
719 2677 862 2737 Wiener
894 2681 1031 2741 Jugend
1069 2686 1132 2746 auf
1159 2688 1212 2748 die

353 2715 473 2775 Bühne
504 2721 690 2781 gebracht,
711 2721 761 2781 die
792 2722 863 2782 sich
898 2726 958 2786 von
990 2731 1211 2791 Konvention

352 2760 414 2820 und
448 2766 799 2826 gesellschaftlicher
833 2770 996 2830 Bindung
1030 2774 1059 2834 in
1093 2776 1203 2836 freiem

351 2805 506 2865 Umgang
537 2807 602 2867 mit
623 2809 683 2869 der
714 2814 971 2874 Weiblichkeit
992 2818 1122 2878 ablöst.
1153 2821 1218 2881 Er¬

345 2849 584 2909 finderischer
618 2852 724 2912 Geist
767 2859 829 2919 und
868 2861 1089 2921 sprühender
1128 2865 1213 2925 Witz

347 2891 455 2951 gahin
501 2897 619 2957 diesem
678 2903 887 2963 neuartigem
943 2907 1101 2967 Schaffen
1152 2910 1215 2970 das

350 2936 479 2996 Relief.
537 2945 609 3005 Das
667 2945 695 3005 in
753 2947 873 3007 dieser
931 2954 1208 3014 lebenslustigen

347 2984 477 3044 Sphäre
529 2989 729 3049 wurzelnde
776 2993 907 3053 tiefere
945 2996 1094 3056 Problem
1155 3002 1215 3062 hat

346 3029 540 3089 Schnitzler
563 3032 590 3092 in
622 3036 740 3096 seinem
776 3037 880 3097 durch
912 3044 1202 3104 volkstümlichen

346 3071 410 3131 Ton
453 3076 685 3136 erfreuenden
728 3081 863 3141 Drama
905 3085 1105 3145 „Liebelei“
1143 3089 1217 3149 tra¬

345 3115 436 3175 gisch
475 3117 750 3177 ausgeseöpft.
798 3127 870 3187 Der
904 3130 1096 3190 Hauptreiz
1155 3133 1212 3193 des

347 3157 491 3217 Werkes
522 3160 667 3220 bestelt
724 3171 754 3231 in
817 3174 940 3234 seiner
998 3177 1203 3237 einheitlich

341 3205 594 3265 empfundenen
634 3216 912 3276 Grundmelodie
982 3220 1046 3280 vom
1098 3223 1201 3283 süßen

347 3247 482 3307 Wiener
510 3253 697 3313 Mädeben,
721 3260 781 3320 das
810 3261 847 3321 an
880 3263 996 3323 seinem
1039 3267 1211 3327 Gefühls¬

337 3291 533 3351 überschuß
597 3300 783 3360 zugrunde
842 3307 942 3367 geht.
995 3309 1062 3369 Das
1101 3309 1201 3369 Werk

341 3336 470 3396 machte
509 3339 625 3399 seinen
665 3348 815 3408 Dichter
854 3353 1109 3413 weltberühmt
1144 3357 1203 3417 und

343 3384 553 3444 ermunterte
602 3387 655 3447 ihn
712 3391 748 3451 zu
806 3395 903 3455 einem
964 3401 1203 3461 produktiven

337 3432 501 3492 Schaffen
540 3437 596 3497 für
624 3437 685 3497 das
714 3441 888 3501 lcater.

394 3476 454 3536 Die
487 3482 852 3542 Bühnenproduktion
891 3490 1022 3550 Arthur
1050 3493 1209 3553 Schnitz¬

336 3519 408 3579 lers
426 3521 473 3581 ist
490 3524 670 3584 überreich
705 3528 743 3588 an
769 3531 940 3591 Motiven,
949 3535 987 3595 an
1009 3537 1197 3597 seelischen

336 3570 564 3630 Problemen,
593 3575 635 3635 an
678 3578 911 3638 Konflikten,
940 3583 991 3643 die
1029 3585 1099 3645 sich
1142 3588 1202 3648 aus

335 3612 393 3672 den
452 3617 702 3677 Beziehungen
766 3624 939 3684 zwischen
976 3628 1071 3688 Mann
1135 3632 1198 3692 und

339 3659 449 3719 Frau,
474 3662 539 3722 aus
571 3663 630 3723 den
671 3664 857 3724 Begriffen
898 3669 958 3729 von
1005 3675 1094 3735 Ehre
1135 3676 1195 3736 und

342 3700 450 3760 Treue
480 3706 543 3766 aus
573 3712 970 3772 Standesvorurteilen,
995 3718 1059 3778 aus
1089 3722 1206 3782 Fana¬

332 3751 455 3811 tismus
528 3757 594 3817 und
636 3763 966 3823 Empfindsamkeit
1029 3766 1204 3826 ergeben.

331 3799 526 3859 Schuitzler
567 3801 637 3861 war
708 3805 763 3865 ein
805 3808 1041 3868 espritvoller
1082 3814 1197 3874 Artist

331 3841 387 3901 des
424 3847 594 3907 Dialoges
630 3849 692 3909 und
734 3854 961 3914 beherrschte
998 3857 1049 3917 die
1086 3861 1194 3921 Skala

330 3888 500 3948 zwischen
557 3892 779 3952 Lebenslust
831 3899 893 3959 und
950 3904 1203 3964 Melancholie,

327 3933 502 3993 zwischen
538 3939 729 3999 Zynismus
786 3942 848 4002 und
890 3947 1065 4007 Wehmut,
1112 3951 1199 4011 zwi-

332 3976 424 4036 schen
461 3980 548 4040 Witz
574 3983 635 4043 und
667 3987 858 4047 Grübelei.
894 3993 997 4053 Seine
1023 3995 1193 4055 Theater¬

326 4023 443 4083 stücke
518 4027 635 4087 waren
714 4036 998 4096 willkommenes
1048 4041 1194 4101 Rollen¬

1299 786 1466 846 material
1496 792 1554 852 für
1589 791 1643 851 die
1673 797 1948 857 Schauspieler,
1973 804 2037 864 und
2072 807 2170 867 nam¬

1300 831 1393 891 hafte
1428 832 1746 892 Bühnenkünstler
1781 841 1839 901 wie
1874 846 2001 906 Joseph
2041 852 2168 912 Kainz,

1299 879 1410 939 Oskar
1448 881 1578 941 Sauer,
1612 883 1742 943 Albert
1775 888 2009 948 Bassermann
2051 897 2158 957 haben

1299 920 1353 980 dem
1402 924 1549 984 Dichter
1609 927 1638 987 in
1697 932 1888 992 freudiger
1923 939 2163 999 Bereitschaft

1302 969 1354 1029 für
1383 971 1478 1031 seine
1532 972 1713 1032 Gestalten
1771 977 1881 1037 große
1915 981 2058 1041 Erfolge
2111 984 2163 1044 er¬

1297 1013 1451 1073 stritten.
1508 1016 1582 1076 Aus
1621 1020 1841 1080 Schnitzlers
1903 1026 2043 1086 reicher
2081 1029 2165 1089 Pro¬

1294 1059 1438 1119 duktion
1475 1059 1577 1119 heben
1615 1063 1684 1123 sich
1717 1065 1791 1125 eine
1829 1069 1936 1129 Reihe
1969 1071 2029 1131 von
2066 1073 2164 1133 Wer¬

1294 1103 1356 1163 ken
1395 1106 1543 1166 heraus,
1568 1109 1615 1169 die
1649 1109 1707 1169 den
1745 1112 1903 1172 Vollreiz
1938 1113 1995 1173 der
2024 1119 2168 1179 Gestal-

1294 1147 1372 1207 tung
1415 1151 1480 1211 und
1546 1153 1625 1213 eine
1691 1156 1882 1216 gesättigte
1925 1163 2158 1223 Atmosphäre

1291 1193 1420 1253 haben.
1473 1197 1544 1257 Wir
1573 1199 1707 1259 denken
1741 1200 1779 1260 an
1813 1204 1942 1264 famose
1976 1208 2162 1268 Einakter,

1295 1235 1359 1295 wie
1395 1239 1455 1299 der
1491 1243 1636 1303 „Grüne
1672 1245 1842 1305 Kakadu“
1883 1250 1963 1310 oder
2004 1255 2159 1315 „Litera-

1299 1282 1389 1342 tur“,
1409 1284 1447 1344 an
1476 1285 1533 1345 das
1563 1287 1624 1347 mit
1649 1289 1706 1349 der
1725 1293 2031 1353 Eheproblematik
2066 1300 2161 1360 sinn¬

1300 1328 1369 1388 voll
1402 1336 1776 1396 experimentierende
1818 1345 2163 1405 „Zwischenspiel“.

1355 1380 1557 1440 Schnitzler
1582 1382 1640 1442 hat
1666 1384 1694 1444 in
1729 1387 1897 1447 jüngeren
1936 1391 1995 1451 und
2026 1394 2158 1454 älteren

1290 1420 1419 1480 Jahren
1457 1422 1510 1482 die
1540 1425 1697 1485 Grenzen
1736 1430 1851 1490 seiner
1885 1435 2072 1495 Begabung
2120 1438 2153 1498 zu

1290 1467 1503 1527 erweitern,
1531 1470 1627 1530 seine
1668 1475 1796 1535 Kräfte
1832 1476 1868 1536 zu
1910 1481 2155 1541 übersteigern

1297 1512 1455 1572 gesucht.
1512 1515 1586 1575 Für
1614 1515 1707 1575 diese
1741 1523 1940 1583 Expansion
1984 1525 2016 1585 in
2058 1527 2165 1587 uner¬

1290 1557 1476 1617 reichbare
1527 1562 1672 1622 Gebiete
1746 1567 1862 1627 waren
1919 1570 2044 1630 Werke
2096 1572 2155 1632 wie

1297 1605 1473 1665 „Schleier
1498 1605 1558 1665 der
1590 1607 1791 1667 Beatrice“,
1812 1613 2023 1673 „Einsamer
2054 1616 2129 1676 Weg

1291 1646 1372 1706 oder
1395 1646 1467 1706 sein
1499 1653 1730 1713 historische:
1758 1658 1979 1718 Großdrama
2012 1662 2070 1722 aus
2098 1662 2156 1722 der

1287 1694 1571 1754 Napoleonszeit
1631 1700 1704 1760 „De
1789 1705 1901 1765 junge
1946 1707 2132 1767 Medardus

1292 1742 1598 1802 kennzeichnend.
1647 1743 1704 1803 Wo
1738 1745 1799 1805 sich
1833 1750 1891 1810 der
1925 1752 2068 1812 Dichter
2097 1754 2159 1814 auf

1294 1784 1479 1844 ureigenem
1525 1788 1670 1848 Gebiete
1707 1792 1888 1852 beschied,
1916 1794 1988 1854 war
2020 1794 2056 1854 er
2097 1797 2147 1857 ein

1287 1828 1445 1888 Meister,
1478 1831 1594 1891 dessen
1642 1835 1786 1895 Erfolge
1819 1838 1889 1898 sich
1931 1841 2159 1901 erneuerten.

1286 1874 1335 1934 Er
1384 1878 1448 1938 hat
1492 1877 1571 1937 eine
1621 1877 1734 1937 große
1783 1885 1925 1945 Anzahl
1975 1884 2034 1944 von
2088 1887 2156 1947 Mo¬

1286 1918 1378 1978 tiven
1441 1923 1476 1983 in
1538 1924 1746 1984 szenischer
1804 1928 1896 1988 Form
1968 1931 2157 1991 abgewan¬

1290 1963 1376 2023 delt.
1419 1966 1457 2026 In
1496 1969 1616 2029 seinem
1669 1971 1884 2031 Schauspiel
1918 1977 2014 2037 „Das
2052 1977 2152 2037 weite

1283 2011 1398 2071 Land“
1433 2011 1529 2071 hatte
1565 2012 1600 2072 er
1635 2015 1710 2075 eine
1747 2016 1852 2076 Reihe
1888 2018 1953 2078 von
1989 2020 2154 2080 Erschei¬

1287 2055 1420 2115 nungen
1478 2057 1541 2117 der
1594 2059 1737 2119 Wiener
1795 2066 2145 2126 gesellschaftlichen

1295 2103 1523 2163 Oberschicht
1546 2105 1604 2165 mit
1627 2109 1745 2169 Laune
1775 2109 1840 2169 und
1863 2110 1944 2170 sehr
1975 2112 2040 2172 viel
2063 2112 2150 2172 Ver¬

2221 812 2375 872 ständnis
2432 814 2492 874 für
2548 819 2875 879 sentimentalische
2932 825 3075 885 Hinter¬

2224 858 2348 918 gründe
2385 859 2641 919 eingefangen.
2692 864 2772 924 Sein
2808 870 2933 930 Drama
2969 870 3074 930 “Pro¬

2218 903 2326 963 fessor
2381 905 2624 965 Bernhardi“,
2664 909 2718 969 oft
2768 912 2936 972 gespielt,
2981 917 3079 977 trägt

2223 945 2313 1005 einen
2350 948 2499 1008 sozialen
2536 954 2703 1014 Konflikt
2745 959 3076 1019 temperamentvoll

2214 988 2295 1048 aus.
2310 993 2526 1053 Schnitzlers
2545 997 2742 1057 erotischer
2762 999 2886 1059 Zirkel
2901 1004 3050 1064 „Reigen

2214 1035 2282 1095 war
2310 1038 2538 1098 Gegenstand
2570 1043 2670 1103 eines
2703 1046 2830 1106 großen
2872 1049 3077 1109 Prozesses,

2218 1082 2241 1142 in
2279 1081 2428 1141 welchem
2470 1085 2540 1145 sich
2578 1088 2783 1148 kuragierte
2816 1091 2933 1151 Kunst
2961 1092 3063 1152 gegen

2218 1127 2440 1187 reaktionäre
2468 1132 2749 1192 Anschauungen
2781 1134 2817 1194 zu
2850 1139 3063 1199 verteidigen

2213 1169 2321 1229 hatte.
2366 1173 2415 1233 Es
2455 1176 2583 1236 gelang
2633 1179 2785 1239 damals,
2811 1179 2859 1239 die
2894 1184 3067 1244 Vorstöße

2213 1213 2316 1273 gegen
2346 1219 2498 1279 geistige
2528 1223 2906 1283 Bewegungsfreiheit
2927 1228 2985 1288 mit
3010 1231 3069 1291 Er¬

2214 1261 2279 1321 folg
2313 1264 2690 1324 zurückzuschlagen.

2270 1305 2470 1365 Schnitzler
2508 1310 2576 1370 war
2609 1312 2695 1372 auch
2732 1314 2786 1374 ein
2824 1315 2892 1375 fein
2929 1318 3074 1378 organi¬

2211 1348 2334 1408 sierter
2366 1352 2521 1412 Epiker.
2558 1355 2604 1415 Zu
2641 1357 2775 1417 Beginn
2807 1360 2925 1420 seines
2952 1363 3075 1423 Schaf-

2217 1391 2285 1451 fens
2320 1396 2413 1456 steht
2443 1397 2501 1457 der
2536 1399 2658 1459 Roman
2698 1401 2806 1461 „Frau
2845 1406 2948 1466 Berta
2978 1409 3070 1469 Gar-

2211 1437 2260 1497 lan
2291 1441 2306 1501 .
2357 1440 2432 1500 Der
2468 1443 2619 1503 Dichter
2661 1447 2933 1507 durchleuchtet
2969 1454 3064 1514 darin

2212 1479 2261 1539 die
2286 1485 2582 1545 Seelenzustände
2612 1490 2710 1550 einer
2740 1491 2793 1551 von
2829 1497 3069 1557 gesellschaft¬

2210 1527 2315 1587 lichen
2349 1532 2549 1592 Schranken
2583 1536 2817 1596 gefesselten,
2841 1539 2908 1599 sich
2951 1542 3070 1602 inner¬

2208 1570 2272 1630 lich
2311 1576 2532 1636 befreienden
2572 1580 2684 1640 Frau.
2733 1583 2797 1643 Die
2832 1584 3062 1644 interessante

2217 1617 2349 1677 Novelle
2387 1619 2497 1679 „Frau
2540 1624 2646 1684 Beate
2689 1625 2752 1685 und
2790 1627 2842 1687 ihr
2874 1631 2985 1691 Sohn“
3028 1631 3070 1691 ist

2209 1662 2268 1722 dem
2325 1667 2521 1727 Martyrium
2583 1669 2648 1729 der
2695 1674 2972 1734 Witwenschaft

2208 1713 2361 1773 widmet.
2425 1716 2457 1776 In
2511 1717 2568 1777 den
2628 1721 2754 1781 letzten
2808 1724 2935 1784 Jahren
2989 1727 3073 1787 mel¬

2209 1756 2278 1816 dete
2329 1760 2400 1820 sich
2456 1763 2516 1823 der
2567 1766 2718 1826 Dichter
2775 1771 2971 1831 spärlicher

2213 1802 2345 1862 Worte.
2420 1807 2653 1867 Persönliche
2723 1813 2945 1873 Erlebnisse,
3004 1815 3067 1875 wie

2207 1844 2259 1904 der
2292 1846 2471 1906 tragische
2509 1851 2572 1911 Tod
2610 1854 2726 1914 seiner
2764 1859 2927 1919 Tochter,
2949 1862 3054 1922 haben

2205 1886 2254 1946 die
2285 1895 2543 1955 Lebenskräfte
2574 1899 2629 1959 des
2660 1902 2827 1962 Dichters
2853 1903 2989 1963 schwer
3014 1904 3069 1964 er¬

2209 1936 2394 1996 schüttert.
2436 1940 2477 2000 Er
2503 1942 2564 2002 hat
2591 1944 2679 2004 allen
2710 1948 2890 2008 Anspruch
2922 1954 3066 2014 darauf,

2208 1981 2287 2041 nach
2313 1984 2368 2044 den
2399 1987 2645 2047 Schöpfungen
2675 1993 2790 2053 seiner
2811 1994 2987 2054 Blütezeit
3007 1996 3062 2056 be¬

2204 2025 2344 2085 urteilt,
2370 2028 2430 2088 und
2466 2031 2491 2091 in
2527 2034 2728 2094 dankbarer
2764 2040 2986 2100 Erinnerung
3022 2041 3056 2101 an

2204 2070 2273 2130 sein
2324 2075 2596 2135 befruchtendes
2643 2082 2808 2142 Schaffen
2859 2086 3065 2146 gewürdigt

2183 2118 2241 2178 zu
2274 2118 2433 2178 werden.

2779 2130 2860 2190 Nunl
2877 2132 2984 2192 Paor
