3392 4320
162 355 228 415 12

1440 339 1571 399 box
1650 339 1890 399 43/25

347 354 935 414 Schuitzler's
1004 348 1230 408 Deatl

727 787 1014 847 RVER

294 795 642 855 DOBSE

382 855 408 915 I.
421 852 542 912 österr.
555 849 702 909 behördl.
716 844 1009 904 konzessioriertes

332 894 578 954 Unternehmen
605 888 654 948 für
682 885 1067 945 Zeitungs-Ausschnitte

390 949 544 1009 WIEN,
572 951 618 1011 I.,
646 948 929 1008 WOLLZEILE
976 944 1016 1004 11

478 1001 703 1061 TELEPHON
741 996 919 1056 R-23-0-43

287 1148 516 1208 Ausschnitt
545 1142 634 1202 aus:

353 1248 545 1308 Wiener
582 1237 1067 1297 Mittagszeitung,

299 1372 404 1432 vom:
523 1356 884 1416 23.10.1931.

263 1480 315 1540 5.
330 1477 413 1537 Eine
444 1476 495 1536 der
519 1473 616 1533 letzten
655 1476 851 1536 Aufnahmen
889 1477 1009 1537 Arthur
1040 1476 1235 1536 Schnitzlers.

2868 2312 3057 2372 Ton¬

1085 2391 2324 2451 Harekstonensenteder
2422 2387 2600 2447 heute
2643 2387 2696 2447 in
2739 2383 2806 2443 E
2890 2384 3068 2444 Kinos

480 2614 663 2674 An
783 2615 978 2675 der
1099 2611 1520 2671 Sahlt
1640 2602 2112 2662 Athar
2206 2598 2388 2658 Sa

1066 2727 1148 2787 Die
1192 2727 1358 2787 Leiche
1402 2725 1485 2785 des
1528 2723 1759 2783 Dichters
1802 2720 1843 2780 im
1917 2721 2169 2781 einfachen
2222 2719 2451 2779 Holzsarg

2279 2792 2479 2852 Aufführung
2534 2788 2572 2848 am
2638 2787 2800 2847 Deutschen
2845 2784 3067 2844 Volkstheater

1332 2803 1447 2863 betont
1470 2803 1591 2863 immer
1619 2801 1741 2861 wieder
1769 2801 1863 2861 unter
1891 2799 2106 2859 Schluchzen,
2129 2799 2183 2859 daß

493 2812 631 2872 Arthur
659 2811 859 2871 Schnitzlers
893 2808 1065 2868 sterbliche
1093 2804 1281 2864 Ueberreste

2566 2832 2780 2892 freigegeben.

1334 2854 1369 2914 sie
1396 2852 1452 2912 wie
1478 2852 1534 2912 das
1566 2849 1647 2909 Kind
1679 2849 1704 2909 im
1746 2849 1848 2909 Hause
1875 2849 2018 2909 gehalten
2050 2846 2183 2906 worden

413 2861 549 2921 wurden
587 2861 708 2921 bereits
735 2858 856 2918 gestern
888 2858 1184 2918 eingesargt
1237 2852 1273 2912 in

2310 2888 2388 2948 Noch
2423 2887 2467 2947 ein
2503 2888 2685 2948 zweitos
2720 2885 2843 2945 Stück
2873 2882 2957 2942 hatte
2987 2880 3016 2940 in
3051 2877 3104 2937 be¬

1334 2902 1421 2962 war,
1442 2900 1509 2960 und
1541 2900 1613 2960 noch
1650 2899 1706 2959 gar
1738 2900 1825 2960 nicht
1847 2898 1949 2958 fassen
1981 2897 2085 2957 kann,
2126 2897 2188 2957 das

410 2910 518 2970 eine
568 2910 779 2970 einfache
829 2907 1079 2967 Holzkiste,
1117 2903 1172 2963 die
1221 2900 1280 2960 den

2238 2936 2382 2996 sonderem
2429 2934 2523 2994 Maße
2551 2933 2620 2993 den
2654 2930 2817 2990 Unmut
2845 2930 2915 2990 der
2944 2927 3106 2987 Behör¬

1331 2951 1400 3011 dies
1433 2949 1496 3009 nun
1534 2948 1608 3008 alles
1646 2945 1678 3005 zu
1710 2947 1806 3007 Ende
1833 2947 1892 3007 sein
1924 2945 1998 3005 soll.

413 2959 636 3019 Vorschriften
674 2957 728 3017 der
778 2957 940 3017 jüdischen
995 2954 1158 3014 Religion
1213 2951 1288 3011 ent¬

2237 2984 2308 3044 den
2342 2982 2456 3042 erregt.
2481 2978 2523 3038 Es
2553 2977 2619 3037 war
2644 2976 2705 3036 dies
2734 2975 2791 3035 das
2821 2975 2935 3035 Drama
2969 2972 3107 3032 „Frei¬

1412 2997 1541 3057 Arthur
1578 2994 1759 3054 Schnitzler
1812 2993 1889 3053 war
1921 2993 1988 3053 mir
2019 2993 2086 3053 wie
2139 2993 2185 3053 ein

418 3009 607 3069 sprechend,
629 3008 687 3068 aus
719 3007 793 3067 drei
820 3005 1062 3065 ungehobelten
1121 3002 1273 3062 Brettern

2239 3026 2378 3086 wild“.
2407 3025 2450 3085 In
2484 3023 2575 3083 diesem
2619 3022 2735 3082 Drama
2769 3020 2884 3080 kommt
2908 3020 2975 3080 eine
3000 3018 3105 3078 Szene

1336 3046 1454 3106 Vater.
1480 3042 1526 3102 Es
1563 3044 1686 3104 kommt
1713 3041 1780 3101 mir
1811 3041 1878 3101 noch
1914 3041 1976 3101 gar
2008 3043 2090 3103 nicht
2121 3041 2177 3101 zum

416 3058 622 3118 gezimmert
644 3055 698 3115 ist.

2242 3071 2313 3131 vor,
2333 3072 2362 3132 in
2396 3069 2449 3129 der
2478 3067 2521 3127 ein
2556 3067 2690 3127 Offizier
2715 3064 2893 3124 geohrseigt
2922 3064 3019 3124 wird,
3043 3060 3110 3120 eine

1332 3094 1570 3154 Bewußtsein,
1592 3092 1651 3152 daß
1684 3091 1744 3151 der
1771 3091 1836 3151 Tod
1869 3089 1939 3149 hier
1967 3091 2189 3151 eingegriffen

2243 3118 2469 3178 Ehrenaffäre,
2485 3114 2529 3174 die
2555 3112 2605 3172 zum
2646 3110 2741 3170 Duell
2762 3109 2867 3169 führt.
2893 3110 2953 3170 Die
2979 3108 3104 3168 Polizei

463 3115 506 3175 Am
551 3115 639 3175 Fuße
667 3115 766 3175 seines
800 3115 926 3175 Sarges
955 3112 1042 3172 liegt
1065 3112 1114 3172 der
1137 3109 1236 3169 große

1330 3144 1405 3204 hat.
1427 3142 1595 3202 Mittwoch
1629 3140 1682 3200 kam
1726 3141 1763 3201 ich
1797 3140 1877 3200 ganz
1905 3139 1970 3199 wie
1998 3140 2084 3200 jeden
2112 3141 2198 3201 Tag,

2237 3162 2296 3222 gab
2331 3162 2399 3222 ihre
2434 3157 2665 3217 Einwilligung
2705 3154 2758 3214 zur
2798 3157 3004 3217 Aufführung
3039 3154 3107 3214 nur

458 3166 586 3226 Kranz,
629 3163 687 3223 den
735 3163 868 3223 Hofrat
932 3162 1049 3222 Anton
1097 3157 1246 3217 Wild¬

1331 3192 1371 3252 um
1424 3191 1480 3251 das
1517 3190 1636 3250 Diktat
1662 3190 2029 3250 entgegenzunehmen.
2056 3187 2118 3247 Als
2154 3185 2195 3245 ich

2234 3208 2325 3268 unter
2350 3206 2403 3266 der
2428 3205 2636 3265 Bedingung,
2651 3201 2724 3261 daß
2753 3199 2835 3259 auf
2855 3201 2927 3261 der
2952 3198 3107 3258 Bohne

456 3217 539 3277 gan
570 3214 606 3274 s,
627 3212 679 3272 der
711 3213 861 3273 Direktor
888 3212 944 3272 des
976 3208 1251 3268 Burgtheaters,

1331 3240 1363 3300 in
1396 3240 1455 3300 das
1488 3238 1645 3298 Zimmer
1673 3240 1759 3300 trat,
1797 3237 1905 3297 fand
1949 3237 1997 3297 ich
2063 3237 2192 3297 seine

2229 3252 2352 3312 keine
2402 3248 2766 3308 österreichischen
2831 3244 2964 3304 Unis=
3004 3244 3097 3304 men

525 3264 650 3324 gestern
677 3261 856 3321 persönlich
890 3258 1091 3318 überbracht
1114 3255 1189 3315 hat.

1332 3289 1519 3349 Gestalt
1569 3284 1735 3344 leblos
1796 3285 1912 3345 beim
1985 3285 2200 3345 Schreib¬

2242 3297 2447 3357 getragen
2481 3291 2672 3351 werden.
2720 3289 2787 3349 Der
2816 3288 3012 3348 Stattler
3060 3284 3107 3344 er¬

499 3320 553 3380 Im
635 3318 802 3378 Vorhaus
852 3318 938 3378 steht
982 3316 1030 3376 ein
1080 3314 1285 3374 zweiter

1330 3339 1435 3399 tisch
1502 3336 2053 3396 zusammengesunken.
2121 3333 2182 3393 Ich

2242 3341 2351 3401 gänzte
2376 3339 2453 3399 diese
2482 3336 2664 3396 Verfügung
2693 3335 2759 3395 noch
2794 3336 2880 3396 durch
2909 3336 2957 3396 ven
2996 3336 3115 3396 Zusatz,

419 3370 594 3430 Kranz,
620 3369 648 3429 er
678 3369 717 3429 ist
742 3369 932 3429 anonym
977 3366 1162 3426 abgegeben
1202 3362 1289 3422 wor¬

2242 3385 2297 3445 daß
2326 3384 2391 3444 auch
2424 3383 2475 3443 alle
2503 3381 2686 3441 Uniformen
2715 3379 2770 3439 von
2803 3381 2957 3441 Staaten,
2982 3379 3028 3439 die
3052 3377 3112 3437 mit

1337 3389 1472 3449 glaubte
1505 3386 1537 3446 an
1576 3384 1624 3444 ein
1657 3385 1836 3445 plötzliches
1874 3381 2113 3441 Unwohlsein,
2135 3381 2199 3441 rief

420 3418 502 3478 den.
528 3419 693 3479 Niemand
729 3418 832 3478 weiß,
854 3416 972 3476 woher
1003 3414 1064 3474 das
1117 3411 1286 3471 Gewinde

2239 3431 2291 3491 der
2340 3426 2766 3486 österreichisch=ungarischen
2824 3425 3006 3485 Monarchie
3060 3420 3112 3480 be¬

1334 3437 1371 3497 um
1424 3435 1535 3495 Hilfe,
1568 3433 1646 3493 aber
1679 3432 1737 3492 als
1795 3433 1859 3493 wir
1918 3429 2001 3489 dann
2066 3429 2198 3489 Arthur

420 3465 487 3525 aus
519 3467 602 3527 roten
639 3464 742 3524 Rosen
774 3464 924 3524 stammt.

2244 3473 2384 3533 freundet
2430 3473 2557 3533 waren,
2594 3470 2739 3530 verboten
2776 3469 2872 3529 seien.
2913 3468 2958 3528 In
2995 3467 3090 3527 diesem

1334 3485 1514 3545 Schnitzler
1547 3482 1738 3542 aufhoben,
1765 3480 1855 3540 sahen
1892 3477 1977 3537 wir,
1998 3476 2062 3536 daß
2094 3476 2131 3536 er
2163 3476 2189 3536 in

499 3514 570 3574 Der
592 3514 724 3574 Sohn
758 3514 944 3574 Arthur
989 3511 1296 3571 Schnitzlers,

2244 3518 2515 3578 Zusammenhang
2548 3515 2580 3575 ist
2605 3515 2637 3575 es
2666 3515 2867 3575 interessant,
2891 3514 2918 3574 zu
2952 3515 3115 3575 erfahren,

1330 3534 1454 3594 tiefe
1511 3532 1970 3592 Bewußtlosigkeit
2044 3524 2185 3584 gefallen

2240 3563 2312 3623 daß
2344 3562 2374 3622 in
2411 3560 2561 3620 Berlin
2593 3559 2660 3619 die
2681 3560 2961 3620 preußischen
2992 3558 3111 3618 Offi¬

423 3563 657 3623 Heinrich,
679 3562 737 3622 und
770 3562 875 3622 dessen
913 3560 1046 3620 Mutter
1073 3560 1136 3620 sind
1164 3559 1285 3619 gestern

1334 3584 1424 3644 war.
1446 3581 1530 3641 Auch
1563 3580 1620 3640 der
1648 3578 1748 3638 Arzt,
1770 3577 1823 3637 den
1861 3575 1924 3635 wir
1956 3573 2062 3633 sofort
2089 3572 2189 3632 riefen

2237 3608 2355 3668 ziere
2400 3607 2503 3667 laut
2543 3605 2937 3665 demonstrierten,
3002 3600 3110 3660 weil

425 3609 486 3669 aus
518 3611 632 3671 Berlin
668 3611 694 3671 in
725 3611 812 3671 Wien
849 3610 1071 3670 eingetroffen
1109 3608 1170 3668 und
1202 3605 1294 3665 woh¬

1340 3632 1398 3692 und
1437 3631 1636 3691 Schnitzlers
1675 3628 1809 3688 Bruder
1837 3625 1971 3685 konnten
2010 3622 2074 3682 uns
2107 3620 2193 3680 keine

2243 3653 2330 3713 man
2367 3651 2443 3711 auf
2470 3650 2536 3710 der
2568 3649 2722 3709 Bühne
2764 3647 3103 3707 österreichische

430 3660 486 3720 nen
521 3659 543 3719 in
577 3659 628 3719 der
657 3656 741 3716 Villa
771 3658 798 3718 im
839 3659 1002 3719 Cottage.

1337 3679 1510 3739 Hoffnung
1547 3677 1673 3737 geben,
1698 3675 1751 3735 das
1782 3671 1872 3731 teure
1903 3670 1998 3730 Leben
2059 3667 2089 3727 zu
2143 3666 2197 3726 er¬

2245 3697 2506 3757 Uniformen
2541 3693 2656 3753 trug.
2692 3691 2878 3751 Umgekehri
2904 3691 2953 3751 kam
2999 3688 3029 3748 es
3065 3685 3089 3745 im

1339 3730 1466 3790 halten.
1514 3726 1646 3786 Arthur
1679 3720 1853 3780 Schnitzler
1886 3718 1943 3778 hat
1976 3718 2039 3778 mir
2066 3717 2097 3777 so
2135 3715 2203 3775 viel

2247 3742 2525 3802 Nationaltheater
2549 3736 2577 3796 in
2606 3738 2750 3798 Lemberg
2784 3737 2813 3797 zu
2847 3736 3115 3796 Skandalfzenen,

436 3747 506 3807 Die
542 3745 782 3805 Gekretärin
827 3747 987 3807 Arthur
1023 3748 1289 3808 Schnitz.ers,

1339 3778 1503 3838 gegeben,
1545 3775 1606 3835 daß
1648 3773 1730 3833 mein
1766 3769 1858 3829 Leben
1900 3766 1992 3826 durch
2024 3763 2075 3823 ihn
2116 3763 2178 3823 reic

2242 3784 2294 3844 die
2338 3784 2395 3844 von
2453 3782 2697 3842 österreichischen
2731 3782 2904 3842 Offizieren
2943 3778 3115 3838 inszeniert

652 3813 857 3873 Fräukein
903 3817 1089 3877 Pollak,

1339 3826 1514 3886 geworden
1560 3824 1610 3884 ist.
1661 3820 1772 3880 Ueber
1823 3815 1943 3875 unsere
1994 3814 2205 3874 gemein¬

2247 3829 2365 3889 worden
2405 3829 2527 3889 waren,
2568 3827 2646 3887 weil
2671 3825 2720 3885 der
2750 3826 2942 3886 geohrfeigte
2972 3822 3110 3882 Ossizier

1342 3876 1462 3936 same
1493 3870 1668 3930 Arbeit
1719 3869 1749 3929 zu
1786 3864 1926 3924 sprechen
1962 3862 2097 3922 vermag
2153 3859 2193 3919 ich

2247 3876 2271 3936 in
2305 3875 2499 3935 preußischer
2523 3872 2654 3932 Uniform
2699 3870 2838 3930 auftrat.

426 3879 473 3939 die
506 3879 564 3939 den
602 3878 730 3938 Dichter
763 3876 799 3936 an
837 3879 938 3939 seinem
992 3881 1206 3941 Schreibtisch
1244 3880 1296 3940 zu¬

1341 3926 1441 3986 nicht.
1458 3923 1505 3983 Er
1532 3920 1626 3980 selbst
1653 3918 1722 3978 war
1749 3912 1859 3972 immer
1886 3909 1917 3969 so
1944 3909 2145 3969 bescheiden,
2167 3907 2192 3967 so

435 3930 746 3990 sammengesunken
807 3928 967 3988 auffand,
1018 3930 1113 3990 weilt
1144 3930 1204 3990 fast
1234 3929 1289 3989 den

2241 3946 2324 4006 Die
2367 3942 2779 4002 Demonsteationen
2842 3939 2974 3999 gagon
3024 3934 3093 3994 den

1343 3975 1419 4035 still,
1442 3975 1469 4035 so
1498 3969 1774 4029 zurückgezogen,
1796 3963 1846 4023 daß
1879 3960 1912 4020 es
1940 3959 2028 4019 sicher
2057 3957 2139 4017 nicht
2167 3957 2189 4017 in

433 3980 556 4040 ganzen
598 3978 669 4038 Tag
706 3974 736 4034 an
778 3975 866 4035 ihrer
898 3978 1103 4038 ehemaligen
1140 3978 1279 4038 Arbeits

2548 3996 2782 4056 „Reigen“

1343 4023 1446 4083 seinem
1499 4021 1614 4081 Sinne
1644 4017 1759 4077 wäre,
1777 4011 1851 4071 jetzt
1898 4008 1996 4068 solche
2049 4005 2199 4065 Erinne¬

436 4029 546 4089 stätte.
568 4027 629 4087 Sie
657 4023 689 4083 ist
712 4023 778 4083 viel
806 4026 833 4086 zu
867 4026 1071 4086 erschüttert,
1089 4026 1138 4086 als
1172 4027 1226 4087 daß
1260 4028 1298 4088 sie

2276 4056 2321 4116 In
2357 4053 2561 4113 allgemeiner
2587 4050 2795 4110 Erinnerung
2847 4047 2969 4107 dürften
3006 4044 3071 4104 noch

1346 4073 1465 4133 rungen
1510 4068 1787 4128 aufzufrischen."

432 4076 787 4136 zusammenhängend
847 4074 1001 4134 erzählen
1049 4076 1179 4136 könnte.
1233 4074 1297 4134 Sie

2283 4097 2332 4157 die
2383 4096 2600 4156 Radauszenen
2656 4094 2736 4154 sein,
2782 4092 2832 4152 die
2878 4091 2948 4151 nach
3004 4088 3054 4148 dem

2284 4142 2394 4202 Kriege
2421 4141 2569 4201 anläßlich
2596 4136 2643 4196 der
2671 4136 2872 4196 Aufführung
2899 4135 2951 4195 des
2979 4132 3073 4192 „Rei¬

1430 4173 1670 4233 onvgichi

576 4181 758 4241 Schni

2325 4188 2398 4248 gen“
2429 4185 2457 4245 in
2488 4184 2541 4244 den
2577 4184 2837 4244 Kammerspielen
2872 4180 3039 4240 erfolgten.

1689 4199 1795 4259 che
1843 4193 2069 4253 Zonsur

828 4203 891 4263 ler
945 4205 996 4265 un
