<?xml version="1.0" encoding="UTF-8" standalone="yes"?>
<PcGts xmlns="http://schema.primaresearch.org/PAGE/gts/pagecontent/2013-07-15" xmlns:xsi="http://www.w3.org/2001/XMLSchema-instance" xsi:schemaLocation="http://schema.primaresearch.org/PAGE/gts/pagecontent/2013-07-15 http://schema.primaresearch.org/PAGE/gts/pagecontent/2013-07-15/pagecontent.xsd">
    <Metadata>
        <Creator>prov=READ-COOP:name=PyLaia@TranskribusPlatform:version=2.12.1:model_id=39995:lm=none:date=09_04_2024_22:52</Creator>
        <Created>2019-10-07T20:40:25.407+02:00</Created>
        <LastChange>2024-04-09T22:52:28.661+02:00</LastChange>
        <TranskribusMetadata docId="224459" pageId="9583992" pageNr="715" tsid="157631163" status="IN_PROGRESS" userId="64420" imgUrl="https://files.transkribus.eu/Get?id=KOQGQUKWBRPPHKRMDWQZBGXD&amp;fileType=view" xmlUrl="https://files.transkribus.eu/Get?id=MSJGNOKCRKFPQXNASTNDDSYG" imageId="6209466"/>
    </Metadata>
    <Page imageFilename="224459_0715.jpeg" imageWidth="3344" imageHeight="4352">
        <ReadingOrder>
            <OrderedGroup id="ro_1712938210305" caption="Regions reading order">
                <RegionRefIndexed index="0" regionRef="tr_1"/>
                <RegionRefIndexed index="1" regionRef="tr_2"/>
            </OrderedGroup>
        </ReadingOrder>
        <TextRegion orientation="0.0" id="tr_1" custom="readingOrder {index:0;}">
            <Coords points="116,312 116,3947 1361,3947 1361,312"/>
            <TextLine id="tr_1_tl_1" custom="readingOrder {index:0;}">
                <Coords points="296,370 1227,359 1227,306 1150,275 938,313 837,284 609,301 551,264 457,301 406,267 296,276"/>
                <Baseline points="304,337 350,337 396,340 442,343 489,340 535,343 581,342 627,341 674,342 720,339 766,336 812,332 859,332 905,338 951,340 997,341 1044,343 1090,343 1136,343 1182,341 1229,343"/>
                <Word id="tr_1_tl_1_w1" custom="readingOrder {index:0;}">
                    <Coords points="305,301 305,361 894,361 894,301"/>
                    <TextEquiv>
                        <Unicode>Schnitzler's</Unicode>
                    </TextEquiv>
                </Word>
                <Word id="tr_1_tl_1_w2" custom="readingOrder {index:1;}">
                    <Coords points="966,303 966,363 1194,363 1194,303"/>
                    <TextEquiv>
                        <Unicode>Death</Unicode>
                    </TextEquiv>
                </Word>
                <TextEquiv>
                    <Unicode>Schnitzler's Death</Unicode>
                </TextEquiv>
            </TextLine>
            <TextLine id="tr_1_tl_2" custom="readingOrder {index:1;}">
                <Coords points="108,373 121,374 127,368 157,374 194,350 225,360 246,359 243,283 226,292 215,286 211,290 186,273 168,283 131,280 118,292 105,290"/>
                <Baseline points="116,337 142,339 169,340 196,340 223,341 250,343"/>
                <Word id="tr_1_tl_2_w1" custom="readingOrder {index:0;}">
                    <Coords points="111,300 111,360 237,360 237,300"/>
                    <TextEquiv>
                        <Unicode>12.</Unicode>
                    </TextEquiv>
                </Word>
                <TextEquiv>
                    <Unicode>12.</Unicode>
                </TextEquiv>
            </TextLine>
            <TextLine id="tr_1_tl_3" custom="readingOrder {index:2;}">
                <Coords points="177,829 1292,857 1346,851 1346,807 176,788"/>
                <Baseline points="185,820 243,823 301,823 359,826 417,829 476,829 534,829 592,832 650,832 708,830 767,832 825,833 883,835 941,835 999,838 1058,840 1116,841 1174,841 1232,844 1290,844 1349,844"/>
                <Word id="tr_1_tl_3_w1" custom="readingOrder {index:0;}">
                    <Coords points="179,783 179,843 391,843 391,783"/>
                    <TextEquiv>
                        <Unicode>Befriedigung</Unicode>
                    </TextEquiv>
                </Word>
                <Word id="tr_1_tl_3_w2" custom="readingOrder {index:1;}">
                    <Coords points="427,789 427,849 493,849 493,789"/>
                    <TextEquiv>
                        <Unicode>fest,</Unicode>
                    </TextEquiv>
                </Word>
                <Word id="tr_1_tl_3_w3" custom="readingOrder {index:2;}">
                    <Coords points="516,789 516,849 569,849 569,789"/>
                    <TextEquiv>
                        <Unicode>daß</Unicode>
                    </TextEquiv>
                </Word>
                <Word id="tr_1_tl_3_w4" custom="readingOrder {index:3;}">
                    <Coords points="605,791 605,851 728,851 728,791"/>
                    <TextEquiv>
                        <Unicode>Kriegs=</Unicode>
                    </TextEquiv>
                </Word>
                <Word id="tr_1_tl_3_w5" custom="readingOrder {index:4;}">
                    <Coords points="761,792 761,852 813,852 813,792"/>
                    <TextEquiv>
                        <Unicode>und</Unicode>
                    </TextEquiv>
                </Word>
                <Word id="tr_1_tl_3_w6" custom="readingOrder {index:5;}">
                    <Coords points="867,799 867,859 1217,859 1217,799"/>
                    <TextEquiv>
                        <Unicode>Nachkriegsgeneration</Unicode>
                    </TextEquiv>
                </Word>
                <Word id="tr_1_tl_3_w7" custom="readingOrder {index:6;}">
                    <Coords points="1275,804 1275,864 1328,864 1328,804"/>
                    <TextEquiv>
                        <Unicode>von</Unicode>
                    </TextEquiv>
                </Word>
                <TextEquiv>
                    <Unicode>Befriedigung fest, daß Kriegs= und Nachkriegsgeneration von</Unicode>
                </TextEquiv>
            </TextLine>
            <TextLine id="tr_1_tl_4" custom="readingOrder {index:3;}">
                <Coords points="177,872 1088,887 1086,851 1043,843 177,828"/>
                <Baseline points="185,862 230,862 275,862 321,862 366,865 411,865 457,865 502,865 547,868 593,868 638,868 683,868 729,871 774,871 819,871 865,872 910,874 955,874 1001,874 1046,875 1092,877"/>
                <Word id="tr_1_tl_4_w1" custom="readingOrder {index:0;}">
                    <Coords points="175,822 175,882 261,882 261,822"/>
                    <TextEquiv>
                        <Unicode>dieser</Unicode>
                    </TextEquiv>
                </Word>
                <Word id="tr_1_tl_4_w2" custom="readingOrder {index:1;}">
                    <Coords points="287,822 287,882 342,882 342,822"/>
                    <TextEquiv>
                        <Unicode>Art</Unicode>
                    </TextEquiv>
                </Word>
                <Word id="tr_1_tl_4_w3" custom="readingOrder {index:2;}">
                    <Coords points="364,825 364,885 597,885 597,825"/>
                    <TextEquiv>
                        <Unicode>Naturalismus</Unicode>
                    </TextEquiv>
                </Word>
                <Word id="tr_1_tl_4_w4" custom="readingOrder {index:3;}">
                    <Coords points="623,828 623,888 709,888 709,828"/>
                    <TextEquiv>
                        <Unicode>nichts</Unicode>
                    </TextEquiv>
                </Word>
                <Word id="tr_1_tl_4_w5" custom="readingOrder {index:4;}">
                    <Coords points="739,831 739,891 821,891 821,831"/>
                    <TextEquiv>
                        <Unicode>mehr</Unicode>
                    </TextEquiv>
                </Word>
                <Word id="tr_1_tl_4_w6" custom="readingOrder {index:5;}">
                    <Coords points="847,833 847,893 942,893 942,833"/>
                    <TextEquiv>
                        <Unicode>wissen</Unicode>
                    </TextEquiv>
                </Word>
                <Word id="tr_1_tl_4_w7" custom="readingOrder {index:6;}">
                    <Coords points="976,834 976,894 1092,894 1092,834"/>
                    <TextEquiv>
                        <Unicode>wollen.</Unicode>
                    </TextEquiv>
                </Word>
                <TextEquiv>
                    <Unicode>dieser Art Naturalismus nichts mehr wissen wollen.</Unicode>
                </TextEquiv>
            </TextLine>
            <TextLine id="tr_1_tl_5" custom="readingOrder {index:4;}">
                <Coords points="229,903 1321,932 1330,880 228,877"/>
                <Baseline points="238,898 292,902 347,904 402,904 457,904 512,907 566,907 621,907 676,909 731,910 786,912 840,910 895,910 950,913 1005,913 1060,914 1114,916 1169,916 1224,916 1279,919 1334,922"/>
                <Word id="tr_1_tl_5_w1" custom="readingOrder {index:0;}">
                    <Coords points="230,859 230,919 290,919 290,859"/>
                    <TextEquiv>
                        <Unicode>Uns</Unicode>
                    </TextEquiv>
                </Word>
                <Word id="tr_1_tl_5_w2" custom="readingOrder {index:1;}">
                    <Coords points="321,864 321,924 376,924 376,864"/>
                    <TextEquiv>
                        <Unicode>sind</Unicode>
                    </TextEquiv>
                </Word>
                <Word id="tr_1_tl_5_w3" custom="readingOrder {index:2;}">
                    <Coords points="411,865 411,925 543,925 543,865"/>
                    <TextEquiv>
                        <Unicode>wertvoll</Unicode>
                    </TextEquiv>
                </Word>
                <Word id="tr_1_tl_5_w4" custom="readingOrder {index:3;}">
                    <Coords points="570,867 570,927 621,927 621,867"/>
                    <TextEquiv>
                        <Unicode>das</Unicode>
                    </TextEquiv>
                </Word>
                <Word id="tr_1_tl_5_w5" custom="readingOrder {index:4;}">
                    <Coords points="647,869 647,929 793,929 793,869"/>
                    <TextEquiv>
                        <Unicode>Interesse</Unicode>
                    </TextEquiv>
                </Word>
                <Word id="tr_1_tl_5_w6" custom="readingOrder {index:5;}">
                    <Coords points="823,870 823,930 874,930 874,870"/>
                    <TextEquiv>
                        <Unicode>und</Unicode>
                    </TextEquiv>
                </Word>
                <Word id="tr_1_tl_5_w7" custom="readingOrder {index:6;}">
                    <Coords points="909,872 909,932 969,932 969,872"/>
                    <TextEquiv>
                        <Unicode>was</Unicode>
                    </TextEquiv>
                </Word>
                <Word id="tr_1_tl_5_w8" custom="readingOrder {index:7;}">
                    <Coords points="1004,873 1004,933 1051,933 1051,873"/>
                    <TextEquiv>
                        <Unicode>den</Unicode>
                    </TextEquiv>
                </Word>
                <Word id="tr_1_tl_5_w9" custom="readingOrder {index:8;}">
                    <Coords points="1081,876 1081,936 1244,936 1244,876"/>
                    <TextEquiv>
                        <Unicode>Italienern</Unicode>
                    </TextEquiv>
                </Word>
                <Word id="tr_1_tl_5_w10" custom="readingOrder {index:9;}">
                    <Coords points="1279,880 1279,940 1326,940 1326,880"/>
                    <TextEquiv>
                        <Unicode>bei</Unicode>
                    </TextEquiv>
                </Word>
                <TextEquiv>
                    <Unicode>Uns sind wertvoll das Interesse und was den Italienern bei</Unicode>
                </TextEquiv>
            </TextLine>
            <TextLine id="tr_1_tl_6" custom="readingOrder {index:5;}">
                <Coords points="171,946 1332,970 1263,918 171,903"/>
                <Baseline points="179,940 236,940 294,940 352,943 410,943 467,943 525,943 583,946 641,946 698,948 756,949 814,949 872,949 929,951 987,952 1045,952 1103,954 1160,955 1218,958 1276,958 1334,961"/>
                <Word id="tr_1_tl_6_w1" custom="readingOrder {index:0;}">
                    <Coords points="174,900 174,960 260,960 260,900"/>
                    <TextEquiv>
                        <Unicode>diesem</Unicode>
                    </TextEquiv>
                </Word>
                <Word id="tr_1_tl_6_w2" custom="readingOrder {index:1;}">
                    <Coords points="305,903 305,963 414,963 414,903"/>
                    <TextEquiv>
                        <Unicode>Thema</Unicode>
                    </TextEquiv>
                </Word>
                <Word id="tr_1_tl_6_w3" custom="readingOrder {index:2;}">
                    <Coords points="451,903 451,963 578,963 578,903"/>
                    <TextEquiv>
                        <Unicode>einfällt.</Unicode>
                    </TextEquiv>
                </Word>
                <Word id="tr_1_tl_6_w4" custom="readingOrder {index:3;}">
                    <Coords points="619,906 619,966 691,966 691,906"/>
                    <TextEquiv>
                        <Unicode>Man</Unicode>
                    </TextEquiv>
                </Word>
                <Word id="tr_1_tl_6_w5" custom="readingOrder {index:4;}">
                    <Coords points="728,909 728,969 809,969 809,909"/>
                    <TextEquiv>
                        <Unicode>denkt</Unicode>
                    </TextEquiv>
                </Word>
                <Word id="tr_1_tl_6_w6" custom="readingOrder {index:5;}">
                    <Coords points="837,911 837,971 1041,971 1041,911"/>
                    <TextEquiv>
                        <Unicode>unwillkürlich</Unicode>
                    </TextEquiv>
                </Word>
                <Word id="tr_1_tl_6_w7" custom="readingOrder {index:6;}">
                    <Coords points="1073,913 1073,973 1109,973 1109,913"/>
                    <TextEquiv>
                        <Unicode>an</Unicode>
                    </TextEquiv>
                </Word>
                <Word id="tr_1_tl_6_w8" custom="readingOrder {index:7;}">
                    <Coords points="1141,915 1141,975 1186,975 1186,915"/>
                    <TextEquiv>
                        <Unicode>die</Unicode>
                    </TextEquiv>
                </Word>
                <Word id="tr_1_tl_6_w9" custom="readingOrder {index:8;}">
                    <Coords points="1214,918 1214,978 1331,978 1331,918"/>
                    <TextEquiv>
                        <Unicode>Fäden,</Unicode>
                    </TextEquiv>
                </Word>
                <TextEquiv>
                    <Unicode>diesem Thema einfällt. Man denkt unwillkürlich an die Fäden,</Unicode>
                </TextEquiv>
            </TextLine>
            <TextLine id="tr_1_tl_7" custom="readingOrder {index:6;}">
                <Coords points="171,981 1327,1011 1309,964 171,947"/>
                <Baseline points="179,976 236,979 294,979 351,979 409,982 467,982 524,982 582,982 639,985 697,987 755,985 812,988 870,988 927,989 985,990 1043,990 1100,992 1158,993 1215,993 1273,994 1331,996"/>
                <Word id="tr_1_tl_7_w1" custom="readingOrder {index:0;}">
                    <Coords points="174,936 174,996 217,996 217,936"/>
                    <TextEquiv>
                        <Unicode>die</Unicode>
                    </TextEquiv>
                </Word>
                <Word id="tr_1_tl_7_w2" custom="readingOrder {index:1;}">
                    <Coords points="240,939 240,999 288,999 288,939"/>
                    <TextEquiv>
                        <Unicode>vom</Unicode>
                    </TextEquiv>
                </Word>
                <Word id="tr_1_tl_7_w3" custom="readingOrder {index:2;}">
                    <Coords points="333,940 333,1000 434,1000 434,940"/>
                    <TextEquiv>
                        <Unicode>frühen</Unicode>
                    </TextEquiv>
                </Word>
                <Word id="tr_1_tl_7_w4" custom="readingOrder {index:3;}">
                    <Coords points="466,942 466,1002 699,1002 699,942"/>
                    <TextEquiv>
                        <Unicode>Hofmannsthal</Unicode>
                    </TextEquiv>
                </Word>
                <Word id="tr_1_tl_7_w5" custom="readingOrder {index:4;}">
                    <Coords points="722,945 722,1005 748,1005 748,945"/>
                    <TextEquiv>
                        <Unicode>zu</Unicode>
                    </TextEquiv>
                </Word>
                <Word id="tr_1_tl_7_w6" custom="readingOrder {index:5;}">
                    <Coords points="779,948 779,1008 973,1008 973,948"/>
                    <TextEquiv>
                        <Unicode>D'Annunzio</Unicode>
                    </TextEquiv>
                </Word>
                <Word id="tr_1_tl_7_w7" custom="readingOrder {index:6;}">
                    <Coords points="1005,950 1005,1010 1137,1010 1137,950"/>
                    <TextEquiv>
                        <Unicode>führten,</Unicode>
                    </TextEquiv>
                </Word>
                <Word id="tr_1_tl_7_w8" custom="readingOrder {index:7;}">
                    <Coords points="1155,953 1155,1013 1230,1013 1230,953"/>
                    <TextEquiv>
                        <Unicode>mehr</Unicode>
                    </TextEquiv>
                </Word>
                <Word id="tr_1_tl_7_w9" custom="readingOrder {index:8;}">
                    <Coords points="1257,954 1257,1014 1318,1014 1318,954"/>
                    <TextEquiv>
                        <Unicode>noch</Unicode>
                    </TextEquiv>
                </Word>
                <TextEquiv>
                    <Unicode>die vom frühen Hofmannsthal zu D'Annunzio führten, mehr noch</Unicode>
                </TextEquiv>
            </TextLine>
            <TextLine id="tr_1_tl_8" custom="readingOrder {index:7;}">
                <Coords points="180,1022 1326,1045 1266,999 180,984"/>
                <Baseline points="188,1014 245,1017 302,1017 359,1019 416,1017 473,1018 530,1020 587,1020 644,1024 701,1025 758,1025 815,1023 872,1026 929,1028 986,1029 1043,1029 1100,1029 1157,1031 1214,1032 1271,1033 1328,1035"/>
                <Word id="tr_1_tl_8_w1" custom="readingOrder {index:0;}">
                    <Coords points="174,976 174,1036 282,1036 282,976"/>
                    <TextEquiv>
                        <Unicode>daran,</Unicode>
                    </TextEquiv>
                </Word>
                <Word id="tr_1_tl_8_w2" custom="readingOrder {index:1;}">
                    <Coords points="306,978 306,1038 360,1038 360,978"/>
                    <TextEquiv>
                        <Unicode>daß</Unicode>
                    </TextEquiv>
                </Word>
                <Word id="tr_1_tl_8_w3" custom="readingOrder {index:2;}">
                    <Coords points="397,977 397,1037 442,1037 442,977"/>
                    <TextEquiv>
                        <Unicode>die</Unicode>
                    </TextEquiv>
                </Word>
                <Word id="tr_1_tl_8_w4" custom="readingOrder {index:3;}">
                    <Coords points="474,979 474,1039 556,1039 556,979"/>
                    <TextEquiv>
                        <Unicode>heute</Unicode>
                    </TextEquiv>
                </Word>
                <Word id="tr_1_tl_8_w5" custom="readingOrder {index:4;}">
                    <Coords points="588,985 588,1045 838,1045 838,985"/>
                    <TextEquiv>
                        <Unicode>Vierzigjährigen</Unicode>
                    </TextEquiv>
                </Word>
                <Word id="tr_1_tl_8_w6" custom="readingOrder {index:5;}">
                    <Coords points="880,986 880,1046 902,1046 902,986"/>
                    <TextEquiv>
                        <Unicode>in</Unicode>
                    </TextEquiv>
                </Word>
                <Word id="tr_1_tl_8_w7" custom="readingOrder {index:6;}">
                    <Coords points="939,989 939,1049 1048,1049 1048,989"/>
                    <TextEquiv>
                        <Unicode>Italien</Unicode>
                    </TextEquiv>
                </Word>
                <Word id="tr_1_tl_8_w8" custom="readingOrder {index:7;}">
                    <Coords points="1085,989 1085,1049 1148,1049 1148,989"/>
                    <TextEquiv>
                        <Unicode>doch</Unicode>
                    </TextEquiv>
                </Word>
                <Word id="tr_1_tl_8_w9" custom="readingOrder {index:8;}">
                    <Coords points="1185,991 1185,1051 1207,1051 1207,991"/>
                    <TextEquiv>
                        <Unicode>in</Unicode>
                    </TextEquiv>
                </Word>
                <Word id="tr_1_tl_8_w10" custom="readingOrder {index:9;}">
                    <Coords points="1244,993 1244,1053 1321,1053 1321,993"/>
                    <TextEquiv>
                        <Unicode>ihrer</Unicode>
                    </TextEquiv>
                </Word>
                <TextEquiv>
                    <Unicode>daran, daß die heute Vierzigjährigen in Italien doch in ihrer</Unicode>
                </TextEquiv>
            </TextLine>
            <TextLine id="tr_1_tl_9" custom="readingOrder {index:8;}">
                <Coords points="174,1062 1330,1083 1329,1048 1240,1034 174,1023"/>
                <Baseline points="182,1053 239,1054 297,1056 354,1056 412,1056 470,1056 527,1058 585,1059 642,1060 700,1062 758,1062 815,1062 873,1063 930,1065 988,1068 1046,1068 1103,1068 1161,1071 1218,1071 1276,1072 1334,1074"/>
                <Word id="tr_1_tl_9_w1" custom="readingOrder {index:0;}">
                    <Coords points="173,1013 173,1073 285,1073 285,1013"/>
                    <TextEquiv>
                        <Unicode>Jugend</Unicode>
                    </TextEquiv>
                </Word>
                <Word id="tr_1_tl_9_w2" custom="readingOrder {index:1;}">
                    <Coords points="318,1016 318,1076 367,1076 367,1016"/>
                    <TextEquiv>
                        <Unicode>bei</Unicode>
                    </TextEquiv>
                </Word>
                <Word id="tr_1_tl_9_w3" custom="readingOrder {index:2;}">
                    <Coords points="395,1016 395,1076 462,1076 462,1016"/>
                    <TextEquiv>
                        <Unicode>allem</Unicode>
                    </TextEquiv>
                </Word>
                <Word id="tr_1_tl_9_w4" custom="readingOrder {index:3;}">
                    <Coords points="508,1020 508,1080 789,1080 789,1020"/>
                    <TextEquiv>
                        <Unicode>Irredentageschrei</Unicode>
                    </TextEquiv>
                </Word>
                <Word id="tr_1_tl_9_w5" custom="readingOrder {index:4;}">
                    <Coords points="817,1022 817,1082 875,1082 875,1022"/>
                    <TextEquiv>
                        <Unicode>eine</Unicode>
                    </TextEquiv>
                </Word>
                <Word id="tr_1_tl_9_w6" custom="readingOrder {index:5;}">
                    <Coords points="908,1026 908,1086 1021,1086 1021,1026"/>
                    <TextEquiv>
                        <Unicode>gewisse</Unicode>
                    </TextEquiv>
                </Word>
                <Word id="tr_1_tl_9_w7" custom="readingOrder {index:6;}">
                    <Coords points="1049,1028 1049,1088 1130,1088 1130,1028"/>
                    <TextEquiv>
                        <Unicode>Liebe</Unicode>
                    </TextEquiv>
                </Word>
                <Word id="tr_1_tl_9_w8" custom="readingOrder {index:7;}">
                    <Coords points="1162,1031 1162,1091 1207,1091 1207,1031"/>
                    <TextEquiv>
                        <Unicode>für</Unicode>
                    </TextEquiv>
                </Word>
                <Word id="tr_1_tl_9_w9" custom="readingOrder {index:8;}">
                    <Coords points="1239,1032 1239,1092 1316,1092 1316,1032"/>
                    <TextEquiv>
                        <Unicode>Wien</Unicode>
                    </TextEquiv>
                </Word>
                <TextEquiv>
                    <Unicode>Jugend bei allem Irredentageschrei eine gewisse Liebe für Wien</Unicode>
                </TextEquiv>
            </TextLine>
            <TextLine id="tr_1_tl_10" custom="readingOrder {index:9;}">
                <Coords points="180,1100 1327,1121 1326,1081 1228,1074 180,1062"/>
                <Baseline points="188,1095 245,1093 302,1095 359,1093 416,1095 473,1097 530,1095 588,1098 645,1098 702,1099 759,1099 816,1101 873,1101 930,1103 988,1107 1045,1104 1102,1107 1159,1109 1216,1110 1273,1111 1331,1113"/>
                <Word id="tr_1_tl_10_w1" custom="readingOrder {index:0;}">
                    <Coords points="174,1053 174,1113 284,1113 284,1053"/>
                    <TextEquiv>
                        <Unicode>hatten,</Unicode>
                    </TextEquiv>
                </Word>
                <Word id="tr_1_tl_10_w2" custom="readingOrder {index:1;}">
                    <Coords points="311,1053 311,1113 351,1113 351,1053"/>
                    <TextEquiv>
                        <Unicode>ein</Unicode>
                    </TextEquiv>
                </Word>
                <Word id="tr_1_tl_10_w3" custom="readingOrder {index:2;}">
                    <Coords points="387,1055 387,1115 480,1115 480,1055"/>
                    <TextEquiv>
                        <Unicode>letztes</Unicode>
                    </TextEquiv>
                </Word>
                <Word id="tr_1_tl_10_w4" custom="readingOrder {index:3;}">
                    <Coords points="516,1058 516,1118 688,1118 688,1058"/>
                    <TextEquiv>
                        <Unicode>Aufflackern</Unicode>
                    </TextEquiv>
                </Word>
                <Word id="tr_1_tl_10_w5" custom="readingOrder {index:4;}">
                    <Coords points="728,1059 728,1119 777,1119 777,1059"/>
                    <TextEquiv>
                        <Unicode>der</Unicode>
                    </TextEquiv>
                </Word>
                <Word id="tr_1_tl_10_w6" custom="readingOrder {index:5;}">
                    <Coords points="813,1061 813,1121 985,1121 985,1061"/>
                    <TextEquiv>
                        <Unicode>Tradition,</Unicode>
                    </TextEquiv>
                </Word>
                <Word id="tr_1_tl_10_w7" custom="readingOrder {index:6;}">
                    <Coords points="1017,1064 1017,1124 1061,1124 1061,1064"/>
                    <TextEquiv>
                        <Unicode>die</Unicode>
                    </TextEquiv>
                </Word>
                <Word id="tr_1_tl_10_w8" custom="readingOrder {index:7;}">
                    <Coords points="1092,1067 1092,1127 1145,1127 1145,1067"/>
                    <TextEquiv>
                        <Unicode>vom</Unicode>
                    </TextEquiv>
                </Word>
                <Word id="tr_1_tl_10_w9" custom="readingOrder {index:8;}">
                    <Coords points="1194,1070 1194,1130 1318,1130 1318,1070"/>
                    <TextEquiv>
                        <Unicode>Prinzen</Unicode>
                    </TextEquiv>
                </Word>
                <TextEquiv>
                    <Unicode>hatten, ein letztes Aufflackern der Tradition, die vom Prinzen</Unicode>
                </TextEquiv>
            </TextLine>
            <TextLine id="tr_1_tl_11" custom="readingOrder {index:10;}">
                <Coords points="174,1141 1324,1164 1303,1120 1075,1103 174,1103"/>
                <Baseline points="182,1125 239,1131 296,1133 353,1134 411,1134 468,1135 525,1137 583,1137 640,1137 697,1137 755,1139 812,1140 869,1140 926,1142 984,1143 1041,1144 1098,1146 1156,1148 1213,1149 1270,1150 1328,1152"/>
                <Word id="tr_1_tl_11_w1" custom="readingOrder {index:0;}">
                    <Coords points="172,1088 172,1148 264,1148 264,1088"/>
                    <TextEquiv>
                        <Unicode>Eugen</Unicode>
                    </TextEquiv>
                </Word>
                <Word id="tr_1_tl_11_w2" custom="readingOrder {index:1;}">
                    <Coords points="300,1093 300,1153 353,1153 353,1093"/>
                    <TextEquiv>
                        <Unicode>und</Unicode>
                    </TextEquiv>
                </Word>
                <Word id="tr_1_tl_11_w3" custom="readingOrder {index:2;}">
                    <Coords points="384,1095 384,1155 604,1155 604,1095"/>
                    <TextEquiv>
                        <Unicode>Montecuccoli</Unicode>
                    </TextEquiv>
                </Word>
                <Word id="tr_1_tl_11_w4" custom="readingOrder {index:3;}">
                    <Coords points="623,1097 623,1157 666,1157 666,1097"/>
                    <TextEquiv>
                        <Unicode>bis</Unicode>
                    </TextEquiv>
                </Word>
                <Word id="tr_1_tl_11_w5" custom="readingOrder {index:4;}">
                    <Coords points="693,1097 693,1157 719,1157 719,1097"/>
                    <TextEquiv>
                        <Unicode>zu</Unicode>
                    </TextEquiv>
                </Word>
                <Word id="tr_1_tl_11_w6" custom="readingOrder {index:5;}">
                    <Coords points="750,1100 750,1160 917,1160 917,1100"/>
                    <TextEquiv>
                        <Unicode>Metastasio</Unicode>
                    </TextEquiv>
                </Word>
                <Word id="tr_1_tl_11_w7" custom="readingOrder {index:6;}">
                    <Coords points="949,1102 949,1162 1002,1162 1002,1102"/>
                    <TextEquiv>
                        <Unicode>und</Unicode>
                    </TextEquiv>
                </Word>
                <Word id="tr_1_tl_11_w8" custom="readingOrder {index:7;}">
                    <Coords points="1033,1106 1033,1166 1178,1166 1178,1106"/>
                    <TextEquiv>
                        <Unicode>Cimarosa</Unicode>
                    </TextEquiv>
                </Word>
                <Word id="tr_1_tl_11_w9" custom="readingOrder {index:8;}">
                    <Coords points="1210,1109 1210,1169 1324,1169 1324,1109"/>
                    <TextEquiv>
                        <Unicode>reichte;</Unicode>
                    </TextEquiv>
                </Word>
                <TextEquiv>
                    <Unicode>Eugen und Montecuccoli bis zu Metastasio und Cimarosa reichte;</Unicode>
                </TextEquiv>
            </TextLine>
            <TextLine id="tr_1_tl_12" custom="readingOrder {index:11;}">
                <Coords points="179,1176 1263,1202 1330,1201 1329,1162 177,1144"/>
                <Baseline points="185,1167 242,1170 299,1170 357,1173 414,1173 472,1173 529,1175 587,1173 644,1176 702,1176 759,1176 816,1179 874,1180 931,1182 989,1182 1046,1185 1104,1186 1161,1185 1219,1187 1276,1187 1334,1187"/>
                <Word id="tr_1_tl_12_w1" custom="readingOrder {index:0;}">
                    <Coords points="175,1128 175,1188 243,1188 243,1128"/>
                    <TextEquiv>
                        <Unicode>alles</Unicode>
                    </TextEquiv>
                </Word>
                <Word id="tr_1_tl_12_w2" custom="readingOrder {index:1;}">
                    <Coords points="282,1133 282,1193 444,1193 444,1133"/>
                    <TextEquiv>
                        <Unicode>Italiener,</Unicode>
                    </TextEquiv>
                </Word>
                <Word id="tr_1_tl_12_w3" custom="readingOrder {index:2;}">
                    <Coords points="479,1134 479,1194 555,1194 555,1134"/>
                    <TextEquiv>
                        <Unicode>deren</Unicode>
                    </TextEquiv>
                </Word>
                <Word id="tr_1_tl_12_w4" custom="readingOrder {index:3;}">
                    <Coords points="598,1136 598,1196 787,1196 787,1136"/>
                    <TextEquiv>
                        <Unicode>Lebensbahn</Unicode>
                    </TextEquiv>
                </Word>
                <Word id="tr_1_tl_12_w5" custom="readingOrder {index:4;}">
                    <Coords points="830,1139 830,1199 855,1199 855,1139"/>
                    <TextEquiv>
                        <Unicode>im</Unicode>
                    </TextEquiv>
                </Word>
                <Word id="tr_1_tl_12_w6" custom="readingOrder {index:5;}">
                    <Coords points="907,1142 907,1202 979,1202 979,1142"/>
                    <TextEquiv>
                        <Unicode>alten</Unicode>
                    </TextEquiv>
                </Word>
                <Word id="tr_1_tl_12_w7" custom="readingOrder {index:6;}">
                    <Coords points="1022,1145 1022,1205 1202,1205 1202,1145"/>
                    <TextEquiv>
                        <Unicode>Kaiserstaat</Unicode>
                    </TextEquiv>
                </Word>
                <Word id="tr_1_tl_12_w8" custom="readingOrder {index:7;}">
                    <Coords points="1236,1147 1236,1207 1313,1207 1313,1147"/>
                    <TextEquiv>
                        <Unicode>ihren</Unicode>
                    </TextEquiv>
                </Word>
                <TextEquiv>
                    <Unicode>alles Italiener, deren Lebensbahn im alten Kaiserstaat ihren</Unicode>
                </TextEquiv>
            </TextLine>
            <TextLine id="tr_1_tl_13" custom="readingOrder {index:12;}">
                <Coords points="177,1216 1275,1239 1329,1234 1329,1196 176,1176"/>
                <Baseline points="185,1208 242,1209 299,1211 356,1211 414,1211 471,1211 528,1209 586,1211 643,1212 700,1214 758,1216 815,1217 872,1217 929,1219 987,1220 1044,1222 1101,1221 1159,1223 1216,1223 1273,1226 1331,1226"/>
                <Word id="tr_1_tl_13_w1" custom="readingOrder {index:0;}">
                    <Coords points="174,1168 174,1228 253,1228 253,1168"/>
                    <TextEquiv>
                        <Unicode>Zenit</Unicode>
                    </TextEquiv>
                </Word>
                <Word id="tr_1_tl_13_w2" custom="readingOrder {index:1;}">
                    <Coords points="307,1171 307,1231 425,1231 425,1171"/>
                    <TextEquiv>
                        <Unicode>erreicht</Unicode>
                    </TextEquiv>
                </Word>
                <Word id="tr_1_tl_13_w3" custom="readingOrder {index:2;}">
                    <Coords points="457,1170 457,1230 518,1230 518,1170"/>
                    <TextEquiv>
                        <Unicode>hat!</Unicode>
                    </TextEquiv>
                </Word>
                <Word id="tr_1_tl_13_w4" custom="readingOrder {index:3;}">
                    <Coords points="567,1171 567,1231 606,1231 606,1171"/>
                    <TextEquiv>
                        <Unicode>Um</Unicode>
                    </TextEquiv>
                </Word>
                <Word id="tr_1_tl_13_w5" custom="readingOrder {index:4;}">
                    <Coords points="659,1173 659,1233 725,1233 725,1173"/>
                    <TextEquiv>
                        <Unicode>1900</Unicode>
                    </TextEquiv>
                </Word>
                <Word id="tr_1_tl_13_w6" custom="readingOrder {index:5;}">
                    <Coords points="761,1177 761,1237 897,1237 897,1177"/>
                    <TextEquiv>
                        <Unicode>studierte</Unicode>
                    </TextEquiv>
                </Word>
                <Word id="tr_1_tl_13_w7" custom="readingOrder {index:6;}">
                    <Coords points="928,1179 928,1239 1016,1239 1016,1179"/>
                    <TextEquiv>
                        <Unicode>man,</Unicode>
                    </TextEquiv>
                </Word>
                <Word id="tr_1_tl_13_w8" custom="readingOrder {index:7;}">
                    <Coords points="1043,1181 1043,1241 1122,1241 1122,1181"/>
                    <TextEquiv>
                        <Unicode>wenn</Unicode>
                    </TextEquiv>
                </Word>
                <Word id="tr_1_tl_13_w9" custom="readingOrder {index:8;}">
                    <Coords points="1162,1183 1162,1243 1223,1243 1223,1183"/>
                    <TextEquiv>
                        <Unicode>man</Unicode>
                    </TextEquiv>
                </Word>
                <Word id="tr_1_tl_13_w10" custom="readingOrder {index:9;}">
                    <Coords points="1259,1186 1259,1246 1311,1246 1311,1186"/>
                    <TextEquiv>
                        <Unicode>aus</Unicode>
                    </TextEquiv>
                </Word>
                <TextEquiv>
                    <Unicode>Zenit erreicht hat! Um 1900 studierte man, wenn man aus</Unicode>
                </TextEquiv>
            </TextLine>
            <TextLine id="tr_1_tl_14" custom="readingOrder {index:13;}">
                <Coords points="165,1253 1248,1279 1327,1275 1327,1239 163,1213"/>
                <Baseline points="173,1244 230,1247 288,1247 346,1247 404,1248 462,1250 520,1250 578,1250 636,1253 694,1253 752,1253 809,1256 867,1258 925,1257 983,1262 1041,1262 1099,1262 1157,1262 1215,1262 1273,1264 1331,1265"/>
                <Word id="tr_1_tl_14_w1" custom="readingOrder {index:0;}">
                    <Coords points="166,1206 166,1266 258,1266 258,1206"/>
                    <TextEquiv>
                        <Unicode>Triest</Unicode>
                    </TextEquiv>
                </Word>
                <Word id="tr_1_tl_14_w2" custom="readingOrder {index:1;}">
                    <Coords points="289,1207 289,1267 355,1267 355,1207"/>
                    <TextEquiv>
                        <Unicode>oder</Unicode>
                    </TextEquiv>
                </Word>
                <Word id="tr_1_tl_14_w3" custom="readingOrder {index:2;}">
                    <Coords points="391,1210 391,1270 554,1270 554,1210"/>
                    <TextEquiv>
                        <Unicode>Dalmatien</Unicode>
                    </TextEquiv>
                </Word>
                <Word id="tr_1_tl_14_w4" custom="readingOrder {index:3;}">
                    <Coords points="594,1212 594,1272 660,1272 660,1212"/>
                    <TextEquiv>
                        <Unicode>oder</Unicode>
                    </TextEquiv>
                </Word>
                <Word id="tr_1_tl_14_w5" custom="readingOrder {index:4;}">
                    <Coords points="691,1213 691,1273 836,1273 836,1213"/>
                    <TextEquiv>
                        <Unicode>Rovereto</Unicode>
                    </TextEquiv>
                </Word>
                <Word id="tr_1_tl_14_w6" custom="readingOrder {index:5;}">
                    <Coords points="872,1217 872,1277 952,1277 952,1217"/>
                    <TextEquiv>
                        <Unicode>kam,</Unicode>
                    </TextEquiv>
                </Word>
                <Word id="tr_1_tl_14_w7" custom="readingOrder {index:6;}">
                    <Coords points="979,1222 979,1282 1057,1282 1057,1222"/>
                    <TextEquiv>
                        <Unicode>zwar</Unicode>
                    </TextEquiv>
                </Word>
                <Word id="tr_1_tl_14_w8" custom="readingOrder {index:7;}">
                    <Coords points="1089,1222 1089,1282 1110,1282 1110,1222"/>
                    <TextEquiv>
                        <Unicode>in</Unicode>
                    </TextEquiv>
                </Word>
                <Word id="tr_1_tl_14_w9" custom="readingOrder {index:8;}">
                    <Coords points="1151,1222 1151,1282 1212,1282 1212,1222"/>
                    <TextEquiv>
                        <Unicode>Rom</Unicode>
                    </TextEquiv>
                </Word>
                <Word id="tr_1_tl_14_w10" custom="readingOrder {index:9;}">
                    <Coords points="1261,1224 1261,1284 1313,1284 1313,1224"/>
                    <TextEquiv>
                        <Unicode>und</Unicode>
                    </TextEquiv>
                </Word>
                <TextEquiv>
                    <Unicode>Triest oder Dalmatien oder Rovereto kam, zwar in Rom und</Unicode>
                </TextEquiv>
            </TextLine>
            <TextLine id="tr_1_tl_15" custom="readingOrder {index:14;}">
                <Coords points="174,1292 1327,1314 1277,1269 174,1253"/>
                <Baseline points="182,1286 239,1286 296,1286 353,1286 411,1289 468,1289 525,1291 583,1289 640,1292 697,1292 755,1292 812,1295 869,1295 926,1297 984,1298 1041,1300 1098,1299 1156,1301 1213,1301 1270,1304 1328,1304"/>
                <Word id="tr_1_tl_15_w1" custom="readingOrder {index:0;}">
                    <Coords points="173,1246 173,1306 289,1306 289,1246"/>
                    <TextEquiv>
                        <Unicode>Padua,</Unicode>
                    </TextEquiv>
                </Word>
                <Word id="tr_1_tl_15_w2" custom="readingOrder {index:1;}">
                    <Coords points="308,1246 308,1306 359,1306 359,1246"/>
                    <TextEquiv>
                        <Unicode>ließ</Unicode>
                    </TextEquiv>
                </Word>
                <Word id="tr_1_tl_15_w3" custom="readingOrder {index:2;}">
                    <Coords points="392,1249 392,1309 434,1309 434,1249"/>
                    <TextEquiv>
                        <Unicode>sich</Unicode>
                    </TextEquiv>
                </Word>
                <Word id="tr_1_tl_15_w4" custom="readingOrder {index:3;}">
                    <Coords points="462,1249 462,1309 527,1309 527,1249"/>
                    <TextEquiv>
                        <Unicode>dort</Unicode>
                    </TextEquiv>
                </Word>
                <Word id="tr_1_tl_15_w5" custom="readingOrder {index:4;}">
                    <Coords points="546,1249 546,1309 611,1309 611,1249"/>
                    <TextEquiv>
                        <Unicode>gern</Unicode>
                    </TextEquiv>
                </Word>
                <Word id="tr_1_tl_15_w6" custom="readingOrder {index:5;}">
                    <Coords points="645,1252 645,1312 686,1312 686,1252"/>
                    <TextEquiv>
                        <Unicode>als</Unicode>
                    </TextEquiv>
                </Word>
                <Word id="tr_1_tl_15_w7" custom="readingOrder {index:6;}">
                    <Coords points="714,1254 714,1314 906,1314 906,1254"/>
                    <TextEquiv>
                        <Unicode>„Märtyrer“</Unicode>
                    </TextEquiv>
                </Word>
                <Word id="tr_1_tl_15_w8" custom="readingOrder {index:7;}">
                    <Coords points="929,1257 929,1317 1037,1317 1037,1257"/>
                    <TextEquiv>
                        <Unicode>feiern,</Unicode>
                    </TextEquiv>
                </Word>
                <Word id="tr_1_tl_15_w9" custom="readingOrder {index:8;}">
                    <Coords points="1056,1259 1056,1319 1116,1319 1116,1259"/>
                    <TextEquiv>
                        <Unicode>ging</Unicode>
                    </TextEquiv>
                </Word>
                <Word id="tr_1_tl_15_w10" custom="readingOrder {index:9;}">
                    <Coords points="1145,1261 1145,1321 1219,1321 1219,1261"/>
                    <TextEquiv>
                        <Unicode>dann</Unicode>
                    </TextEquiv>
                </Word>
                <Word id="tr_1_tl_15_w11" custom="readingOrder {index:10;}">
                    <Coords points="1252,1264 1252,1324 1317,1324 1317,1264"/>
                    <TextEquiv>
                        <Unicode>aber</Unicode>
                    </TextEquiv>
                </Word>
                <TextEquiv>
                    <Unicode>Padua, ließ sich dort gern als „Märtyrer“ feiern, ging dann aber</Unicode>
                </TextEquiv>
            </TextLine>
            <TextLine id="tr_1_tl_16" custom="readingOrder {index:15;}">
                <Coords points="165,1334 1312,1358 1318,1311 163,1288"/>
                <Baseline points="173,1319 230,1323 287,1325 345,1325 402,1325 460,1328 517,1328 575,1328 632,1330 690,1328 747,1330 804,1334 862,1334 919,1336 977,1334 1034,1338 1092,1340 1149,1340 1207,1340 1264,1340 1322,1343"/>
                <Word id="tr_1_tl_16_w1" custom="readingOrder {index:0;}">
                    <Coords points="166,1280 166,1340 227,1340 227,1280"/>
                    <TextEquiv>
                        <Unicode>doch</Unicode>
                    </TextEquiv>
                </Word>
                <Word id="tr_1_tl_16_w2" custom="readingOrder {index:1;}">
                    <Coords points="263,1285 263,1345 324,1345 324,1285"/>
                    <TextEquiv>
                        <Unicode>nach</Unicode>
                    </TextEquiv>
                </Word>
                <Word id="tr_1_tl_16_w3" custom="readingOrder {index:2;}">
                    <Coords points="359,1285 359,1345 460,1345 460,1285"/>
                    <TextEquiv>
                        <Unicode>Wien,</Unicode>
                    </TextEquiv>
                </Word>
                <Word id="tr_1_tl_16_w4" custom="readingOrder {index:3;}">
                    <Coords points="487,1288 487,1348 579,1348 579,1288"/>
                    <TextEquiv>
                        <Unicode>Graz,</Unicode>
                    </TextEquiv>
                </Word>
                <Word id="tr_1_tl_16_w5" custom="readingOrder {index:4;}">
                    <Coords points="601,1288 601,1348 781,1348 781,1288"/>
                    <TextEquiv>
                        <Unicode>Innsbruck.</Unicode>
                    </TextEquiv>
                </Word>
                <Word id="tr_1_tl_16_w6" custom="readingOrder {index:5;}">
                    <Coords points="826,1294 826,1354 904,1354 904,1294"/>
                    <TextEquiv>
                        <Unicode>Dort</Unicode>
                    </TextEquiv>
                </Word>
                <Word id="tr_1_tl_16_w7" custom="readingOrder {index:6;}">
                    <Coords points="931,1294 931,1354 979,1354 979,1294"/>
                    <TextEquiv>
                        <Unicode>gab</Unicode>
                    </TextEquiv>
                </Word>
                <Word id="tr_1_tl_16_w8" custom="readingOrder {index:7;}">
                    <Coords points="1015,1297 1015,1357 1045,1357 1045,1297"/>
                    <TextEquiv>
                        <Unicode>es</Unicode>
                    </TextEquiv>
                </Word>
                <Word id="tr_1_tl_16_w9" custom="readingOrder {index:8;}">
                    <Coords points="1077,1300 1077,1360 1226,1360 1226,1300"/>
                    <TextEquiv>
                        <Unicode>Krawalle</Unicode>
                    </TextEquiv>
                </Word>
                <Word id="tr_1_tl_16_w10" custom="readingOrder {index:9;}">
                    <Coords points="1257,1300 1257,1360 1309,1360 1309,1300"/>
                    <TextEquiv>
                        <Unicode>und</Unicode>
                    </TextEquiv>
                </Word>
                <TextEquiv>
                    <Unicode>doch nach Wien, Graz, Innsbruck. Dort gab es Krawalle und</Unicode>
                </TextEquiv>
            </TextLine>
            <TextLine id="tr_1_tl_17" custom="readingOrder {index:16;}">
                <Coords points="173,1367 1173,1395 1318,1393 1318,1356 171,1334"/>
                <Baseline points="179,1361 236,1364 293,1364 350,1364 407,1364 464,1367 521,1367 579,1367 636,1367 693,1368 750,1370 807,1370 864,1373 921,1373 979,1376 1036,1376 1093,1377 1150,1379 1207,1379 1264,1379 1322,1376"/>
                <Word id="tr_1_tl_17_w1" custom="readingOrder {index:0;}">
                    <Coords points="170,1324 170,1384 305,1384 305,1324"/>
                    <TextEquiv>
                        <Unicode>vielleicht</Unicode>
                    </TextEquiv>
                </Word>
                <Word id="tr_1_tl_17_w2" custom="readingOrder {index:1;}">
                    <Coords points="333,1324 333,1384 396,1384 396,1324"/>
                    <TextEquiv>
                        <Unicode>auch</Unicode>
                    </TextEquiv>
                </Word>
                <Word id="tr_1_tl_17_w3" custom="readingOrder {index:2;}">
                    <Coords points="433,1327 433,1387 546,1387 546,1327"/>
                    <TextEquiv>
                        <Unicode>einmal</Unicode>
                    </TextEquiv>
                </Word>
                <Word id="tr_1_tl_17_w4" custom="readingOrder {index:3;}">
                    <Coords points="573,1327 573,1387 759,1387 759,1327"/>
                    <TextEquiv>
                        <Unicode>Gefängnis,</Unicode>
                    </TextEquiv>
                </Word>
                <Word id="tr_1_tl_17_w5" custom="readingOrder {index:4;}">
                    <Coords points="791,1330 791,1390 855,1390 855,1330"/>
                    <TextEquiv>
                        <Unicode>aber</Unicode>
                    </TextEquiv>
                </Word>
                <Word id="tr_1_tl_17_w6" custom="readingOrder {index:5;}">
                    <Coords points="887,1333 887,1393 959,1393 959,1333"/>
                    <TextEquiv>
                        <Unicode>viele</Unicode>
                    </TextEquiv>
                </Word>
                <Word id="tr_1_tl_17_w7" custom="readingOrder {index:6;}">
                    <Coords points="991,1336 991,1396 1077,1396 1077,1336"/>
                    <TextEquiv>
                        <Unicode>dieser</Unicode>
                    </TextEquiv>
                </Word>
                <Word id="tr_1_tl_17_w8" custom="readingOrder {index:7;}">
                    <Coords points="1109,1339 1109,1399 1213,1399 1213,1339"/>
                    <TextEquiv>
                        <Unicode>jungen</Unicode>
                    </TextEquiv>
                </Word>
                <Word id="tr_1_tl_17_w9" custom="readingOrder {index:8;}">
                    <Coords points="1250,1337 1250,1397 1317,1397 1317,1337"/>
                    <TextEquiv>
                        <Unicode>Ita¬</Unicode>
                    </TextEquiv>
                </Word>
                <TextEquiv>
                    <Unicode>vielleicht auch einmal Gefängnis, aber viele dieser jungen Ita¬</Unicode>
                </TextEquiv>
            </TextLine>
            <TextLine id="tr_1_tl_18" custom="readingOrder {index:17;}">
                <Coords points="166,1413 1248,1433 1318,1430 1318,1390 165,1370"/>
                <Baseline points="173,1396 230,1400 287,1402 345,1402 402,1402 460,1402 517,1404 575,1405 632,1405 690,1407 747,1408 804,1408 862,1409 919,1411 977,1414 1034,1414 1092,1416 1149,1417 1207,1417 1264,1420 1322,1420"/>
                <Word id="tr_1_tl_18_w1" custom="readingOrder {index:0;}">
                    <Coords points="164,1358 164,1418 252,1418 252,1358"/>
                    <TextEquiv>
                        <Unicode>liener</Unicode>
                    </TextEquiv>
                </Word>
                <Word id="tr_1_tl_18_w2" custom="readingOrder {index:1;}">
                    <Coords points="280,1362 280,1422 387,1422 387,1362"/>
                    <TextEquiv>
                        <Unicode>fühlten</Unicode>
                    </TextEquiv>
                </Word>
                <Word id="tr_1_tl_18_w3" custom="readingOrder {index:2;}">
                    <Coords points="421,1362 421,1422 462,1422 462,1362"/>
                    <TextEquiv>
                        <Unicode>sich</Unicode>
                    </TextEquiv>
                </Word>
                <Word id="tr_1_tl_18_w4" custom="readingOrder {index:3;}">
                    <Coords points="495,1364 495,1424 556,1424 556,1364"/>
                    <TextEquiv>
                        <Unicode>doch</Unicode>
                    </TextEquiv>
                </Word>
                <Word id="tr_1_tl_18_w5" custom="readingOrder {index:4;}">
                    <Coords points="589,1365 589,1425 644,1425 644,1365"/>
                    <TextEquiv>
                        <Unicode>sehr</Unicode>
                    </TextEquiv>
                </Word>
                <Word id="tr_1_tl_18_w6" custom="readingOrder {index:5;}">
                    <Coords points="673,1367 673,1427 757,1427 757,1367"/>
                    <TextEquiv>
                        <Unicode>wohl</Unicode>
                    </TextEquiv>
                </Word>
                <Word id="tr_1_tl_18_w7" custom="readingOrder {index:6;}">
                    <Coords points="781,1368 781,1428 803,1428 803,1368"/>
                    <TextEquiv>
                        <Unicode>in</Unicode>
                    </TextEquiv>
                </Word>
                <Word id="tr_1_tl_18_w8" custom="readingOrder {index:7;}">
                    <Coords points="837,1369 837,1429 887,1429 887,1369"/>
                    <TextEquiv>
                        <Unicode>der</Unicode>
                    </TextEquiv>
                </Word>
                <Word id="tr_1_tl_18_w9" custom="readingOrder {index:8;}">
                    <Coords points="911,1374 911,1434 1088,1434 1088,1374"/>
                    <TextEquiv>
                        <Unicode>behaglichen</Unicode>
                    </TextEquiv>
                </Word>
                <Word id="tr_1_tl_18_w10" custom="readingOrder {index:9;}">
                    <Coords points="1126,1377 1126,1437 1317,1437 1317,1377"/>
                    <TextEquiv>
                        <Unicode>Atmosphäre</Unicode>
                    </TextEquiv>
                </Word>
                <TextEquiv>
                    <Unicode>liener fühlten sich doch sehr wohl in der behaglichen Atmosphäre</Unicode>
                </TextEquiv>
            </TextLine>
            <TextLine id="tr_1_tl_19" custom="readingOrder {index:18;}">
                <Coords points="168,1450 1315,1466 1279,1424 168,1411"/>
                <Baseline points="176,1438 233,1438 290,1440 347,1441 404,1441 461,1442 518,1444 576,1444 633,1446 690,1445 747,1447 804,1447 861,1450 918,1450 976,1453 1033,1453 1090,1453 1147,1455 1204,1456 1261,1457 1319,1459"/>
                <Word id="tr_1_tl_19_w1" custom="readingOrder {index:0;}">
                    <Coords points="166,1398 166,1458 214,1458 214,1398"/>
                    <TextEquiv>
                        <Unicode>von</Unicode>
                    </TextEquiv>
                </Word>
                <Word id="tr_1_tl_19_w2" custom="readingOrder {index:1;}">
                    <Coords points="250,1400 250,1460 430,1460 430,1400"/>
                    <TextEquiv>
                        <Unicode>Kaffeehaus</Unicode>
                    </TextEquiv>
                </Word>
                <Word id="tr_1_tl_19_w3" custom="readingOrder {index:2;}">
                    <Coords points="466,1403 466,1463 518,1463 518,1403"/>
                    <TextEquiv>
                        <Unicode>und</Unicode>
                    </TextEquiv>
                </Word>
                <Word id="tr_1_tl_19_w4" custom="readingOrder {index:3;}">
                    <Coords points="549,1405 549,1465 698,1465 698,1405"/>
                    <TextEquiv>
                        <Unicode>Operette,</Unicode>
                    </TextEquiv>
                </Word>
                <Word id="tr_1_tl_19_w5" custom="readingOrder {index:4;}">
                    <Coords points="721,1407 721,1467 888,1467 888,1407"/>
                    <TextEquiv>
                        <Unicode>freundeten</Unicode>
                    </TextEquiv>
                </Word>
                <Word id="tr_1_tl_19_w6" custom="readingOrder {index:5;}">
                    <Coords points="923,1411 923,1471 967,1471 967,1411"/>
                    <TextEquiv>
                        <Unicode>sich</Unicode>
                    </TextEquiv>
                </Word>
                <Word id="tr_1_tl_19_w7" custom="readingOrder {index:6;}">
                    <Coords points="1003,1413 1003,1473 1059,1473 1059,1413"/>
                    <TextEquiv>
                        <Unicode>mit</Unicode>
                    </TextEquiv>
                </Word>
                <Word id="tr_1_tl_19_w8" custom="readingOrder {index:7;}">
                    <Coords points="1086,1413 1086,1473 1134,1473 1134,1413"/>
                    <TextEquiv>
                        <Unicode>der</Unicode>
                    </TextEquiv>
                </Word>
                <Word id="tr_1_tl_19_w9" custom="readingOrder {index:8;}">
                    <Coords points="1165,1416 1165,1476 1310,1476 1310,1416"/>
                    <TextEquiv>
                        <Unicode>Literatur</Unicode>
                    </TextEquiv>
                </Word>
                <TextEquiv>
                    <Unicode>von Kaffeehaus und Operette, freundeten sich mit der Literatur</Unicode>
                </TextEquiv>
            </TextLine>
            <TextLine id="tr_1_tl_20" custom="readingOrder {index:19;}">
                <Coords points="162,1483 1277,1511 1318,1471 160,1447"/>
                <Baseline points="170,1474 227,1477 285,1479 342,1480 400,1480 458,1481 515,1483 573,1483 630,1484 688,1486 746,1486 803,1486 861,1489 918,1489 976,1489 1034,1492 1091,1492 1149,1495 1206,1492 1264,1495 1322,1498"/>
                <Word id="tr_1_tl_20_w1" custom="readingOrder {index:0;}">
                    <Coords points="163,1435 163,1495 217,1495 217,1435"/>
                    <TextEquiv>
                        <Unicode>und</Unicode>
                    </TextEquiv>
                </Word>
                <Word id="tr_1_tl_20_w2" custom="readingOrder {index:1;}">
                    <Coords points="245,1439 245,1499 344,1499 344,1439"/>
                    <TextEquiv>
                        <Unicode>Musik</Unicode>
                    </TextEquiv>
                </Word>
                <Word id="tr_1_tl_20_w3" custom="readingOrder {index:2;}">
                    <Coords points="372,1440 372,1500 404,1500 404,1440"/>
                    <TextEquiv>
                        <Unicode>an</Unicode>
                    </TextEquiv>
                </Word>
                <Word id="tr_1_tl_20_w4" custom="readingOrder {index:3;}">
                    <Coords points="440,1441 440,1501 494,1501 494,1441"/>
                    <TextEquiv>
                        <Unicode>und</Unicode>
                    </TextEquiv>
                </Word>
                <Word id="tr_1_tl_20_w5" custom="readingOrder {index:4;}">
                    <Coords points="527,1443 527,1503 613,1503 613,1443"/>
                    <TextEquiv>
                        <Unicode>haben</Unicode>
                    </TextEquiv>
                </Word>
                <Word id="tr_1_tl_20_w6" custom="readingOrder {index:5;}">
                    <Coords points="650,1445 650,1505 690,1505 690,1445"/>
                    <TextEquiv>
                        <Unicode>oft</Unicode>
                    </TextEquiv>
                </Word>
                <Word id="tr_1_tl_20_w7" custom="readingOrder {index:6;}">
                    <Coords points="718,1446 718,1506 763,1506 763,1446"/>
                    <TextEquiv>
                        <Unicode>bis</Unicode>
                    </TextEquiv>
                </Word>
                <Word id="tr_1_tl_20_w8" custom="readingOrder {index:7;}">
                    <Coords points="790,1447 790,1507 876,1507 876,1447"/>
                    <TextEquiv>
                        <Unicode>heute</Unicode>
                    </TextEquiv>
                </Word>
                <Word id="tr_1_tl_20_w9" custom="readingOrder {index:8;}">
                    <Coords points="904,1449 904,1509 976,1509 976,1449"/>
                    <TextEquiv>
                        <Unicode>ihrem</Unicode>
                    </TextEquiv>
                </Word>
                <Word id="tr_1_tl_20_w10" custom="readingOrder {index:9;}">
                    <Coords points="1022,1453 1022,1513 1213,1513 1213,1453"/>
                    <TextEquiv>
                        <Unicode>Geistesleben</Unicode>
                    </TextEquiv>
                </Word>
                <Word id="tr_1_tl_20_w11" custom="readingOrder {index:10;}">
                    <Coords points="1268,1456 1268,1516 1308,1516 1308,1456"/>
                    <TextEquiv>
                        <Unicode>ein</Unicode>
                    </TextEquiv>
                </Word>
                <TextEquiv>
                    <Unicode>und Musik an und haben oft bis heute ihrem Geistesleben ein</Unicode>
                </TextEquiv>
            </TextLine>
            <TextLine id="tr_1_tl_21" custom="readingOrder {index:20;}">
                <Coords points="159,1521 1321,1546 1320,1502 1243,1497 159,1485"/>
                <Baseline points="167,1513 224,1516 282,1518 340,1519 398,1519 456,1519 514,1519 572,1522 630,1522 688,1522 746,1525 803,1526 861,1530 919,1529 977,1528 1035,1529 1093,1531 1151,1531 1209,1534 1267,1534 1325,1534"/>
                <Word id="tr_1_tl_21_w1" custom="readingOrder {index:0;}">
                    <Coords points="162,1476 162,1536 311,1536 311,1476"/>
                    <TextEquiv>
                        <Unicode>doppeltes</Unicode>
                    </TextEquiv>
                </Word>
                <Word id="tr_1_tl_21_w2" custom="readingOrder {index:1;}">
                    <Coords points="348,1479 348,1539 457,1539 457,1479"/>
                    <TextEquiv>
                        <Unicode>Antlitz</Unicode>
                    </TextEquiv>
                </Word>
                <Word id="tr_1_tl_21_w3" custom="readingOrder {index:2;}">
                    <Coords points="485,1481 485,1541 634,1541 634,1481"/>
                    <TextEquiv>
                        <Unicode>bewahrt.</Unicode>
                    </TextEquiv>
                </Word>
                <Word id="tr_1_tl_21_w4" custom="readingOrder {index:3;}">
                    <Coords points="680,1482 680,1542 729,1542 729,1482"/>
                    <TextEquiv>
                        <Unicode>Ein</Unicode>
                    </TextEquiv>
                </Word>
                <Word id="tr_1_tl_21_w5" custom="readingOrder {index:4;}">
                    <Coords points="771,1486 771,1546 843,1546 843,1486"/>
                    <TextEquiv>
                        <Unicode>nicht</Unicode>
                    </TextEquiv>
                </Word>
                <Word id="tr_1_tl_21_w6" custom="readingOrder {index:5;}">
                    <Coords points="880,1489 880,1549 902,1549 902,1489"/>
                    <TextEquiv>
                        <Unicode>zu</Unicode>
                    </TextEquiv>
                </Word>
                <Word id="tr_1_tl_21_w7" custom="readingOrder {index:6;}">
                    <Coords points="939,1489 939,1549 1148,1549 1148,1489"/>
                    <TextEquiv>
                        <Unicode>übersehendes</Unicode>
                    </TextEquiv>
                </Word>
                <Word id="tr_1_tl_21_w8" custom="readingOrder {index:7;}">
                    <Coords points="1185,1494 1185,1554 1316,1554 1316,1494"/>
                    <TextEquiv>
                        <Unicode>Element</Unicode>
                    </TextEquiv>
                </Word>
                <TextEquiv>
                    <Unicode>doppeltes Antlitz bewahrt. Ein nicht zu übersehendes Element</Unicode>
                </TextEquiv>
            </TextLine>
            <TextLine id="tr_1_tl_22" custom="readingOrder {index:21;}">
                <Coords points="159,1558 1318,1587 1291,1538 159,1523"/>
                <Baseline points="167,1552 224,1555 282,1555 340,1558 398,1558 455,1558 513,1558 571,1561 629,1561 686,1563 744,1564 802,1564 860,1565 917,1567 975,1567 1033,1570 1091,1570 1148,1570 1206,1571 1264,1573 1322,1576"/>
                <Word id="tr_1_tl_22_w1" custom="readingOrder {index:0;}">
                    <Coords points="162,1514 162,1574 249,1574 249,1514"/>
                    <TextEquiv>
                        <Unicode>bildet</Unicode>
                    </TextEquiv>
                </Word>
                <Word id="tr_1_tl_22_w2" custom="readingOrder {index:1;}">
                    <Coords points="276,1516 276,1576 364,1576 364,1516"/>
                    <TextEquiv>
                        <Unicode>dabei</Unicode>
                    </TextEquiv>
                </Word>
                <Word id="tr_1_tl_22_w3" custom="readingOrder {index:2;}">
                    <Coords points="391,1518 391,1578 444,1578 444,1518"/>
                    <TextEquiv>
                        <Unicode>das</Unicode>
                    </TextEquiv>
                </Word>
                <Word id="tr_1_tl_22_w4" custom="readingOrder {index:3;}">
                    <Coords points="475,1519 475,1579 598,1579 598,1519"/>
                    <TextEquiv>
                        <Unicode>Triester</Unicode>
                    </TextEquiv>
                </Word>
                <Word id="tr_1_tl_22_w5" custom="readingOrder {index:4;}">
                    <Coords points="625,1523 625,1583 775,1583 775,1523"/>
                    <TextEquiv>
                        <Unicode>Judentum</Unicode>
                    </TextEquiv>
                </Word>
                <Word id="tr_1_tl_22_w6" custom="readingOrder {index:5;}">
                    <Coords points="824,1524 824,1584 876,1584 876,1524"/>
                    <TextEquiv>
                        <Unicode>und</Unicode>
                    </TextEquiv>
                </Word>
                <Word id="tr_1_tl_22_w7" custom="readingOrder {index:6;}">
                    <Coords points="908,1527 908,1587 1009,1587 1009,1527"/>
                    <TextEquiv>
                        <Unicode>gerade</Unicode>
                    </TextEquiv>
                </Word>
                <Word id="tr_1_tl_22_w8" custom="readingOrder {index:7;}">
                    <Coords points="1040,1530 1040,1590 1093,1590 1093,1530"/>
                    <TextEquiv>
                        <Unicode>von</Unicode>
                    </TextEquiv>
                </Word>
                <Word id="tr_1_tl_22_w9" custom="readingOrder {index:8;}">
                    <Coords points="1129,1530 1129,1590 1194,1590 1194,1530"/>
                    <TextEquiv>
                        <Unicode>dort</Unicode>
                    </TextEquiv>
                </Word>
                <Word id="tr_1_tl_22_w10" custom="readingOrder {index:9;}">
                    <Coords points="1217,1533 1217,1593 1313,1593 1313,1533"/>
                    <TextEquiv>
                        <Unicode>dürfte</Unicode>
                    </TextEquiv>
                </Word>
                <TextEquiv>
                    <Unicode>bildet dabei das Triester Judentum und gerade von dort dürfte</Unicode>
                </TextEquiv>
            </TextLine>
            <TextLine id="tr_1_tl_23" custom="readingOrder {index:22;}">
                <Coords points="168,1598 1159,1624 1312,1621 1312,1586 166,1560"/>
                <Baseline points="176,1593 233,1593 290,1595 347,1596 404,1596 461,1597 518,1599 575,1599 632,1600 689,1601 746,1601 803,1602 860,1602 917,1604 974,1605 1031,1605 1088,1608 1145,1608 1202,1608 1259,1609 1316,1611"/>
                <Word id="tr_1_tl_23_w1" custom="readingOrder {index:0;}">
                    <Coords points="160,1553 160,1613 209,1613 209,1553"/>
                    <TextEquiv>
                        <Unicode>das</Unicode>
                    </TextEquiv>
                </Word>
                <Word id="tr_1_tl_23_w2" custom="readingOrder {index:1;}">
                    <Coords points="237,1555 237,1615 414,1615 414,1555"/>
                    <TextEquiv>
                        <Unicode>auffallende</Unicode>
                    </TextEquiv>
                </Word>
                <Word id="tr_1_tl_23_w3" custom="readingOrder {index:2;}">
                    <Coords points="437,1558 437,1618 578,1618 578,1558"/>
                    <TextEquiv>
                        <Unicode>Interesse</Unicode>
                    </TextEquiv>
                </Word>
                <Word id="tr_1_tl_23_w4" custom="readingOrder {index:3;}">
                    <Coords points="602,1559 602,1619 624,1619 624,1559"/>
                    <TextEquiv>
                        <Unicode>in</Unicode>
                    </TextEquiv>
                </Word>
                <Word id="tr_1_tl_23_w5" custom="readingOrder {index:4;}">
                    <Coords points="652,1561 652,1621 761,1621 761,1561"/>
                    <TextEquiv>
                        <Unicode>Italien</Unicode>
                    </TextEquiv>
                </Word>
                <Word id="tr_1_tl_23_w6" custom="readingOrder {index:5;}">
                    <Coords points="793,1562 793,1622 824,1622 824,1562"/>
                    <TextEquiv>
                        <Unicode>an</Unicode>
                    </TextEquiv>
                </Word>
                <Word id="tr_1_tl_23_w7" custom="readingOrder {index:6;}">
                    <Coords points="852,1564 852,1624 1006,1624 1006,1564"/>
                    <TextEquiv>
                        <Unicode>Schnitzler</Unicode>
                    </TextEquiv>
                </Word>
                <Word id="tr_1_tl_23_w8" custom="readingOrder {index:7;}">
                    <Coords points="1035,1567 1035,1627 1107,1627 1107,1567"/>
                    <TextEquiv>
                        <Unicode>einen</Unicode>
                    </TextEquiv>
                </Word>
                <Word id="tr_1_tl_23_w9" custom="readingOrder {index:8;}">
                    <Coords points="1139,1568 1139,1628 1302,1628 1302,1568"/>
                    <TextEquiv>
                        <Unicode>5esonderen</Unicode>
                    </TextEquiv>
                </Word>
                <TextEquiv>
                    <Unicode>das auffallende Interesse in Italien an Schnitzler einen 5esonderen</Unicode>
                </TextEquiv>
            </TextLine>
            <TextLine id="tr_1_tl_24" custom="readingOrder {index:23;}">
                <Coords points="159,1639 1312,1659 1297,1616 159,1596"/>
                <Baseline points="167,1626 224,1630 281,1632 339,1635 396,1635 454,1635 511,1635 569,1638 626,1638 684,1638 741,1638 798,1641 856,1641 913,1643 971,1644 1028,1644 1086,1646 1143,1647 1201,1647 1258,1648 1316,1644"/>
                <Word id="tr_1_tl_24_w1" custom="readingOrder {index:0;}">
                    <Coords points="161,1589 161,1649 281,1649 281,1589"/>
                    <TextEquiv>
                        <Unicode>Antrieb</Unicode>
                    </TextEquiv>
                </Word>
                <Word id="tr_1_tl_24_w2" custom="readingOrder {index:1;}">
                    <Coords points="311,1595 311,1655 473,1655 473,1595"/>
                    <TextEquiv>
                        <Unicode>bekommen</Unicode>
                    </TextEquiv>
                </Word>
                <Word id="tr_1_tl_24_w3" custom="readingOrder {index:2;}">
                    <Coords points="499,1597 499,1657 610,1657 610,1597"/>
                    <TextEquiv>
                        <Unicode>haben;</Unicode>
                    </TextEquiv>
                </Word>
                <Word id="tr_1_tl_24_w4" custom="readingOrder {index:3;}">
                    <Coords points="632,1598 632,1658 683,1658 683,1598"/>
                    <TextEquiv>
                        <Unicode>von</Unicode>
                    </TextEquiv>
                </Word>
                <Word id="tr_1_tl_24_w5" custom="readingOrder {index:4;}">
                    <Coords points="713,1598 713,1658 782,1658 782,1598"/>
                    <TextEquiv>
                        <Unicode>dort</Unicode>
                    </TextEquiv>
                </Word>
                <Word id="tr_1_tl_24_w6" custom="readingOrder {index:5;}">
                    <Coords points="803,1601 803,1661 859,1661 859,1601"/>
                    <TextEquiv>
                        <Unicode>aus</Unicode>
                    </TextEquiv>
                </Word>
                <Word id="tr_1_tl_24_w7" custom="readingOrder {index:6;}">
                    <Coords points="885,1603 885,1663 957,1663 957,1603"/>
                    <TextEquiv>
                        <Unicode>wird</Unicode>
                    </TextEquiv>
                </Word>
                <Word id="tr_1_tl_24_w8" custom="readingOrder {index:7;}">
                    <Coords points="987,1604 987,1664 1051,1664 1051,1604"/>
                    <TextEquiv>
                        <Unicode>aber</Unicode>
                    </TextEquiv>
                </Word>
                <Word id="tr_1_tl_24_w9" custom="readingOrder {index:8;}">
                    <Coords points="1077,1606 1077,1666 1141,1666 1141,1606"/>
                    <TextEquiv>
                        <Unicode>auch</Unicode>
                    </TextEquiv>
                </Word>
                <Word id="tr_1_tl_24_w10" custom="readingOrder {index:9;}">
                    <Coords points="1171,1607 1171,1667 1209,1667 1209,1607"/>
                    <TextEquiv>
                        <Unicode>die</Unicode>
                    </TextEquiv>
                </Word>
                <Word id="tr_1_tl_24_w11" custom="readingOrder {index:10;}">
                    <Coords points="1240,1606 1240,1666 1312,1666 1312,1606"/>
                    <TextEquiv>
                        <Unicode>Auf¬</Unicode>
                    </TextEquiv>
                </Word>
                <TextEquiv>
                    <Unicode>Antrieb bekommen haben; von dort aus wird aber auch die Auf¬</Unicode>
                </TextEquiv>
            </TextLine>
            <TextLine id="tr_1_tl_25" custom="readingOrder {index:24;}">
                <Coords points="168,1677 1315,1699 1231,1650 168,1634"/>
                <Baseline points="176,1671 233,1671 290,1673 347,1674 404,1674 461,1674 518,1674 576,1674 633,1677 690,1677 747,1677 804,1680 861,1680 918,1680 976,1683 1033,1683 1090,1686 1147,1686 1204,1689 1261,1687 1319,1692"/>
                <Word id="tr_1_tl_25_w1" custom="readingOrder {index:0;}">
                    <Coords points="162,1631 162,1691 269,1691 269,1631"/>
                    <TextEquiv>
                        <Unicode>fassung</Unicode>
                    </TextEquiv>
                </Word>
                <Word id="tr_1_tl_25_w2" custom="readingOrder {index:1;}">
                    <Coords points="302,1634 302,1694 465,1694 465,1634"/>
                    <TextEquiv>
                        <Unicode>gefördert,</Unicode>
                    </TextEquiv>
                </Word>
                <Word id="tr_1_tl_25_w3" custom="readingOrder {index:2;}">
                    <Coords points="488,1634 488,1694 530,1694 530,1634"/>
                    <TextEquiv>
                        <Unicode>als</Unicode>
                    </TextEquiv>
                </Word>
                <Word id="tr_1_tl_25_w4" custom="readingOrder {index:3;}">
                    <Coords points="559,1635 559,1695 637,1695 637,1635"/>
                    <TextEquiv>
                        <Unicode>wäre</Unicode>
                    </TextEquiv>
                </Word>
                <Word id="tr_1_tl_25_w5" custom="readingOrder {index:4;}">
                    <Coords points="671,1637 671,1697 712,1697 712,1637"/>
                    <TextEquiv>
                        <Unicode>die</Unicode>
                    </TextEquiv>
                </Word>
                <Word id="tr_1_tl_25_w6" custom="readingOrder {index:5;}">
                    <Coords points="741,1640 741,1700 908,1700 908,1640"/>
                    <TextEquiv>
                        <Unicode>Ideenwelt</Unicode>
                    </TextEquiv>
                </Word>
                <Word id="tr_1_tl_25_w7" custom="readingOrder {index:6;}">
                    <Coords points="937,1642 937,1702 983,1702 983,1642"/>
                    <TextEquiv>
                        <Unicode>der</Unicode>
                    </TextEquiv>
                </Word>
                <Word id="tr_1_tl_25_w8" custom="readingOrder {index:7;}">
                    <Coords points="1012,1646 1012,1706 1184,1706 1184,1646"/>
                    <TextEquiv>
                        <Unicode>Schnitzler,</Unicode>
                    </TextEquiv>
                </Word>
                <Word id="tr_1_tl_25_w9" custom="readingOrder {index:8;}">
                    <Coords points="1203,1647 1203,1707 1314,1707 1314,1647"/>
                    <TextEquiv>
                        <Unicode>Freud.</Unicode>
                    </TextEquiv>
                </Word>
                <TextEquiv>
                    <Unicode>fassung gefördert, als wäre die Ideenwelt der Schnitzler, Freud.</Unicode>
                </TextEquiv>
            </TextLine>
            <TextLine id="tr_1_tl_26" custom="readingOrder {index:25;}">
                <Coords points="170,1728 1314,1737 1298,1692 168,1679"/>
                <Baseline points="176,1707 233,1710 290,1710 347,1710 404,1710 461,1713 518,1715 575,1713 632,1716 689,1716 746,1718 803,1719 860,1721 917,1721 974,1722 1031,1722 1088,1723 1145,1725 1202,1725 1259,1728 1316,1725"/>
                <Word id="tr_1_tl_26_w1" custom="readingOrder {index:0;}">
                    <Coords points="167,1668 167,1728 258,1728 258,1668"/>
                    <TextEquiv>
                        <Unicode>Zweig</Unicode>
                    </TextEquiv>
                </Word>
                <Word id="tr_1_tl_26_w2" custom="readingOrder {index:1;}">
                    <Coords points="292,1670 292,1730 349,1730 349,1670"/>
                    <TextEquiv>
                        <Unicode>und</Unicode>
                    </TextEquiv>
                </Word>
                <Word id="tr_1_tl_26_w3" custom="readingOrder {index:2;}">
                    <Coords points="383,1670 383,1730 440,1730 440,1670"/>
                    <TextEquiv>
                        <Unicode>wie</Unicode>
                    </TextEquiv>
                </Word>
                <Word id="tr_1_tl_26_w4" custom="readingOrder {index:3;}">
                    <Coords points="474,1674 474,1734 507,1734 507,1674"/>
                    <TextEquiv>
                        <Unicode>sie</Unicode>
                    </TextEquiv>
                </Word>
                <Word id="tr_1_tl_26_w5" custom="readingOrder {index:4;}">
                    <Coords points="541,1673 541,1733 598,1733 598,1673"/>
                    <TextEquiv>
                        <Unicode>alle</Unicode>
                    </TextEquiv>
                </Word>
                <Word id="tr_1_tl_26_w6" custom="readingOrder {index:5;}">
                    <Coords points="627,1676 627,1736 747,1736 747,1676"/>
                    <TextEquiv>
                        <Unicode>heißen,</Unicode>
                    </TextEquiv>
                </Word>
                <Word id="tr_1_tl_26_w7" custom="readingOrder {index:6;}">
                    <Coords points="776,1679 776,1739 876,1739 876,1679"/>
                    <TextEquiv>
                        <Unicode>typisch</Unicode>
                    </TextEquiv>
                </Word>
                <Word id="tr_1_tl_26_w8" custom="readingOrder {index:7;}">
                    <Coords points="910,1681 910,1741 1015,1741 1015,1681"/>
                    <TextEquiv>
                        <Unicode>deutsch</Unicode>
                    </TextEquiv>
                </Word>
                <Word id="tr_1_tl_26_w9" custom="readingOrder {index:8;}">
                    <Coords points="1054,1682 1054,1742 1106,1742 1106,1682"/>
                    <TextEquiv>
                        <Unicode>und</Unicode>
                    </TextEquiv>
                </Word>
                <Word id="tr_1_tl_26_w10" custom="readingOrder {index:9;}">
                    <Coords points="1145,1685 1145,1745 1202,1745 1202,1685"/>
                    <TextEquiv>
                        <Unicode>hier</Unicode>
                    </TextEquiv>
                </Word>
                <Word id="tr_1_tl_26_w11" custom="readingOrder {index:10;}">
                    <Coords points="1237,1687 1237,1747 1308,1747 1308,1687"/>
                    <TextEquiv>
                        <Unicode>wird</Unicode>
                    </TextEquiv>
                </Word>
                <TextEquiv>
                    <Unicode>Zweig und wie sie alle heißen, typisch deutsch und hier wird</Unicode>
                </TextEquiv>
            </TextLine>
            <TextLine id="tr_1_tl_27" custom="readingOrder {index:26;}">
                <Coords points="166,1761 1318,1786 1317,1734 165,1717"/>
                <Baseline points="173,1749 230,1749 287,1749 345,1749 402,1752 460,1752 517,1752 575,1752 632,1755 690,1755 747,1755 804,1758 862,1758 919,1760 977,1761 1034,1762 1092,1764 1149,1764 1207,1767 1264,1767 1322,1767"/>
                <Word id="tr_1_tl_27_w1" custom="readingOrder {index:0;}">
                    <Coords points="159,1709 159,1769 199,1769 199,1709"/>
                    <TextEquiv>
                        <Unicode>sich</Unicode>
                    </TextEquiv>
                </Word>
                <Word id="tr_1_tl_27_w2" custom="readingOrder {index:1;}">
                    <Coords points="232,1709 232,1769 368,1769 368,1709"/>
                    <TextEquiv>
                        <Unicode>mancher</Unicode>
                    </TextEquiv>
                </Word>
                <Word id="tr_1_tl_27_w3" custom="readingOrder {index:2;}">
                    <Coords points="400,1712 400,1772 449,1772 449,1712"/>
                    <TextEquiv>
                        <Unicode>von</Unicode>
                    </TextEquiv>
                </Word>
                <Word id="tr_1_tl_27_w4" custom="readingOrder {index:3;}">
                    <Coords points="486,1712 486,1772 540,1772 540,1712"/>
                    <TextEquiv>
                        <Unicode>uns</Unicode>
                    </TextEquiv>
                </Word>
                <Word id="tr_1_tl_27_w5" custom="readingOrder {index:4;}">
                    <Coords points="573,1715 573,1775 731,1775 731,1715"/>
                    <TextEquiv>
                        <Unicode>veranlaßt</Unicode>
                    </TextEquiv>
                </Word>
                <Word id="tr_1_tl_27_w6" custom="readingOrder {index:5;}">
                    <Coords points="759,1718 759,1778 854,1778 854,1718"/>
                    <TextEquiv>
                        <Unicode>sehen,</Unicode>
                    </TextEquiv>
                </Word>
                <Word id="tr_1_tl_27_w7" custom="readingOrder {index:6;}">
                    <Coords points="877,1719 877,1779 922,1779 922,1719"/>
                    <TextEquiv>
                        <Unicode>die</Unicode>
                    </TextEquiv>
                </Word>
                <Word id="tr_1_tl_27_w8" custom="readingOrder {index:7;}">
                    <Coords points="950,1722 950,1782 1136,1782 1136,1722"/>
                    <TextEquiv>
                        <Unicode>italienischen</Unicode>
                    </TextEquiv>
                </Word>
                <Word id="tr_1_tl_27_w9" custom="readingOrder {index:8;}">
                    <Coords points="1173,1727 1173,1787 1308,1787 1308,1727"/>
                    <TextEquiv>
                        <Unicode>Freunde</Unicode>
                    </TextEquiv>
                </Word>
                <TextEquiv>
                    <Unicode>sich mancher von uns veranlaßt sehen, die italienischen Freunde</Unicode>
                </TextEquiv>
            </TextLine>
            <TextLine id="tr_1_tl_28" custom="readingOrder {index:27;}">
                <Coords points="156,1812 301,1792 758,1824 822,1796 857,1821 981,1815 981,1778 154,1755"/>
                <Baseline points="164,1784 205,1787 246,1787 287,1789 328,1790 369,1790 410,1790 451,1790 492,1791 533,1793 574,1793 615,1793 656,1796 697,1793 738,1795 779,1796 820,1796 861,1796 902,1797 943,1799 985,1799"/>
                <Word id="tr_1_tl_28_w1" custom="readingOrder {index:0;}">
                    <Coords points="157,1747 157,1807 273,1807 273,1747"/>
                    <TextEquiv>
                        <Unicode>unserer</Unicode>
                    </TextEquiv>
                </Word>
                <Word id="tr_1_tl_28_w2" custom="readingOrder {index:1;}">
                    <Coords points="307,1750 307,1810 456,1810 456,1750"/>
                    <TextEquiv>
                        <Unicode>Literatur</Unicode>
                    </TextEquiv>
                </Word>
                <Word id="tr_1_tl_28_w3" custom="readingOrder {index:2;}">
                    <Coords points="490,1752 490,1812 564,1812 564,1752"/>
                    <TextEquiv>
                        <Unicode>eines</Unicode>
                    </TextEquiv>
                </Word>
                <Word id="tr_1_tl_28_w4" custom="readingOrder {index:3;}">
                    <Coords points="597,1755 597,1815 728,1815 728,1755"/>
                    <TextEquiv>
                        <Unicode>Besseren</Unicode>
                    </TextEquiv>
                </Word>
                <Word id="tr_1_tl_28_w5" custom="readingOrder {index:4;}">
                    <Coords points="766,1756 766,1816 793,1816 793,1756"/>
                    <TextEquiv>
                        <Unicode>zu</Unicode>
                    </TextEquiv>
                </Word>
                <Word id="tr_1_tl_28_w6" custom="readingOrder {index:5;}">
                    <Coords points="826,1756 826,1816 975,1816 975,1756"/>
                    <TextEquiv>
                        <Unicode>belehren.</Unicode>
                    </TextEquiv>
                </Word>
                <TextEquiv>
                    <Unicode>unserer Literatur eines Besseren zu belehren.</Unicode>
                </TextEquiv>
            </TextLine>
            <TextLine id="tr_1_tl_29" custom="readingOrder {index:28;}">
                <Coords points="272,1883 1136,1920 1204,1905 1202,1822 718,1851 614,1816 270,1819"/>
                <Baseline points="280,1874 326,1877 372,1877 419,1877 465,1880 512,1880 558,1880 604,1880 651,1881 697,1883 744,1883 790,1884 836,1886 883,1886 929,1886 976,1886 1022,1888 1068,1889 1115,1889 1161,1889 1208,1889"/>
                <Word id="tr_1_tl_29_w1" custom="readingOrder {index:0;}">
                    <Coords points="274,1835 274,1895 346,1895 346,1835"/>
                    <TextEquiv>
                        <Unicode>Ein</Unicode>
                    </TextEquiv>
                </Word>
                <Word id="tr_1_tl_29_w2" custom="readingOrder {index:1;}">
                    <Coords points="383,1840 383,1900 754,1900 754,1840"/>
                    <TextEquiv>
                        <Unicode>Theater-Monat</Unicode>
                    </TextEquiv>
                </Word>
                <Word id="tr_1_tl_29_w3" custom="readingOrder {index:2;}">
                    <Coords points="784,1844 784,1904 812,1904 812,1844"/>
                    <TextEquiv>
                        <Unicode>in</Unicode>
                    </TextEquiv>
                </Word>
                <Word id="tr_1_tl_29_w4" custom="readingOrder {index:3;}">
                    <Coords points="849,1846 849,1906 1045,1906 1045,1846"/>
                    <TextEquiv>
                        <Unicode>Münster</Unicode>
                    </TextEquiv>
                </Word>
                <Word id="tr_1_tl_29_w5" custom="readingOrder {index:4;}">
                    <Coords points="1075,1849 1075,1909 1103,1909 1103,1849"/>
                    <TextEquiv>
                        <Unicode>i.</Unicode>
                    </TextEquiv>
                </Word>
                <Word id="tr_1_tl_29_w6" custom="readingOrder {index:5;}">
                    <Coords points="1133,1849 1133,1909 1197,1909 1197,1849"/>
                    <TextEquiv>
                        <Unicode>W.</Unicode>
                    </TextEquiv>
                </Word>
                <TextEquiv>
                    <Unicode>Ein Theater-Monat in Münster i. W.</Unicode>
                </TextEquiv>
            </TextLine>
            <TextLine id="tr_1_tl_30" custom="readingOrder {index:29;}">
                <Coords points="322,1963 452,1941 529,1967 1140,1960 1138,1914 1097,1906 321,1885"/>
                <Baseline points="331,1934 371,1934 412,1934 452,1936 493,1935 534,1936 574,1937 615,1938 655,1940 696,1940 737,1940 777,1940 818,1940 858,1940 899,1942 940,1943 980,1944 1021,1946 1061,1946 1102,1945 1143,1943"/>
                <Word id="tr_1_tl_30_w1" custom="readingOrder {index:0;}">
                    <Coords points="328,1894 328,1954 375,1954 375,1894"/>
                    <TextEquiv>
                        <Unicode>Um</Unicode>
                    </TextEquiv>
                </Word>
                <Word id="tr_1_tl_30_w2" custom="readingOrder {index:1;}">
                    <Coords points="417,1896 417,1956 487,1956 487,1896"/>
                    <TextEquiv>
                        <Unicode>die</Unicode>
                    </TextEquiv>
                </Word>
                <Word id="tr_1_tl_30_w3" custom="readingOrder {index:2;}">
                    <Coords points="511,1897 511,1957 699,1957 699,1897"/>
                    <TextEquiv>
                        <Unicode>Zukunfl</Unicode>
                    </TextEquiv>
                </Word>
                <Word id="tr_1_tl_30_w4" custom="readingOrder {index:3;}">
                    <Coords points="730,1900 730,1960 794,1960 794,1900"/>
                    <TextEquiv>
                        <Unicode>des</Unicode>
                    </TextEquiv>
                </Word>
                <Word id="tr_1_tl_30_w5" custom="readingOrder {index:4;}">
                    <Coords points="830,1903 830,1963 1119,1963 1119,1903"/>
                    <TextEquiv>
                        <Unicode>Musiklebens</Unicode>
                    </TextEquiv>
                </Word>
                <TextEquiv>
                    <Unicode>Um die Zukunfl des Musiklebens</Unicode>
                </TextEquiv>
            </TextLine>
            <TextLine id="tr_1_tl_31" custom="readingOrder {index:30;}">
                <Coords points="805,2004 1256,2018 1271,2012 1269,1961 1185,1966 1155,1943 1022,1970 881,1946 803,1960"/>
                <Baseline points="814,1996 839,1994 865,1993 890,1995 916,1996 941,1996 967,1997 992,1999 1018,1999 1044,1999 1069,1999 1095,1999 1120,1999 1146,2000 1171,2002 1197,2000 1222,1999 1248,2001 1274,2002"/>
                <Word id="tr_1_tl_31_w1" custom="readingOrder {index:0;}">
                    <Coords points="849,1956 849,2016 1004,2016 1004,1956"/>
                    <TextEquiv>
                        <Unicode>Münster,</Unicode>
                    </TextEquiv>
                </Word>
                <Word id="tr_1_tl_31_w2" custom="readingOrder {index:1;}">
                    <Coords points="1025,1959 1025,2019 1103,2019 1103,1959"/>
                    <TextEquiv>
                        <Unicode>Ende</Unicode>
                    </TextEquiv>
                </Word>
                <Word id="tr_1_tl_31_w3" custom="readingOrder {index:2;}">
                    <Coords points="1130,1959 1130,2019 1269,2019 1269,1959"/>
                    <TextEquiv>
                        <Unicode>Oktober.</Unicode>
                    </TextEquiv>
                </Word>
                <TextEquiv>
                    <Unicode>Münster, Ende Oktober.</Unicode>
                </TextEquiv>
            </TextLine>
            <TextLine id="tr_1_tl_32" custom="readingOrder {index:31;}">
                <Coords points="212,2047 1311,2056 1311,2013 212,1996"/>
                <Baseline points="220,2035 274,2033 329,2034 383,2034 438,2035 493,2038 547,2040 602,2038 657,2040 711,2041 766,2043 821,2042 875,2044 930,2044 985,2044 1039,2046 1094,2046 1149,2047 1203,2047 1258,2049 1313,2047"/>
                <Word id="tr_1_tl_32_w1" custom="readingOrder {index:0;}">
                    <Coords points="215,1993 215,2053 289,2053 289,1993"/>
                    <TextEquiv>
                        <Unicode>„Zur</Unicode>
                    </TextEquiv>
                </Word>
                <Word id="tr_1_tl_32_w2" custom="readingOrder {index:1;}">
                    <Coords points="322,1994 322,2054 532,2054 532,1994"/>
                    <TextEquiv>
                        <Unicode>Beruhigung,</Unicode>
                    </TextEquiv>
                </Word>
                <Word id="tr_1_tl_32_w3" custom="readingOrder {index:2;}">
                    <Coords points="556,1998 556,2058 602,2058 602,1998"/>
                    <TextEquiv>
                        <Unicode>die</Unicode>
                    </TextEquiv>
                </Word>
                <Word id="tr_1_tl_32_w4" custom="readingOrder {index:3;}">
                    <Coords points="630,2001 630,2061 835,2061 835,2001"/>
                    <TextEquiv>
                        <Unicode>Schimpansen</Unicode>
                    </TextEquiv>
                </Word>
                <Word id="tr_1_tl_32_w5" custom="readingOrder {index:4;}">
                    <Coords points="873,2004 873,2064 960,2064 960,2004"/>
                    <TextEquiv>
                        <Unicode>haben</Unicode>
                    </TextEquiv>
                </Word>
                <Word id="tr_1_tl_32_w6" custom="readingOrder {index:5;}">
                    <Coords points="998,2005 998,2065 1026,2065 1026,2005"/>
                    <TextEquiv>
                        <Unicode>es</Unicode>
                    </TextEquiv>
                </Word>
                <Word id="tr_1_tl_32_w7" custom="readingOrder {index:6;}">
                    <Coords points="1059,2006 1059,2066 1124,2066 1124,2006"/>
                    <TextEquiv>
                        <Unicode>auch</Unicode>
                    </TextEquiv>
                </Word>
                <Word id="tr_1_tl_32_w8" custom="readingOrder {index:7;}">
                    <Coords points="1157,2007 1157,2067 1231,2067 1231,2007"/>
                    <TextEquiv>
                        <Unicode>nicht</Unicode>
                    </TextEquiv>
                </Word>
                <Word id="tr_1_tl_32_w9" custom="readingOrder {index:8;}">
                    <Coords points="1259,2008 1259,2068 1305,2068 1305,2008"/>
                    <TextEquiv>
                        <Unicode>ge¬</Unicode>
                    </TextEquiv>
                </Word>
                <TextEquiv>
                    <Unicode>„Zur Beruhigung, die Schimpansen haben es auch nicht ge¬</Unicode>
                </TextEquiv>
            </TextLine>
            <TextLine id="tr_1_tl_33" custom="readingOrder {index:32;}">
                <Coords points="166,2076 1306,2097 1304,2054 1141,2045 165,2038"/>
                <Baseline points="173,2068 229,2073 286,2073 343,2074 400,2074 457,2075 514,2077 570,2077 627,2077 684,2080 741,2082 798,2080 855,2083 912,2083 968,2083 1025,2086 1082,2086 1139,2088 1196,2086 1253,2089 1310,2089"/>
                <Word id="tr_1_tl_33_w1" custom="readingOrder {index:0;}">
                    <Coords points="159,2032 159,2092 298,2092 298,2032"/>
                    <TextEquiv>
                        <Unicode>schafft!",</Unicode>
                    </TextEquiv>
                </Word>
                <Word id="tr_1_tl_33_w2" custom="readingOrder {index:1;}">
                    <Coords points="332,2034 332,2094 384,2094 384,2034"/>
                    <TextEquiv>
                        <Unicode>mit</Unicode>
                    </TextEquiv>
                </Word>
                <Word id="tr_1_tl_33_w3" custom="readingOrder {index:2;}">
                    <Coords points="418,2035 418,2095 504,2095 504,2035"/>
                    <TextEquiv>
                        <Unicode>dieser</Unicode>
                    </TextEquiv>
                </Word>
                <Word id="tr_1_tl_33_w4" custom="readingOrder {index:3;}">
                    <Coords points="557,2038 557,2098 739,2098 739,2038"/>
                    <TextEquiv>
                        <Unicode>resignierten</Unicode>
                    </TextEquiv>
                </Word>
                <Word id="tr_1_tl_33_w5" custom="readingOrder {index:4;}">
                    <Coords points="802,2043 802,2103 983,2103 983,2043"/>
                    <TextEquiv>
                        <Unicode>Bemerkung</Unicode>
                    </TextEquiv>
                </Word>
                <Word id="tr_1_tl_33_w6" custom="readingOrder {index:5;}">
                    <Coords points="1042,2046 1042,2106 1156,2106 1156,2046"/>
                    <TextEquiv>
                        <Unicode>schließt</Unicode>
                    </TextEquiv>
                </Word>
                <Word id="tr_1_tl_33_w7" custom="readingOrder {index:6;}">
                    <Coords points="1205,2048 1205,2108 1300,2108 1300,2048"/>
                    <TextEquiv>
                        <Unicode>Alfred</Unicode>
                    </TextEquiv>
                </Word>
                <TextEquiv>
                    <Unicode>schafft!", mit dieser resignierten Bemerkung schließt Alfred</Unicode>
                </TextEquiv>
            </TextLine>
            <TextLine id="tr_1_tl_34" custom="readingOrder {index:33;}">
                <Coords points="160,2116 1306,2137 1304,2097 1193,2088 159,2079"/>
                <Baseline points="167,2107 224,2110 281,2112 338,2113 395,2113 452,2113 509,2115 567,2116 624,2116 681,2116 738,2116 795,2116 852,2120 909,2122 967,2122 1024,2122 1081,2123 1138,2125 1195,2125 1252,2126 1310,2128"/>
                <Word id="tr_1_tl_34_w1" custom="readingOrder {index:0;}">
                    <Coords points="157,2070 157,2130 316,2130 316,2070"/>
                    <TextEquiv>
                        <Unicode>Bernau</Unicode>
                    </TextEquiv>
                </Word>
                <Word id="tr_1_tl_34_w2" custom="readingOrder {index:1;}">
                    <Coords points="356,2073 356,2133 377,2133 377,2073"/>
                    <TextEquiv>
                        <Unicode>im</Unicode>
                    </TextEquiv>
                </Word>
                <Word id="tr_1_tl_34_w3" custom="readingOrder {index:2;}">
                    <Coords points="427,2075 427,2135 674,2135 674,2075"/>
                    <TextEquiv>
                        <Unicode>Programmheft</Unicode>
                    </TextEquiv>
                </Word>
                <Word id="tr_1_tl_34_w4" custom="readingOrder {index:3;}">
                    <Coords points="701,2076 701,2136 749,2136 749,2076"/>
                    <TextEquiv>
                        <Unicode>des</Unicode>
                    </TextEquiv>
                </Word>
                <Word id="tr_1_tl_34_w5" custom="readingOrder {index:4;}">
                    <Coords points="785,2081 785,2141 1005,2141 1005,2081"/>
                    <TextEquiv>
                        <Unicode>Stadttheaters</Unicode>
                    </TextEquiv>
                </Word>
                <Word id="tr_1_tl_34_w6" custom="readingOrder {index:5;}">
                    <Coords points="1059,2083 1059,2143 1138,2143 1138,2083"/>
                    <TextEquiv>
                        <Unicode>einen</Unicode>
                    </TextEquiv>
                </Word>
                <Word id="tr_1_tl_34_w7" custom="readingOrder {index:6;}">
                    <Coords points="1191,2085 1191,2145 1306,2145 1306,2085"/>
                    <TextEquiv>
                        <Unicode>Artikel</Unicode>
                    </TextEquiv>
                </Word>
                <TextEquiv>
                    <Unicode>Bernau im Programmheft des Stadttheaters einen Artikel</Unicode>
                </TextEquiv>
            </TextLine>
            <TextLine id="tr_1_tl_35" custom="readingOrder {index:34;}">
                <Coords points="147,2155 1262,2184 1300,2135 145,2113"/>
                <Baseline points="155,2146 212,2150 269,2152 327,2152 384,2152 442,2152 499,2154 557,2155 614,2155 672,2157 729,2156 786,2158 844,2161 901,2161 959,2161 1016,2161 1074,2161 1131,2163 1189,2164 1246,2167 1304,2167"/>
                <Word id="tr_1_tl_35_w1" custom="readingOrder {index:0;}">
                    <Coords points="148,2107 148,2167 218,2167 218,2107"/>
                    <TextEquiv>
                        <Unicode>über</Unicode>
                    </TextEquiv>
                </Word>
                <Word id="tr_1_tl_35_w2" custom="readingOrder {index:1;}">
                    <Coords points="242,2112 242,2172 316,2172 316,2112"/>
                    <TextEquiv>
                        <Unicode>seine</Unicode>
                    </TextEquiv>
                </Word>
                <Word id="tr_1_tl_35_w3" custom="readingOrder {index:2;}">
                    <Coords points="339,2112 339,2172 581,2172 581,2112"/>
                    <TextEquiv>
                        <Unicode>Theaterpolitik.</Unicode>
                    </TextEquiv>
                </Word>
                <Word id="tr_1_tl_35_w4" custom="readingOrder {index:3;}">
                    <Coords points="596,2115 596,2175 646,2175 646,2115"/>
                    <TextEquiv>
                        <Unicode>Die</Unicode>
                    </TextEquiv>
                </Word>
                <Word id="tr_1_tl_35_w5" custom="readingOrder {index:4;}">
                    <Coords points="670,2116 670,2176 838,2176 838,2116"/>
                    <TextEquiv>
                        <Unicode>Hoffnung,</Unicode>
                    </TextEquiv>
                </Word>
                <Word id="tr_1_tl_35_w6" custom="readingOrder {index:5;}">
                    <Coords points="857,2121 857,2181 931,2181 931,2121"/>
                    <TextEquiv>
                        <Unicode>durch</Unicode>
                    </TextEquiv>
                </Word>
                <Word id="tr_1_tl_35_w7" custom="readingOrder {index:6;}">
                    <Coords points="960,2122 960,2182 1290,2182 1290,2122"/>
                    <TextEquiv>
                        <Unicode>Varietévorstellungen</Unicode>
                    </TextEquiv>
                </Word>
                <TextEquiv>
                    <Unicode>über seine Theaterpolitik. Die Hoffnung, durch Varietévorstellungen</Unicode>
                </TextEquiv>
            </TextLine>
            <TextLine id="tr_1_tl_36" custom="readingOrder {index:35;}">
                <Coords points="153,2197 1300,2210 1300,2172 153,2157"/>
                <Baseline points="161,2184 218,2187 275,2189 332,2190 389,2193 446,2191 503,2193 561,2193 618,2195 675,2194 732,2196 789,2196 846,2197 903,2199 961,2199 1018,2202 1075,2202 1132,2202 1189,2202 1246,2203 1304,2202"/>
                <Word id="tr_1_tl_36_w1" custom="readingOrder {index:0;}">
                    <Coords points="152,2146 152,2206 254,2206 254,2146"/>
                    <TextEquiv>
                        <Unicode>Gelder</Unicode>
                    </TextEquiv>
                </Word>
                <Word id="tr_1_tl_36_w2" custom="readingOrder {index:1;}">
                    <Coords points="291,2149 291,2209 343,2209 343,2149"/>
                    <TextEquiv>
                        <Unicode>zur</Unicode>
                    </TextEquiv>
                </Word>
                <Word id="tr_1_tl_36_w3" custom="readingOrder {index:2;}">
                    <Coords points="380,2152 380,2212 595,2212 595,2152"/>
                    <TextEquiv>
                        <Unicode>Unterstützung</Unicode>
                    </TextEquiv>
                </Word>
                <Word id="tr_1_tl_36_w4" custom="readingOrder {index:3;}">
                    <Coords points="632,2154 632,2214 711,2214 711,2154"/>
                    <TextEquiv>
                        <Unicode>eines</Unicode>
                    </TextEquiv>
                </Word>
                <Word id="tr_1_tl_36_w5" custom="readingOrder {index:4;}">
                    <Coords points="749,2157 749,2217 954,2217 954,2157"/>
                    <TextEquiv>
                        <Unicode>künstlerischen</Unicode>
                    </TextEquiv>
                </Word>
                <Word id="tr_1_tl_36_w6" custom="readingOrder {index:5;}">
                    <Coords points="997,2162 997,2222 1159,2222 1159,2162"/>
                    <TextEquiv>
                        <Unicode>wertvollen</Unicode>
                    </TextEquiv>
                </Word>
                <Word id="tr_1_tl_36_w7" custom="readingOrder {index:6;}">
                    <Coords points="1202,2162 1202,2222 1304,2222 1304,2162"/>
                    <TextEquiv>
                        <Unicode>Spiel¬</Unicode>
                    </TextEquiv>
                </Word>
                <TextEquiv>
                    <Unicode>Gelder zur Unterstützung eines künstlerischen wertvollen Spiel¬</Unicode>
                </TextEquiv>
            </TextLine>
            <TextLine id="tr_1_tl_37" custom="readingOrder {index:36;}">
                <Coords points="156,2235 1301,2252 1300,2212 1191,2201 156,2198"/>
                <Baseline points="164,2226 221,2226 278,2228 335,2231 392,2229 449,2230 506,2232 563,2232 620,2232 677,2232 734,2232 791,2235 848,2238 905,2238 962,2238 1019,2241 1076,2241 1133,2241 1190,2241 1247,2242 1304,2241"/>
                <Word id="tr_1_tl_37_w1" custom="readingOrder {index:0;}">
                    <Coords points="150,2186 150,2246 231,2246 231,2186"/>
                    <TextEquiv>
                        <Unicode>plans</Unicode>
                    </TextEquiv>
                </Word>
                <Word id="tr_1_tl_37_w2" custom="readingOrder {index:1;}">
                    <Coords points="263,2187 263,2247 290,2247 290,2187"/>
                    <TextEquiv>
                        <Unicode>zu</Unicode>
                    </TextEquiv>
                </Word>
                <Word id="tr_1_tl_37_w3" custom="readingOrder {index:2;}">
                    <Coords points="332,2189 332,2249 504,2249 504,2189"/>
                    <TextEquiv>
                        <Unicode>gewinnen,</Unicode>
                    </TextEquiv>
                </Word>
                <Word id="tr_1_tl_37_w4" custom="readingOrder {index:3;}">
                    <Coords points="527,2192 527,2252 632,2252 632,2192"/>
                    <TextEquiv>
                        <Unicode>erwies</Unicode>
                    </TextEquiv>
                </Word>
                <Word id="tr_1_tl_37_w5" custom="readingOrder {index:4;}">
                    <Coords points="664,2192 664,2252 709,2252 709,2192"/>
                    <TextEquiv>
                        <Unicode>sich</Unicode>
                    </TextEquiv>
                </Word>
                <Word id="tr_1_tl_37_w6" custom="readingOrder {index:5;}">
                    <Coords points="746,2193 746,2253 791,2253 791,2193"/>
                    <TextEquiv>
                        <Unicode>als</Unicode>
                    </TextEquiv>
                </Word>
                <Word id="tr_1_tl_37_w7" custom="readingOrder {index:6;}">
                    <Coords points="823,2198 823,2258 987,2258 987,2198"/>
                    <TextEquiv>
                        <Unicode>Fehlschlag</Unicode>
                    </TextEquiv>
                </Word>
                <Word id="tr_1_tl_37_w8" custom="readingOrder {index:7;}">
                    <Coords points="1042,2201 1042,2261 1096,2261 1096,2201"/>
                    <TextEquiv>
                        <Unicode>mit</Unicode>
                    </TextEquiv>
                </Word>
                <Word id="tr_1_tl_37_w9" custom="readingOrder {index:8;}">
                    <Coords points="1142,2201 1142,2261 1282,2261 1282,2201"/>
                    <TextEquiv>
                        <Unicode>obligatem</Unicode>
                    </TextEquiv>
                </Word>
                <TextEquiv>
                    <Unicode>plans zu gewinnen, erwies sich als Fehlschlag mit obligatem</Unicode>
                </TextEquiv>
            </TextLine>
            <TextLine id="tr_1_tl_38" custom="readingOrder {index:37;}">
                <Coords points="150,2270 1303,2293 1291,2250 150,2232"/>
                <Baseline points="158,2262 215,2265 272,2265 330,2268 387,2268 445,2269 502,2269 560,2271 617,2271 675,2273 732,2274 789,2274 847,2277 904,2277 962,2277 1019,2279 1077,2279 1134,2280 1192,2280 1249,2281 1307,2283"/>
                <Word id="tr_1_tl_38_w1" custom="readingOrder {index:0;}">
                    <Coords points="149,2225 149,2285 331,2285 331,2225"/>
                    <TextEquiv>
                        <Unicode>finanziellen</Unicode>
                    </TextEquiv>
                </Word>
                <Word id="tr_1_tl_38_w2" custom="readingOrder {index:1;}">
                    <Coords points="370,2228 370,2288 494,2288 494,2228"/>
                    <TextEquiv>
                        <Unicode>Fiasko.</Unicode>
                    </TextEquiv>
                </Word>
                <Word id="tr_1_tl_38_w3" custom="readingOrder {index:2;}">
                    <Coords points="534,2231 534,2291 586,2291 586,2231"/>
                    <TextEquiv>
                        <Unicode>Als</Unicode>
                    </TextEquiv>
                </Word>
                <Word id="tr_1_tl_38_w4" custom="readingOrder {index:3;}">
                    <Coords points="615,2232 615,2292 711,2292 711,2232"/>
                    <TextEquiv>
                        <Unicode>Ersatz</Unicode>
                    </TextEquiv>
                </Word>
                <Word id="tr_1_tl_38_w5" custom="readingOrder {index:4;}">
                    <Coords points="731,2234 731,2294 812,2294 812,2234"/>
                    <TextEquiv>
                        <Unicode>dient</Unicode>
                    </TextEquiv>
                </Word>
                <Word id="tr_1_tl_38_w6" custom="readingOrder {index:5;}">
                    <Coords points="831,2237 831,2297 893,2297 893,2237"/>
                    <TextEquiv>
                        <Unicode>jetzt</Unicode>
                    </TextEquiv>
                </Word>
                <Word id="tr_1_tl_38_w7" custom="readingOrder {index:6;}">
                    <Coords points="918,2237 918,2297 956,2297 956,2237"/>
                    <TextEquiv>
                        <Unicode>die</Unicode>
                    </TextEquiv>
                </Word>
                <Word id="tr_1_tl_38_w8" custom="readingOrder {index:7;}">
                    <Coords points="981,2239 981,2299 1129,2299 1129,2239"/>
                    <TextEquiv>
                        <Unicode>Operette.</Unicode>
                    </TextEquiv>
                </Word>
                <Word id="tr_1_tl_38_w9" custom="readingOrder {index:8;}">
                    <Coords points="1154,2240 1154,2300 1297,2300 1297,2240"/>
                    <TextEquiv>
                        <Unicode>Während</Unicode>
                    </TextEquiv>
                </Word>
                <TextEquiv>
                    <Unicode>finanziellen Fiasko. Als Ersatz dient jetzt die Operette. Während</Unicode>
                </TextEquiv>
            </TextLine>
            <TextLine id="tr_1_tl_39" custom="readingOrder {index:38;}">
                <Coords points="141,2311 1301,2328 1237,2288 141,2276"/>
                <Baseline points="149,2301 206,2304 264,2306 322,2307 380,2307 437,2307 495,2307 553,2310 611,2310 668,2310 726,2313 784,2313 842,2313 899,2315 957,2316 1015,2316 1073,2318 1130,2319 1188,2321 1246,2319 1304,2319"/>
                <Word id="tr_1_tl_39_w1" custom="readingOrder {index:0;}">
                    <Coords points="144,2261 144,2321 186,2321 186,2261"/>
                    <TextEquiv>
                        <Unicode>die</Unicode>
                    </TextEquiv>
                </Word>
                <Word id="tr_1_tl_39_w2" custom="readingOrder {index:1;}">
                    <Coords points="214,2265 214,2325 293,2325 293,2265"/>
                    <TextEquiv>
                        <Unicode>Oper</Unicode>
                    </TextEquiv>
                </Word>
                <Word id="tr_1_tl_39_w3" custom="readingOrder {index:2;}">
                    <Coords points="322,2267 322,2327 391,2327 391,2267"/>
                    <TextEquiv>
                        <Unicode>über</Unicode>
                    </TextEquiv>
                </Word>
                <Word id="tr_1_tl_39_w4" custom="readingOrder {index:3;}">
                    <Coords points="419,2267 419,2327 470,2327 470,2267"/>
                    <TextEquiv>
                        <Unicode>den</Unicode>
                    </TextEquiv>
                </Word>
                <Word id="tr_1_tl_39_w5" custom="readingOrder {index:4;}">
                    <Coords points="503,2270 503,2330 680,2330 680,2270"/>
                    <TextEquiv>
                        <Unicode>mißglückten</Unicode>
                    </TextEquiv>
                </Word>
                <Word id="tr_1_tl_39_w6" custom="readingOrder {index:5;}">
                    <Coords points="718,2273 718,2333 946,2333 946,2273"/>
                    <TextEquiv>
                        <Unicode>„Tannhäuser“</Unicode>
                    </TextEquiv>
                </Word>
                <Word id="tr_1_tl_39_w7" custom="readingOrder {index:6;}">
                    <Coords points="979,2276 979,2336 1048,2336 1048,2276"/>
                    <TextEquiv>
                        <Unicode>nicht</Unicode>
                    </TextEquiv>
                </Word>
                <Word id="tr_1_tl_39_w8" custom="readingOrder {index:7;}">
                    <Coords points="1072,2280 1072,2340 1300,2340 1300,2280"/>
                    <TextEquiv>
                        <Unicode>hinausgekom¬</Unicode>
                    </TextEquiv>
                </Word>
                <TextEquiv>
                    <Unicode>die Oper über den mißglückten „Tannhäuser“ nicht hinausgekom¬</Unicode>
                </TextEquiv>
            </TextLine>
            <TextLine id="tr_1_tl_40" custom="readingOrder {index:39;}">
                <Coords points="147,2351 1308,2371 1306,2331 1237,2323 147,2313"/>
                <Baseline points="155,2340 212,2343 270,2343 328,2346 386,2346 443,2347 501,2349 559,2349 617,2349 674,2349 732,2352 790,2353 848,2355 905,2355 963,2355 1021,2355 1079,2357 1136,2358 1194,2361 1252,2361 1310,2361"/>
                <Word id="tr_1_tl_40_w1" custom="readingOrder {index:0;}">
                    <Coords points="146,2301 146,2361 206,2361 206,2301"/>
                    <TextEquiv>
                        <Unicode>men</Unicode>
                    </TextEquiv>
                </Word>
                <Word id="tr_1_tl_40_w2" custom="readingOrder {index:1;}">
                    <Coords points="239,2303 239,2363 285,2363 285,2303"/>
                    <TextEquiv>
                        <Unicode>ist,</Unicode>
                    </TextEquiv>
                </Word>
                <Word id="tr_1_tl_40_w3" custom="readingOrder {index:2;}">
                    <Coords points="309,2306 309,2366 359,2366 359,2306"/>
                    <TextEquiv>
                        <Unicode>hat</Unicode>
                    </TextEquiv>
                </Word>
                <Word id="tr_1_tl_40_w4" custom="readingOrder {index:3;}">
                    <Coords points="383,2306 383,2366 424,2366 424,2306"/>
                    <TextEquiv>
                        <Unicode>die</Unicode>
                    </TextEquiv>
                </Word>
                <Word id="tr_1_tl_40_w5" custom="readingOrder {index:4;}">
                    <Coords points="453,2309 453,2369 587,2369 587,2309"/>
                    <TextEquiv>
                        <Unicode>Operette</Unicode>
                    </TextEquiv>
                </Word>
                <Word id="tr_1_tl_40_w6" custom="readingOrder {index:5;}">
                    <Coords points="611,2309 611,2369 685,2369 685,2309"/>
                    <TextEquiv>
                        <Unicode>schon</Unicode>
                    </TextEquiv>
                </Word>
                <Word id="tr_1_tl_40_w7" custom="readingOrder {index:6;}">
                    <Coords points="718,2312 718,2372 778,2372 778,2312"/>
                    <TextEquiv>
                        <Unicode>drei</Unicode>
                    </TextEquiv>
                </Word>
                <Word id="tr_1_tl_40_w8" custom="readingOrder {index:7;}">
                    <Coords points="801,2315 801,2375 968,2375 968,2315"/>
                    <TextEquiv>
                        <Unicode>Premieren</Unicode>
                    </TextEquiv>
                </Word>
                <Word id="tr_1_tl_40_w9" custom="readingOrder {index:8;}">
                    <Coords points="1001,2315 1001,2375 1094,2375 1094,2315"/>
                    <TextEquiv>
                        <Unicode>hinter</Unicode>
                    </TextEquiv>
                </Word>
                <Word id="tr_1_tl_40_w10" custom="readingOrder {index:9;}">
                    <Coords points="1118,2318 1118,2378 1177,2378 1177,2318"/>
                    <TextEquiv>
                        <Unicode>sich.</Unicode>
                    </TextEquiv>
                </Word>
                <Word id="tr_1_tl_40_w11" custom="readingOrder {index:10;}">
                    <Coords points="1215,2321 1215,2381 1289,2381 1289,2321"/>
                    <TextEquiv>
                        <Unicode>Nach</Unicode>
                    </TextEquiv>
                </Word>
                <TextEquiv>
                    <Unicode>men ist, hat die Operette schon drei Premieren hinter sich. Nach</Unicode>
                </TextEquiv>
            </TextLine>
            <TextLine id="tr_1_tl_41" custom="readingOrder {index:40;}">
                <Coords points="144,2389 1300,2406 1217,2362 144,2362"/>
                <Baseline points="152,2378 209,2381 267,2383 324,2384 382,2384 440,2386 497,2386 555,2387 612,2387 670,2387 728,2390 785,2390 843,2391 900,2393 958,2393 1016,2394 1073,2396 1131,2396 1188,2399 1246,2397 1304,2399"/>
                <Word id="tr_1_tl_41_w1" custom="readingOrder {index:0;}">
                    <Coords points="147,2339 147,2399 226,2399 226,2339"/>
                    <TextEquiv>
                        <Unicode>einem</Unicode>
                    </TextEquiv>
                </Word>
                <Word id="tr_1_tl_41_w2" custom="readingOrder {index:1;}">
                    <Coords points="273,2344 273,2404 450,2404 450,2344"/>
                    <TextEquiv>
                        <Unicode>Neuaufguß</Unicode>
                    </TextEquiv>
                </Word>
                <Word id="tr_1_tl_41_w3" custom="readingOrder {index:2;}">
                    <Coords points="488,2346 488,2406 534,2406 534,2346"/>
                    <TextEquiv>
                        <Unicode>der</Unicode>
                    </TextEquiv>
                </Word>
                <Word id="tr_1_tl_41_w4" custom="readingOrder {index:3;}">
                    <Coords points="567,2350 567,2410 959,2410 959,2350"/>
                    <TextEquiv>
                        <Unicode>„Czardasfürstin“</Unicode>
                    </TextEquiv>
                </Word>
                <Word id="tr_1_tl_41_w5" custom="readingOrder {index:4;}">
                    <Coords points="992,2355 992,2415 1136,2415 1136,2355"/>
                    <TextEquiv>
                        <Unicode>Kalmans</Unicode>
                    </TextEquiv>
                </Word>
                <Word id="tr_1_tl_41_w6" custom="readingOrder {index:5;}">
                    <Coords points="1169,2358 1169,2418 1225,2418 1225,2358"/>
                    <TextEquiv>
                        <Unicode>mit</Unicode>
                    </TextEquiv>
                </Word>
                <Word id="tr_1_tl_41_w7" custom="readingOrder {index:6;}">
                    <Coords points="1248,2357 1248,2417 1299,2417 1299,2357"/>
                    <TextEquiv>
                        <Unicode>der</Unicode>
                    </TextEquiv>
                </Word>
                <TextEquiv>
                    <Unicode>einem Neuaufguß der „Czardasfürstin“ Kalmans mit der</Unicode>
                </TextEquiv>
            </TextLine>
            <TextLine id="tr_1_tl_42" custom="readingOrder {index:41;}">
                <Coords points="147,2426 1304,2447 1303,2407 1155,2398 147,2395"/>
                <Baseline points="155,2417 212,2420 270,2422 327,2423 385,2423 443,2423 500,2425 558,2426 615,2426 673,2426 731,2426 788,2429 846,2429 903,2431 961,2432 1019,2432 1076,2434 1134,2438 1191,2435 1249,2438 1307,2438"/>
                <Word id="tr_1_tl_42_w1" custom="readingOrder {index:0;}">
                    <Coords points="146,2378 146,2438 236,2438 236,2378"/>
                    <TextEquiv>
                        <Unicode>neuen</Unicode>
                    </TextEquiv>
                </Word>
                <Word id="tr_1_tl_42_w2" custom="readingOrder {index:1;}">
                    <Coords points="272,2383 272,2443 499,2443 499,2383"/>
                    <TextEquiv>
                        <Unicode>Operettendiva</Unicode>
                    </TextEquiv>
                </Word>
                <Word id="tr_1_tl_42_w3" custom="readingOrder {index:2;}">
                    <Coords points="541,2386 541,2446 640,2446 640,2386"/>
                    <TextEquiv>
                        <Unicode>Maria</Unicode>
                    </TextEquiv>
                </Word>
                <Word id="tr_1_tl_42_w4" custom="readingOrder {index:3;}">
                    <Coords points="677,2388 677,2448 881,2448 881,2388"/>
                    <TextEquiv>
                        <Unicode>Horstwig</Unicode>
                    </TextEquiv>
                </Word>
                <Word id="tr_1_tl_42_w5" custom="readingOrder {index:4;}">
                    <Coords points="940,2392 940,2452 1013,2452 1013,2392"/>
                    <TextEquiv>
                        <Unicode>(eine</Unicode>
                    </TextEquiv>
                </Word>
                <Word id="tr_1_tl_42_w6" custom="readingOrder {index:5;}">
                    <Coords points="1050,2397 1050,2457 1199,2457 1199,2397"/>
                    <TextEquiv>
                        <Unicode>Sängerin</Unicode>
                    </TextEquiv>
                </Word>
                <Word id="tr_1_tl_42_w7" custom="readingOrder {index:6;}">
                    <Coords points="1240,2398 1240,2458 1290,2458 1290,2398"/>
                    <TextEquiv>
                        <Unicode>von</Unicode>
                    </TextEquiv>
                </Word>
                <TextEquiv>
                    <Unicode>neuen Operettendiva Maria Horstwig (eine Sängerin von</Unicode>
                </TextEquiv>
            </TextLine>
            <TextLine id="tr_1_tl_43" custom="readingOrder {index:42;}">
                <Coords points="147,2464 1300,2490 1275,2441 147,2426"/>
                <Baseline points="155,2456 212,2459 269,2461 327,2462 384,2462 442,2462 499,2464 557,2465 614,2465 672,2465 729,2465 786,2468 844,2469 901,2471 959,2471 1016,2474 1074,2474 1131,2474 1189,2474 1246,2475 1304,2477"/>
                <Word id="tr_1_tl_43_w1" custom="readingOrder {index:0;}">
                    <Coords points="146,2420 146,2480 347,2480 347,2420"/>
                    <TextEquiv>
                        <Unicode>künstlerischer</Unicode>
                    </TextEquiv>
                </Word>
                <Word id="tr_1_tl_43_w2" custom="readingOrder {index:1;}">
                    <Coords points="381,2422 381,2482 520,2482 520,2422"/>
                    <TextEquiv>
                        <Unicode>Kultur!)</Unicode>
                    </TextEquiv>
                </Word>
                <Word id="tr_1_tl_43_w3" custom="readingOrder {index:2;}">
                    <Coords points="550,2425 550,2485 636,2485 636,2425"/>
                    <TextEquiv>
                        <Unicode>folgte</Unicode>
                    </TextEquiv>
                </Word>
                <Word id="tr_1_tl_43_w4" custom="readingOrder {index:3;}">
                    <Coords points="665,2425 665,2485 775,2485 775,2425"/>
                    <TextEquiv>
                        <Unicode>Lehårs</Unicode>
                    </TextEquiv>
                </Word>
                <Word id="tr_1_tl_43_w5" custom="readingOrder {index:4;}">
                    <Coords points="804,2430 804,2490 958,2490 958,2430"/>
                    <TextEquiv>
                        <Unicode>veroperte</Unicode>
                    </TextEquiv>
                </Word>
                <Word id="tr_1_tl_43_w6" custom="readingOrder {index:5;}">
                    <Coords points="987,2434 987,2494 1126,2494 1126,2434"/>
                    <TextEquiv>
                        <Unicode>„Schön</Unicode>
                    </TextEquiv>
                </Word>
                <Word id="tr_1_tl_43_w7" custom="readingOrder {index:6;}">
                    <Coords points="1165,2434 1165,2494 1208,2494 1208,2434"/>
                    <TextEquiv>
                        <Unicode>ist</Unicode>
                    </TextEquiv>
                </Word>
                <Word id="tr_1_tl_43_w8" custom="readingOrder {index:7;}">
                    <Coords points="1232,2435 1232,2495 1294,2495 1294,2435"/>
                    <TextEquiv>
                        <Unicode>die</Unicode>
                    </TextEquiv>
                </Word>
                <TextEquiv>
                    <Unicode>künstlerischer Kultur!) folgte Lehårs veroperte „Schön ist die</Unicode>
                </TextEquiv>
            </TextLine>
            <TextLine id="tr_1_tl_44" custom="readingOrder {index:43;}">
                <Coords points="147,2505 1263,2528 1303,2490 145,2464"/>
                <Baseline points="155,2495 212,2498 270,2500 327,2504 385,2501 443,2502 500,2502 558,2504 615,2504 673,2504 731,2504 788,2507 846,2508 903,2510 961,2510 1019,2510 1076,2510 1134,2513 1191,2513 1249,2513 1307,2513"/>
                <Word id="tr_1_tl_44_w1" custom="readingOrder {index:0;}">
                    <Coords points="144,2458 144,2518 284,2518 284,2458"/>
                    <TextEquiv>
                        <Unicode>Welt“,</Unicode>
                    </TextEquiv>
                </Word>
                <Word id="tr_1_tl_44_w2" custom="readingOrder {index:1;}">
                    <Coords points="307,2461 307,2521 443,2521 443,2461"/>
                    <TextEquiv>
                        <Unicode>getragen</Unicode>
                    </TextEquiv>
                </Word>
                <Word id="tr_1_tl_44_w3" custom="readingOrder {index:2;}">
                    <Coords points="485,2462 485,2522 534,2522 534,2462"/>
                    <TextEquiv>
                        <Unicode>von</Unicode>
                    </TextEquiv>
                </Word>
                <Word id="tr_1_tl_44_w4" custom="readingOrder {index:3;}">
                    <Coords points="571,2464 571,2524 620,2524 620,2464"/>
                    <TextEquiv>
                        <Unicode>der</Unicode>
                    </TextEquiv>
                </Word>
                <Word id="tr_1_tl_44_w5" custom="readingOrder {index:4;}">
                    <Coords points="648,2464 648,2524 793,2524 793,2464"/>
                    <TextEquiv>
                        <Unicode>Horstwig</Unicode>
                    </TextEquiv>
                </Word>
                <Word id="tr_1_tl_44_w6" custom="readingOrder {index:5;}">
                    <Coords points="830,2468 830,2528 884,2528 884,2468"/>
                    <TextEquiv>
                        <Unicode>und</Unicode>
                    </TextEquiv>
                </Word>
                <Word id="tr_1_tl_44_w7" custom="readingOrder {index:6;}">
                    <Coords points="921,2470 921,2530 966,2530 966,2470"/>
                    <TextEquiv>
                        <Unicode>dem</Unicode>
                    </TextEquiv>
                </Word>
                <Word id="tr_1_tl_44_w8" custom="readingOrder {index:7;}">
                    <Coords points="1012,2470 1012,2530 1157,2530 1157,2470"/>
                    <TextEquiv>
                        <Unicode>erfreulich</Unicode>
                    </TextEquiv>
                </Word>
                <Word id="tr_1_tl_44_w9" custom="readingOrder {index:8;}">
                    <Coords points="1194,2473 1194,2533 1298,2533 1298,2473"/>
                    <TextEquiv>
                        <Unicode>männ¬</Unicode>
                    </TextEquiv>
                </Word>
                <TextEquiv>
                    <Unicode>Welt“, getragen von der Horstwig und dem erfreulich männ¬</Unicode>
                </TextEquiv>
            </TextLine>
            <TextLine id="tr_1_tl_45" custom="readingOrder {index:44;}">
                <Coords points="147,2542 1286,2566 1306,2523 145,2504"/>
                <Baseline points="155,2534 212,2537 270,2537 328,2540 386,2540 443,2540 501,2542 559,2543 617,2543 674,2543 732,2546 790,2547 848,2549 905,2549 963,2549 1021,2550 1079,2552 1136,2552 1194,2552 1252,2552 1310,2549"/>
                <Word id="tr_1_tl_45_w1" custom="readingOrder {index:0;}">
                    <Coords points="139,2495 139,2555 218,2555 218,2495"/>
                    <TextEquiv>
                        <Unicode>lichen</Unicode>
                    </TextEquiv>
                </Word>
                <Word id="tr_1_tl_45_w2" custom="readingOrder {index:1;}">
                    <Coords points="251,2498 251,2558 349,2558 349,2498"/>
                    <TextEquiv>
                        <Unicode>Tenor</Unicode>
                    </TextEquiv>
                </Word>
                <Word id="tr_1_tl_45_w3" custom="readingOrder {index:2;}">
                    <Coords points="378,2500 378,2560 481,2560 481,2500"/>
                    <TextEquiv>
                        <Unicode>Mario</Unicode>
                    </TextEquiv>
                </Word>
                <Word id="tr_1_tl_45_w4" custom="readingOrder {index:3;}">
                    <Coords points="505,2503 505,2563 677,2563 677,2503"/>
                    <TextEquiv>
                        <Unicode>Haindorff,</Unicode>
                    </TextEquiv>
                </Word>
                <Word id="tr_1_tl_45_w5" custom="readingOrder {index:4;}">
                    <Coords points="701,2505 701,2565 743,2565 743,2505"/>
                    <TextEquiv>
                        <Unicode>die</Unicode>
                    </TextEquiv>
                </Word>
                <Word id="tr_1_tl_45_w6" custom="readingOrder {index:5;}">
                    <Coords points="767,2507 767,2567 813,2567 813,2507"/>
                    <TextEquiv>
                        <Unicode>den</Unicode>
                    </TextEquiv>
                </Word>
                <Word id="tr_1_tl_45_w7" custom="readingOrder {index:6;}">
                    <Coords points="847,2509 847,2569 874,2569 874,2509"/>
                    <TextEquiv>
                        <Unicode>zu</Unicode>
                    </TextEquiv>
                </Word>
                <Word id="tr_1_tl_45_w8" custom="readingOrder {index:7;}">
                    <Coords points="907,2509 907,2569 982,2569 982,2509"/>
                    <TextEquiv>
                        <Unicode>einem</Unicode>
                    </TextEquiv>
                </Word>
                <Word id="tr_1_tl_45_w9" custom="readingOrder {index:8;}">
                    <Coords points="1025,2512 1025,2572 1146,2572 1146,2512"/>
                    <TextEquiv>
                        <Unicode>einzigen</Unicode>
                    </TextEquiv>
                </Word>
                <Word id="tr_1_tl_45_w10" custom="readingOrder {index:9;}">
                    <Coords points="1179,2512 1179,2572 1296,2572 1296,2512"/>
                    <TextEquiv>
                        <Unicode>Liebes¬</Unicode>
                    </TextEquiv>
                </Word>
                <TextEquiv>
                    <Unicode>lichen Tenor Mario Haindorff, die den zu einem einzigen Liebes¬</Unicode>
                </TextEquiv>
            </TextLine>
            <TextLine id="tr_1_tl_46" custom="readingOrder {index:45;}">
                <Coords points="144,2580 1300,2606 1300,2562 1170,2549 144,2543"/>
                <Baseline points="152,2575 209,2575 267,2575 324,2578 382,2578 440,2578 497,2578 555,2581 612,2581 670,2581 728,2581 785,2584 843,2584 900,2586 958,2587 1016,2587 1073,2589 1131,2590 1188,2590 1246,2591 1304,2593"/>
                <Word id="tr_1_tl_46_w1" custom="readingOrder {index:0;}">
                    <Coords points="138,2535 138,2595 217,2595 217,2535"/>
                    <TextEquiv>
                        <Unicode>duett</Unicode>
                    </TextEquiv>
                </Word>
                <Word id="tr_1_tl_46_w2" custom="readingOrder {index:1;}">
                    <Coords points="251,2538 251,2598 504,2598 504,2538"/>
                    <TextEquiv>
                        <Unicode>ausgewachsenen</Unicode>
                    </TextEquiv>
                </Word>
                <Word id="tr_1_tl_46_w3" custom="readingOrder {index:2;}">
                    <Coords points="547,2541 547,2601 659,2601 659,2541"/>
                    <TextEquiv>
                        <Unicode>zweiten</Unicode>
                    </TextEquiv>
                </Word>
                <Word id="tr_1_tl_46_w4" custom="readingOrder {index:3;}">
                    <Coords points="697,2541 697,2601 754,2601 754,2541"/>
                    <TextEquiv>
                        <Unicode>Akt</Unicode>
                    </TextEquiv>
                </Word>
                <Word id="tr_1_tl_46_w5" custom="readingOrder {index:4;}">
                    <Coords points="782,2544 782,2604 810,2604 810,2544"/>
                    <TextEquiv>
                        <Unicode>zu</Unicode>
                    </TextEquiv>
                </Word>
                <Word id="tr_1_tl_46_w6" custom="readingOrder {index:5;}">
                    <Coords points="848,2545 848,2605 923,2605 923,2545"/>
                    <TextEquiv>
                        <Unicode>einem</Unicode>
                    </TextEquiv>
                </Word>
                <Word id="tr_1_tl_46_w7" custom="readingOrder {index:6;}">
                    <Coords points="975,2547 975,2607 1045,2607 1045,2547"/>
                    <TextEquiv>
                        <Unicode>Fest</Unicode>
                    </TextEquiv>
                </Word>
                <Word id="tr_1_tl_46_w8" custom="readingOrder {index:7;}">
                    <Coords points="1074,2549 1074,2609 1121,2609 1121,2549"/>
                    <TextEquiv>
                        <Unicode>für</Unicode>
                    </TextEquiv>
                </Word>
                <Word id="tr_1_tl_46_w9" custom="readingOrder {index:8;}">
                    <Coords points="1154,2550 1154,2610 1205,2610 1205,2550"/>
                    <TextEquiv>
                        <Unicode>das</Unicode>
                    </TextEquiv>
                </Word>
                <Word id="tr_1_tl_46_w10" custom="readingOrder {index:9;}">
                    <Coords points="1234,2551 1234,2611 1294,2611 1294,2551"/>
                    <TextEquiv>
                        <Unicode>Ohr</Unicode>
                    </TextEquiv>
                </Word>
                <TextEquiv>
                    <Unicode>duett ausgewachsenen zweiten Akt zu einem Fest für das Ohr</Unicode>
                </TextEquiv>
            </TextLine>
            <TextLine id="tr_1_tl_47" custom="readingOrder {index:46;}">
                <Coords points="144,2627 1304,2646 1279,2598 144,2580"/>
                <Baseline points="152,2617 209,2614 267,2614 325,2617 383,2617 440,2617 498,2617 556,2617 614,2621 671,2621 729,2620 787,2625 845,2624 902,2626 960,2626 1018,2626 1076,2626 1133,2629 1191,2632 1249,2632 1307,2632"/>
                <Word id="tr_1_tl_47_w1" custom="readingOrder {index:0;}">
                    <Coords points="143,2574 143,2634 324,2634 324,2574"/>
                    <TextEquiv>
                        <Unicode>gestalteten.</Unicode>
                    </TextEquiv>
                </Word>
                <Word id="tr_1_tl_47_w2" custom="readingOrder {index:1;}">
                    <Coords points="366,2577 366,2637 459,2637 459,2577"/>
                    <TextEquiv>
                        <Unicode>Oskar</Unicode>
                    </TextEquiv>
                </Word>
                <Word id="tr_1_tl_47_w3" custom="readingOrder {index:2;}">
                    <Coords points="493,2577 493,2637 622,2637 622,2577"/>
                    <TextEquiv>
                        <Unicode>Straus'</Unicode>
                    </TextEquiv>
                </Word>
                <Word id="tr_1_tl_47_w4" custom="readingOrder {index:3;}">
                    <Coords points="651,2584 651,2644 1000,2644 1000,2584"/>
                    <TextEquiv>
                        <Unicode>„Walzertraum“</Unicode>
                    </TextEquiv>
                </Word>
                <Word id="tr_1_tl_47_w5" custom="readingOrder {index:4;}">
                    <Coords points="1034,2586 1034,2646 1135,2646 1135,2586"/>
                    <TextEquiv>
                        <Unicode>erwies</Unicode>
                    </TextEquiv>
                </Word>
                <Word id="tr_1_tl_47_w6" custom="readingOrder {index:5;}">
                    <Coords points="1169,2591 1169,2651 1210,2651 1210,2591"/>
                    <TextEquiv>
                        <Unicode>sich</Unicode>
                    </TextEquiv>
                </Word>
                <Word id="tr_1_tl_47_w7" custom="readingOrder {index:6;}">
                    <Coords points="1248,2592 1248,2652 1289,2652 1289,2592"/>
                    <TextEquiv>
                        <Unicode>als</Unicode>
                    </TextEquiv>
                </Word>
                <TextEquiv>
                    <Unicode>gestalteten. Oskar Straus' „Walzertraum“ erwies sich als</Unicode>
                </TextEquiv>
            </TextLine>
            <TextLine id="tr_1_tl_48" custom="readingOrder {index:47;}">
                <Coords points="144,2656 1295,2682 1266,2635 144,2626"/>
                <Baseline points="152,2653 209,2654 266,2656 323,2656 381,2656 438,2656 495,2658 553,2659 610,2659 667,2659 725,2661 782,2662 839,2663 896,2665 954,2665 1011,2665 1068,2666 1126,2668 1183,2671 1240,2670 1298,2668"/>
                <Word id="tr_1_tl_48_w1" custom="readingOrder {index:0;}">
                    <Coords points="143,2613 143,2673 197,2673 197,2613"/>
                    <TextEquiv>
                        <Unicode>eine</Unicode>
                    </TextEquiv>
                </Word>
                <Word id="tr_1_tl_48_w2" custom="readingOrder {index:1;}">
                    <Coords points="229,2615 229,2675 292,2675 292,2615"/>
                    <TextEquiv>
                        <Unicode>fade</Unicode>
                    </TextEquiv>
                </Word>
                <Word id="tr_1_tl_48_w3" custom="readingOrder {index:2;}">
                    <Coords points="325,2616 325,2676 379,2676 379,2616"/>
                    <TextEquiv>
                        <Unicode>und</Unicode>
                    </TextEquiv>
                </Word>
                <Word id="tr_1_tl_48_w4" custom="readingOrder {index:3;}">
                    <Coords points="416,2618 416,2678 625,2678 625,2618"/>
                    <TextEquiv>
                        <Unicode>abgestandene</Unicode>
                    </TextEquiv>
                </Word>
                <Word id="tr_1_tl_48_w5" custom="readingOrder {index:4;}">
                    <Coords points="657,2621 657,2681 889,2681 889,2621"/>
                    <TextEquiv>
                        <Unicode>Angelegenheit</Unicode>
                    </TextEquiv>
                </Word>
                <Word id="tr_1_tl_48_w6" custom="readingOrder {index:5;}">
                    <Coords points="917,2625 917,2685 971,2685 971,2625"/>
                    <TextEquiv>
                        <Unicode>von</Unicode>
                    </TextEquiv>
                </Word>
                <Word id="tr_1_tl_48_w7" custom="readingOrder {index:6;}">
                    <Coords points="1008,2627 1008,2687 1190,2687 1190,2627"/>
                    <TextEquiv>
                        <Unicode>vorgestern,</Unicode>
                    </TextEquiv>
                </Word>
                <Word id="tr_1_tl_48_w8" custom="readingOrder {index:7;}">
                    <Coords points="1213,2629 1213,2689 1294,2689 1294,2629"/>
                    <TextEquiv>
                        <Unicode>trotz¬</Unicode>
                    </TextEquiv>
                </Word>
                <TextEquiv>
                    <Unicode>eine fade und abgestandene Angelegenheit von vorgestern, trotz¬</Unicode>
                </TextEquiv>
            </TextLine>
            <TextLine id="tr_1_tl_49" custom="readingOrder {index:48;}">
                <Coords points="141,2704 1214,2724 1294,2719 1294,2685 139,2655"/>
                <Baseline points="149,2692 206,2692 263,2694 321,2695 378,2695 436,2695 493,2695 551,2698 608,2696 666,2698 723,2698 780,2701 838,2704 895,2704 953,2704 1010,2704 1068,2706 1125,2707 1183,2707 1240,2708 1298,2707"/>
                <Word id="tr_1_tl_49_w1" custom="readingOrder {index:0;}">
                    <Coords points="143,2652 143,2712 190,2712 190,2652"/>
                    <TextEquiv>
                        <Unicode>dem</Unicode>
                    </TextEquiv>
                </Word>
                <Word id="tr_1_tl_49_w2" custom="readingOrder {index:1;}">
                    <Coords points="238,2653 238,2713 281,2713 281,2653"/>
                    <TextEquiv>
                        <Unicode>die</Unicode>
                    </TextEquiv>
                </Word>
                <Word id="tr_1_tl_49_w3" custom="readingOrder {index:2;}">
                    <Coords points="315,2655 315,2715 405,2715 405,2655"/>
                    <TextEquiv>
                        <Unicode>junge</Unicode>
                    </TextEquiv>
                </Word>
                <Word id="tr_1_tl_49_w4" custom="readingOrder {index:3;}">
                    <Coords points="439,2655 439,2715 558,2715 558,2655"/>
                    <TextEquiv>
                        <Unicode>Martha</Unicode>
                    </TextEquiv>
                </Word>
                <Word id="tr_1_tl_49_w5" custom="readingOrder {index:4;}">
                    <Coords points="596,2658 596,2718 825,2718 825,2658"/>
                    <TextEquiv>
                        <Unicode>Wennberg</Unicode>
                    </TextEquiv>
                </Word>
                <Word id="tr_1_tl_49_w6" custom="readingOrder {index:5;}">
                    <Coords points="864,2664 864,2724 1016,2724 1016,2664"/>
                    <TextEquiv>
                        <Unicode>gesanglich</Unicode>
                    </TextEquiv>
                </Word>
                <Word id="tr_1_tl_49_w7" custom="readingOrder {index:6;}">
                    <Coords points="1055,2666 1055,2726 1111,2726 1111,2666"/>
                    <TextEquiv>
                        <Unicode>viel</Unicode>
                    </TextEquiv>
                </Word>
                <Word id="tr_1_tl_49_w8" custom="readingOrder {index:7;}">
                    <Coords points="1160,2667 1160,2727 1288,2727 1288,2667"/>
                    <TextEquiv>
                        <Unicode>Charme</Unicode>
                    </TextEquiv>
                </Word>
                <TextEquiv>
                    <Unicode>dem die junge Martha Wennberg gesanglich viel Charme</Unicode>
                </TextEquiv>
            </TextLine>
            <TextLine id="tr_1_tl_50" custom="readingOrder {index:49;}">
                <Coords points="134,2736 1297,2754 1245,2711 134,2704"/>
                <Baseline points="143,2728 200,2731 258,2731 316,2734 374,2734 432,2734 490,2734 548,2734 606,2737 664,2737 722,2737 779,2738 837,2740 895,2740 953,2740 1011,2743 1069,2743 1127,2746 1185,2746 1243,2746 1301,2743"/>
                <Word id="tr_1_tl_50_w1" custom="readingOrder {index:0;}">
                    <Coords points="137,2691 137,2751 309,2751 309,2691"/>
                    <TextEquiv>
                        <Unicode>entwickelte</Unicode>
                    </TextEquiv>
                </Word>
                <Word id="tr_1_tl_50_w2" custom="readingOrder {index:1;}">
                    <Coords points="334,2694 334,2754 389,2754 389,2694"/>
                    <TextEquiv>
                        <Unicode>und</Unicode>
                    </TextEquiv>
                </Word>
                <Word id="tr_1_tl_50_w3" custom="readingOrder {index:2;}">
                    <Coords points="422,2694 422,2754 506,2754 506,2694"/>
                    <TextEquiv>
                        <Unicode>Willi</Unicode>
                    </TextEquiv>
                </Word>
                <Word id="tr_1_tl_50_w4" custom="readingOrder {index:3;}">
                    <Coords points="530,2696 530,2756 674,2756 674,2696"/>
                    <TextEquiv>
                        <Unicode>Auerbach</Unicode>
                    </TextEquiv>
                </Word>
                <Word id="tr_1_tl_50_w5" custom="readingOrder {index:4;}">
                    <Coords points="707,2697 707,2757 759,2757 759,2697"/>
                    <TextEquiv>
                        <Unicode>und</Unicode>
                    </TextEquiv>
                </Word>
                <Word id="tr_1_tl_50_w6" custom="readingOrder {index:5;}">
                    <Coords points="792,2699 792,2759 875,2759 875,2699"/>
                    <TextEquiv>
                        <Unicode>Hans</Unicode>
                    </TextEquiv>
                </Word>
                <Word id="tr_1_tl_50_w7" custom="readingOrder {index:6;}">
                    <Coords points="904,2700 904,2760 1039,2760 1039,2700"/>
                    <TextEquiv>
                        <Unicode>Schnepf</Unicode>
                    </TextEquiv>
                </Word>
                <Word id="tr_1_tl_50_w8" custom="readingOrder {index:7;}">
                    <Coords points="1063,2703 1063,2763 1086,2763 1086,2703"/>
                    <TextEquiv>
                        <Unicode>in</Unicode>
                    </TextEquiv>
                </Word>
                <Word id="tr_1_tl_50_w9" custom="readingOrder {index:8;}">
                    <Coords points="1119,2706 1119,2766 1198,2766 1198,2706"/>
                    <TextEquiv>
                        <Unicode>einer</Unicode>
                    </TextEquiv>
                </Word>
                <Word id="tr_1_tl_50_w10" custom="readingOrder {index:9;}">
                    <Coords points="1227,2705 1227,2765 1296,2765 1296,2705"/>
                    <TextEquiv>
                        <Unicode>köst¬</Unicode>
                    </TextEquiv>
                </Word>
                <TextEquiv>
                    <Unicode>entwickelte und Willi Auerbach und Hans Schnepf in einer köst¬</Unicode>
                </TextEquiv>
            </TextLine>
            <TextLine id="tr_1_tl_51" custom="readingOrder {index:50;}">
                <Coords points="141,2774 1088,2809 1277,2803 1292,2754 139,2736"/>
                <Baseline points="149,2767 206,2770 263,2770 320,2769 378,2772 435,2772 492,2772 550,2772 607,2775 664,2775 722,2777 779,2778 836,2779 893,2781 951,2784 1008,2784 1065,2784 1123,2784 1180,2784 1237,2785 1295,2787"/>
                <Word id="tr_1_tl_51_w1" custom="readingOrder {index:0;}">
                    <Coords points="142,2728 142,2788 226,2788 226,2728"/>
                    <TextEquiv>
                        <Unicode>lichen</Unicode>
                    </TextEquiv>
                </Word>
                <Word id="tr_1_tl_51_w2" custom="readingOrder {index:1;}">
                    <Coords points="263,2732 263,2792 625,2792 625,2732"/>
                    <TextEquiv>
                        <Unicode>Serenissimus=Parcdie</Unicode>
                    </TextEquiv>
                </Word>
                <Word id="tr_1_tl_51_w3" custom="readingOrder {index:2;}">
                    <Coords points="659,2735 659,2795 709,2795 709,2735"/>
                    <TextEquiv>
                        <Unicode>alle</Unicode>
                    </TextEquiv>
                </Word>
                <Word id="tr_1_tl_51_w4" custom="readingOrder {index:3;}">
                    <Coords points="743,2738 743,2798 849,2798 849,2738"/>
                    <TextEquiv>
                        <Unicode>Minen</Unicode>
                    </TextEquiv>
                </Word>
                <Word id="tr_1_tl_51_w5" custom="readingOrder {index:4;}">
                    <Coords points="906,2744 906,2804 1133,2804 1133,2744"/>
                    <TextEquiv>
                        <Unicode>erfolgsicherster</Unicode>
                    </TextEquiv>
                </Word>
                <Word id="tr_1_tl_51_w6" custom="readingOrder {index:5;}">
                    <Coords points="1189,2745 1189,2805 1291,2805 1291,2745"/>
                    <TextEquiv>
                        <Unicode>Komik</Unicode>
                    </TextEquiv>
                </Word>
                <TextEquiv>
                    <Unicode>lichen Serenissimus=Parcdie alle Minen erfolgsicherster Komik</Unicode>
                </TextEquiv>
            </TextLine>
            <TextLine id="tr_1_tl_52" custom="readingOrder {index:51;}">
                <Coords points="145,2821 177,2837 218,2812 237,2824 289,2814 309,2826 336,2817 368,2827 386,2814 422,2818 422,2782 328,2775 298,2785 260,2772 244,2783 206,2775 191,2783 144,2774"/>
                <Baseline points="152,2814 179,2810 206,2808 234,2808 261,2808 289,2808 316,2810 343,2811 371,2811 398,2811 426,2811"/>
                <Word id="tr_1_tl_52_w1" custom="readingOrder {index:0;}">
                    <Coords points="143,2768 143,2828 269,2828 269,2768"/>
                    <TextEquiv>
                        <Unicode>springen</Unicode>
                    </TextEquiv>
                </Word>
                <Word id="tr_1_tl_52_w2" custom="readingOrder {index:1;}">
                    <Coords points="304,2771 304,2831 416,2831 416,2771"/>
                    <TextEquiv>
                        <Unicode>ließen.</Unicode>
                    </TextEquiv>
                </Word>
                <TextEquiv>
                    <Unicode>springen ließen.</Unicode>
                </TextEquiv>
            </TextLine>
            <TextLine id="tr_1_tl_53" custom="readingOrder {index:52;}">
                <Coords points="200,2853 1295,2869 1294,2830 1193,2823 200,2818"/>
                <Baseline points="208,2847 262,2847 317,2847 371,2849 426,2850 480,2850 535,2851 589,2853 644,2853 698,2853 753,2853 807,2853 862,2855 916,2856 971,2856 1025,2857 1080,2859 1134,2861 1189,2865 1243,2862 1298,2859"/>
                <Word id="tr_1_tl_53_w1" custom="readingOrder {index:0;}">
                    <Coords points="199,2807 199,2867 234,2867 234,2807"/>
                    <TextEquiv>
                        <Unicode>In</Unicode>
                    </TextEquiv>
                </Word>
                <Word id="tr_1_tl_53_w2" custom="readingOrder {index:1;}">
                    <Coords points="276,2807 276,2867 325,2867 325,2807"/>
                    <TextEquiv>
                        <Unicode>den</Unicode>
                    </TextEquiv>
                </Word>
                <Word id="tr_1_tl_53_w3" custom="readingOrder {index:2;}">
                    <Coords points="366,2811 366,2871 723,2871 723,2811"/>
                    <TextEquiv>
                        <Unicode>Kammerspielen</Unicode>
                    </TextEquiv>
                </Word>
                <Word id="tr_1_tl_53_w4" custom="readingOrder {index:3;}">
                    <Coords points="765,2813 765,2873 869,2873 869,2813"/>
                    <TextEquiv>
                        <Unicode>konnte</Unicode>
                    </TextEquiv>
                </Word>
                <Word id="tr_1_tl_53_w5" custom="readingOrder {index:4;}">
                    <Coords points="924,2816 924,2876 950,2876 950,2816"/>
                    <TextEquiv>
                        <Unicode>in</Unicode>
                    </TextEquiv>
                </Word>
                <Word id="tr_1_tl_53_w6" custom="readingOrder {index:5;}">
                    <Coords points="1010,2818 1010,2878 1113,2878 1113,2818"/>
                    <TextEquiv>
                        <Unicode>Bruno</Unicode>
                    </TextEquiv>
                </Word>
                <Word id="tr_1_tl_53_w7" custom="readingOrder {index:6;}">
                    <Coords points="1173,2822 1173,2882 1285,2882 1285,2822"/>
                    <TextEquiv>
                        <Unicode>Franks</Unicode>
                    </TextEquiv>
                </Word>
                <TextEquiv>
                    <Unicode>In den Kammerspielen konnte in Bruno Franks</Unicode>
                </TextEquiv>
            </TextLine>
            <TextLine id="tr_1_tl_54" custom="readingOrder {index:53;}">
                <Coords points="154,2904 1294,2916 1292,2873 1138,2859 153,2850"/>
                <Baseline points="161,2886 217,2886 274,2886 331,2886 388,2889 445,2890 502,2892 558,2892 615,2892 672,2892 729,2894 786,2895 843,2896 900,2898 956,2898 1013,2898 1070,2901 1127,2901 1184,2901 1241,2901 1298,2904"/>
                <Word id="tr_1_tl_54_w1" custom="readingOrder {index:0;}">
                    <Coords points="152,2846 152,2906 286,2906 286,2846"/>
                    <TextEquiv>
                        <Unicode>„Nina“</Unicode>
                    </TextEquiv>
                </Word>
                <Word id="tr_1_tl_54_w2" custom="readingOrder {index:1;}">
                    <Coords points="324,2847 324,2907 394,2907 394,2847"/>
                    <TextEquiv>
                        <Unicode>Rita</Unicode>
                    </TextEquiv>
                </Word>
                <Word id="tr_1_tl_54_w3" custom="readingOrder {index:2;}">
                    <Coords points="432,2851 432,2911 548,2911 548,2851"/>
                    <TextEquiv>
                        <Unicode>Burg</Unicode>
                    </TextEquiv>
                </Word>
                <Word id="tr_1_tl_54_w4" custom="readingOrder {index:3;}">
                    <Coords points="585,2852 585,2912 608,2912 608,2852"/>
                    <TextEquiv>
                        <Unicode>in</Unicode>
                    </TextEquiv>
                </Word>
                <Word id="tr_1_tl_54_w5" custom="readingOrder {index:4;}">
                    <Coords points="646,2852 646,2912 697,2912 697,2852"/>
                    <TextEquiv>
                        <Unicode>der</Unicode>
                    </TextEquiv>
                </Word>
                <Word id="tr_1_tl_54_w6" custom="readingOrder {index:5;}">
                    <Coords points="730,2855 730,2915 921,2915 921,2855"/>
                    <TextEquiv>
                        <Unicode>Doppelrolle</Unicode>
                    </TextEquiv>
                </Word>
                <Word id="tr_1_tl_54_w7" custom="readingOrder {index:6;}">
                    <Coords points="954,2858 954,2918 1000,2918 1000,2858"/>
                    <TextEquiv>
                        <Unicode>des</Unicode>
                    </TextEquiv>
                </Word>
                <Word id="tr_1_tl_54_w8" custom="readingOrder {index:7;}">
                    <Coords points="1038,2861 1038,2921 1196,2921 1196,2861"/>
                    <TextEquiv>
                        <Unicode>Filmstars</Unicode>
                    </TextEquiv>
                </Word>
                <Word id="tr_1_tl_54_w9" custom="readingOrder {index:8;}">
                    <Coords points="1234,2861 1234,2921 1284,2921 1284,2861"/>
                    <TextEquiv>
                        <Unicode>und</Unicode>
                    </TextEquiv>
                </Word>
                <TextEquiv>
                    <Unicode>„Nina“ Rita Burg in der Doppelrolle des Filmstars und</Unicode>
                </TextEquiv>
            </TextLine>
            <TextLine id="tr_1_tl_55" custom="readingOrder {index:54;}">
                <Coords points="131,2953 1358,2959 1356,2921 1271,2908 131,2895"/>
                <Baseline points="140,2931 201,2928 262,2928 323,2928 384,2931 445,2931 506,2933 567,2933 628,2934 689,2934 750,2934 811,2937 872,2940 933,2940 994,2940 1055,2943 1116,2943 1177,2946 1238,2943 1299,2940 1361,2943"/>
                <Word id="tr_1_tl_55_w1" custom="readingOrder {index:0;}">
                    <Coords points="144,2888 144,2948 229,2948 229,2888"/>
                    <TextEquiv>
                        <Unicode>seines</Unicode>
                    </TextEquiv>
                </Word>
                <Word id="tr_1_tl_55_w2" custom="readingOrder {index:1;}">
                    <Coords points="259,2888 259,2948 374,2948 374,2888"/>
                    <TextEquiv>
                        <Unicode>Double</Unicode>
                    </TextEquiv>
                </Word>
                <Word id="tr_1_tl_55_w3" custom="readingOrder {index:2;}">
                    <Coords points="403,2891 403,2951 466,2951 466,2891"/>
                    <TextEquiv>
                        <Unicode>ihre</Unicode>
                    </TextEquiv>
                </Word>
                <Word id="tr_1_tl_55_w4" custom="readingOrder {index:3;}">
                    <Coords points="496,2893 496,2953 616,2953 616,2893"/>
                    <TextEquiv>
                        <Unicode>virtuose</Unicode>
                    </TextEquiv>
                </Word>
                <Word id="tr_1_tl_55_w5" custom="readingOrder {index:4;}">
                    <Coords points="646,2898 646,2958 1026,2958 1026,2898"/>
                    <TextEquiv>
                        <Unicode>Verwandlungsfähigkeit</Unicode>
                    </TextEquiv>
                </Word>
                <Word id="tr_1_tl_55_w6" custom="readingOrder {index:5;}">
                    <Coords points="1049,2903 1049,2963 1164,2963 1164,2903"/>
                    <TextEquiv>
                        <Unicode>zeigen,</Unicode>
                    </TextEquiv>
                </Word>
                <Word id="tr_1_tl_55_w7" custom="readingOrder {index:6;}">
                    <Coords points="1188,2903 1188,2963 1285,2963 1285,2903"/>
                    <TextEquiv>
                        <Unicode>wenn¬</Unicode>
                    </TextEquiv>
                </Word>
                <TextEquiv>
                    <Unicode>seines Double ihre virtuose Verwandlungsfähigkeit zeigen, wenn¬</Unicode>
                </TextEquiv>
            </TextLine>
            <TextLine id="tr_1_tl_56" custom="readingOrder {index:55;}">
                <Coords points="582,3304 643,3284 664,3298 695,3283 970,3278 993,3273 996,3217 932,3208 884,3223 584,3229"/>
                <Baseline points="591,3277 616,3277 641,3277 666,3277 692,3277 717,3277 742,3276 768,3274 793,3273 818,3271 844,3269 869,3268 894,3270 920,3270 945,3268 970,3266 996,3262"/>
                <Word id="tr_1_tl_56_w1" custom="readingOrder {index:0;}">
                    <Coords points="585,3237 585,3297 827,3297 827,3237"/>
                    <TextEquiv>
                        <Unicode>Abendblatt,</Unicode>
                    </TextEquiv>
                </Word>
                <Word id="tr_1_tl_56_w2" custom="readingOrder {index:1;}">
                    <Coords points="854,3230 854,3290 958,3290 958,3230"/>
                    <TextEquiv>
                        <Unicode>Berli</Unicode>
                    </TextEquiv>
                </Word>
                <TextEquiv>
                    <Unicode>Abendblatt, Berli</Unicode>
                </TextEquiv>
            </TextLine>
            <TextLine id="tr_1_tl_57" custom="readingOrder {index:56;}">
                <Coords points="417,3295 435,3295 461,3281 495,3302 510,3299 525,3313 553,3304 553,3223 524,3231 492,3228 486,3234 466,3221 448,3238 417,3234"/>
                <Baseline points="426,3283 451,3283 477,3283 503,3285 529,3285 555,3283"/>
                <Word id="tr_1_tl_57_w1" custom="readingOrder {index:0;}">
                    <Coords points="423,3243 423,3303 544,3303 544,3243"/>
                    <TextEquiv>
                        <Unicode>8Uhr</Unicode>
                    </TextEquiv>
                </Word>
                <TextEquiv>
                    <Unicode>8Uhr</Unicode>
                </TextEquiv>
            </TextLine>
            <TextLine id="tr_1_tl_58" custom="readingOrder {index:57;}">
                <Coords points="884,3347 909,3350 916,3342 927,3341 933,3347 949,3339 959,3351 985,3350 997,3275 981,3272 965,3278 949,3272 894,3280"/>
                <Baseline points="895,3334 927,3329 960,3324 993,3319"/>
                <Word id="tr_1_tl_58_w1" custom="readingOrder {index:0;}">
                    <Coords points="891,3287 891,3347 987,3347 987,3287"/>
                    <TextEquiv>
                        <Unicode>1937</Unicode>
                    </TextEquiv>
                </Word>
                <TextEquiv>
                    <Unicode>1937</Unicode>
                </TextEquiv>
            </TextLine>
            <TextLine id="tr_1_tl_59" custom="readingOrder {index:58;}">
                <Coords points="614,3388 730,3380 761,3364 785,3374 822,3354 846,3362 855,3283 782,3286 718,3307 690,3293 671,3301 652,3287 623,3292"/>
                <Baseline points="626,3361 651,3360 676,3358 701,3356 726,3354 752,3351 777,3347 802,3344 827,3342 853,3340"/>
                <Word id="tr_1_tl_59_w1" custom="readingOrder {index:0;}">
                    <Coords points="633,3320 633,3380 642,3380 642,3320"/>
                    <TextEquiv>
                        <Unicode>3</Unicode>
                    </TextEquiv>
                </Word>
                <Word id="tr_1_tl_59_w2" custom="readingOrder {index:1;}">
                    <Coords points="673,3316 673,3376 722,3376 722,3316"/>
                    <TextEquiv>
                        <Unicode>U.</Unicode>
                    </TextEquiv>
                </Word>
                <Word id="tr_1_tl_59_w3" custom="readingOrder {index:2;}">
                    <Coords points="743,3305 743,3365 832,3365 832,3305"/>
                    <TextEquiv>
                        <Unicode>OKT</Unicode>
                    </TextEquiv>
                </Word>
                <TextEquiv>
                    <Unicode>3 U. OKT</Unicode>
                </TextEquiv>
            </TextLine>
            <TextLine id="tr_1_tl_60" custom="readingOrder {index:59;}">
                <Coords points="379,3475 1052,3466 1184,3449 1185,3406 380,3419"/>
                <Baseline points="388,3450 430,3459 472,3462 514,3459 556,3456 598,3459 640,3457 682,3454 724,3453 766,3451 808,3450 850,3449 892,3448 934,3449 976,3447 1018,3446 1060,3444 1102,3444 1144,3441 1187,3441"/>
                <Word id="tr_1_tl_60_w1" custom="readingOrder {index:0;}">
                    <Coords points="384,3416 384,3476 453,3476 453,3416"/>
                    <TextEquiv>
                        <Unicode>Eine</Unicode>
                    </TextEquiv>
                </Word>
                <Word id="tr_1_tl_60_w2" custom="readingOrder {index:1;}">
                    <Coords points="474,3417 474,3477 589,3477 589,3417"/>
                    <TextEquiv>
                        <Unicode>Wiener</Unicode>
                    </TextEquiv>
                </Word>
                <Word id="tr_1_tl_60_w3" custom="readingOrder {index:2;}">
                    <Coords points="615,3413 615,3473 750,3473 750,3413"/>
                    <TextEquiv>
                        <Unicode>Operette</Unicode>
                    </TextEquiv>
                </Word>
                <Word id="tr_1_tl_60_w4" custom="readingOrder {index:3;}">
                    <Coords points="771,3410 771,3470 821,3470 821,3410"/>
                    <TextEquiv>
                        <Unicode>von</Unicode>
                    </TextEquiv>
                </Word>
                <Word id="tr_1_tl_60_w5" custom="readingOrder {index:4;}">
                    <Coords points="847,3408 847,3468 1012,3468 1012,3408"/>
                    <TextEquiv>
                        <Unicode>Reinhardt</Unicode>
                    </TextEquiv>
                </Word>
                <Word id="tr_1_tl_60_w6" custom="readingOrder {index:5;}">
                    <Coords points="1033,3403 1033,3463 1178,3463 1178,3403"/>
                    <TextEquiv>
                        <Unicode>behauptet</Unicode>
                    </TextEquiv>
                </Word>
                <TextEquiv>
                    <Unicode>Eine Wiener Operette von Reinhardt behauptet</Unicode>
                </TextEquiv>
            </TextLine>
            <TextLine id="tr_1_tl_61" custom="readingOrder {index:60;}">
                <Coords points="328,3519 1140,3506 1187,3501 1188,3454 328,3474"/>
                <Baseline points="337,3510 379,3504 422,3504 464,3504 507,3502 550,3499 592,3496 635,3497 678,3498 720,3497 763,3495 806,3495 848,3495 891,3494 934,3491 976,3489 1019,3489 1062,3489 1104,3486 1147,3486 1190,3486"/>
                <Word id="tr_1_tl_61_w1" custom="readingOrder {index:0;}">
                    <Coords points="328,3464 328,3524 417,3524 417,3464"/>
                    <TextEquiv>
                        <Unicode>zwar,</Unicode>
                    </TextEquiv>
                </Word>
                <Word id="tr_1_tl_61_w2" custom="readingOrder {index:1;}">
                    <Coords points="439,3464 439,3524 486,3524 486,3464"/>
                    <TextEquiv>
                        <Unicode>daß</Unicode>
                    </TextEquiv>
                </Word>
                <Word id="tr_1_tl_61_w3" custom="readingOrder {index:2;}">
                    <Coords points="513,3459 513,3519 577,3519 577,3459"/>
                    <TextEquiv>
                        <Unicode>„der</Unicode>
                    </TextEquiv>
                </Word>
                <Word id="tr_1_tl_61_w4" custom="readingOrder {index:3;}">
                    <Coords points="598,3457 598,3517 741,3517 741,3457"/>
                    <TextEquiv>
                        <Unicode>Herrgott</Unicode>
                    </TextEquiv>
                </Word>
                <Word id="tr_1_tl_61_w5" custom="readingOrder {index:4;}">
                    <Coords points="757,3455 757,3515 804,3515 804,3455"/>
                    <TextEquiv>
                        <Unicode>das</Unicode>
                    </TextEquiv>
                </Word>
                <Word id="tr_1_tl_61_w6" custom="readingOrder {index:5;}">
                    <Coords points="832,3454 832,3514 894,3514 894,3454"/>
                    <TextEquiv>
                        <Unicode>süße</Unicode>
                    </TextEquiv>
                </Word>
                <Word id="tr_1_tl_61_w7" custom="readingOrder {index:6;}">
                    <Coords points="916,3449 916,3509 1016,3509 1016,3449"/>
                    <TextEquiv>
                        <Unicode>Mädel</Unicode>
                    </TextEquiv>
                </Word>
                <Word id="tr_1_tl_61_w8" custom="readingOrder {index:7;}">
                    <Coords points="1038,3446 1038,3506 1175,3506 1175,3446"/>
                    <TextEquiv>
                        <Unicode>g'schaffen</Unicode>
                    </TextEquiv>
                </Word>
                <TextEquiv>
                    <Unicode>zwar, daß „der Herrgott das süße Mädel g'schaffen</Unicode>
                </TextEquiv>
            </TextLine>
            <TextLine id="tr_1_tl_62" custom="readingOrder {index:61;}">
                <Coords points="325,3562 1187,3541 1188,3501 325,3518"/>
                <Baseline points="334,3549 376,3549 419,3549 462,3547 505,3544 548,3541 590,3542 633,3541 676,3540 719,3539 762,3537 804,3537 847,3537 890,3536 933,3534 976,3534 1018,3534 1061,3531 1104,3528 1147,3528 1190,3531"/>
                <Word id="tr_1_tl_62_w1" custom="readingOrder {index:0;}">
                    <Coords points="327,3509 327,3569 404,3569 404,3509"/>
                    <TextEquiv>
                        <Unicode>hat".</Unicode>
                    </TextEquiv>
                </Word>
                <Word id="tr_1_tl_62_w2" custom="readingOrder {index:1;}">
                    <Coords points="451,3506 451,3566 494,3566 494,3506"/>
                    <TextEquiv>
                        <Unicode>In</Unicode>
                    </TextEquiv>
                </Word>
                <Word id="tr_1_tl_62_w3" custom="readingOrder {index:2;}">
                    <Coords points="529,3501 529,3561 716,3561 716,3501"/>
                    <TextEquiv>
                        <Unicode>Wirklichkeit</Unicode>
                    </TextEquiv>
                </Word>
                <Word id="tr_1_tl_62_w4" custom="readingOrder {index:3;}">
                    <Coords points="747,3497 747,3557 811,3557 811,3497"/>
                    <TextEquiv>
                        <Unicode>aber</Unicode>
                    </TextEquiv>
                </Word>
                <Word id="tr_1_tl_62_w5" custom="readingOrder {index:4;}">
                    <Coords points="850,3495 850,3555 948,3555 948,3495"/>
                    <TextEquiv>
                        <Unicode>wurde</Unicode>
                    </TextEquiv>
                </Word>
                <Word id="tr_1_tl_62_w6" custom="readingOrder {index:5;}">
                    <Coords points="979,3494 979,3554 1029,3554 1029,3494"/>
                    <TextEquiv>
                        <Unicode>das</Unicode>
                    </TextEquiv>
                </Word>
                <Word id="tr_1_tl_62_w7" custom="readingOrder {index:6;}">
                    <Coords points="1064,3488 1064,3548 1179,3548 1179,3488"/>
                    <TextEquiv>
                        <Unicode>Wiener</Unicode>
                    </TextEquiv>
                </Word>
                <TextEquiv>
                    <Unicode>hat". In Wirklichkeit aber wurde das Wiener</Unicode>
                </TextEquiv>
            </TextLine>
            <TextLine id="tr_1_tl_63" custom="readingOrder {index:62;}">
                <Coords points="331,3603 1187,3593 1187,3542 1140,3536 331,3562"/>
                <Baseline points="340,3584 379,3586 422,3587 464,3587 507,3587 550,3585 592,3584 635,3584 678,3582 720,3582 763,3583 806,3580 848,3578 891,3578 934,3577 976,3575 1019,3575 1062,3575 1104,3575 1147,3575 1190,3572"/>
                <Word id="tr_1_tl_63_w1" custom="readingOrder {index:0;}">
                    <Coords points="330,3545 330,3605 393,3605 393,3545"/>
                    <TextEquiv>
                        <Unicode>süße</Unicode>
                    </TextEquiv>
                </Word>
                <Word id="tr_1_tl_63_w2" custom="readingOrder {index:1;}">
                    <Coords points="420,3547 420,3607 520,3607 520,3547"/>
                    <TextEquiv>
                        <Unicode>Mädel</Unicode>
                    </TextEquiv>
                </Word>
                <Word id="tr_1_tl_63_w3" custom="readingOrder {index:2;}">
                    <Coords points="547,3544 547,3604 615,3604 615,3544"/>
                    <TextEquiv>
                        <Unicode>schon</Unicode>
                    </TextEquiv>
                </Word>
                <Word id="tr_1_tl_63_w4" custom="readingOrder {index:3;}">
                    <Coords points="647,3542 647,3602 710,3602 710,3542"/>
                    <TextEquiv>
                        <Unicode>zehn</Unicode>
                    </TextEquiv>
                </Word>
                <Word id="tr_1_tl_63_w5" custom="readingOrder {index:4;}">
                    <Coords points="738,3541 738,3601 833,3601 833,3541"/>
                    <TextEquiv>
                        <Unicode>Jahre</Unicode>
                    </TextEquiv>
                </Word>
                <Word id="tr_1_tl_63_w6" custom="readingOrder {index:5;}">
                    <Coords points="861,3537 861,3597 960,3597 960,3537"/>
                    <TextEquiv>
                        <Unicode>vorher</Unicode>
                    </TextEquiv>
                </Word>
                <Word id="tr_1_tl_63_w7" custom="readingOrder {index:6;}">
                    <Coords points="988,3535 988,3595 1042,3595 1042,3535"/>
                    <TextEquiv>
                        <Unicode>von</Unicode>
                    </TextEquiv>
                </Word>
                <Word id="tr_1_tl_63_w8" custom="readingOrder {index:7;}">
                    <Coords points="1069,3535 1069,3595 1178,3595 1178,3535"/>
                    <TextEquiv>
                        <Unicode>Arthur</Unicode>
                    </TextEquiv>
                </Word>
                <TextEquiv>
                    <Unicode>süße Mädel schon zehn Jahre vorher von Arthur</Unicode>
                </TextEquiv>
            </TextLine>
            <TextLine id="tr_1_tl_64" custom="readingOrder {index:63;}">
                <Coords points="338,3652 368,3669 415,3637 797,3626 975,3643 976,3591 952,3585 339,3605"/>
                <Baseline points="346,3635 377,3634 409,3634 440,3632 472,3632 504,3631 535,3629 567,3629 599,3629 630,3628 662,3626 694,3626 725,3625 757,3623 789,3625 820,3625 852,3622 884,3620 915,3620 947,3620 979,3620"/>
                <Word id="tr_1_tl_64_w1" custom="readingOrder {index:0;}">
                    <Coords points="338,3594 338,3654 480,3654 480,3594"/>
                    <TextEquiv>
                        <Unicode>Schnitzler</Unicode>
                    </TextEquiv>
                </Word>
                <Word id="tr_1_tl_64_w2" custom="readingOrder {index:1;}">
                    <Coords points="502,3590 502,3650 523,3650 523,3590"/>
                    <TextEquiv>
                        <Unicode>im</Unicode>
                    </TextEquiv>
                </Word>
                <Word id="tr_1_tl_64_w3" custom="readingOrder {index:2;}">
                    <Coords points="561,3589 561,3649 629,3649 629,3589"/>
                    <TextEquiv>
                        <Unicode>Buch</Unicode>
                    </TextEquiv>
                </Word>
                <Word id="tr_1_tl_64_w4" custom="readingOrder {index:3;}">
                    <Coords points="656,3584 656,3644 799,3644 799,3584"/>
                    <TextEquiv>
                        <Unicode>„Anatol“</Unicode>
                    </TextEquiv>
                </Word>
                <Word id="tr_1_tl_64_w5" custom="readingOrder {index:4;}">
                    <Coords points="821,3580 821,3640 979,3640 979,3580"/>
                    <TextEquiv>
                        <Unicode>geschaffen.</Unicode>
                    </TextEquiv>
                </Word>
                <TextEquiv>
                    <Unicode>Schnitzler im Buch „Anatol“ geschaffen.</Unicode>
                </TextEquiv>
            </TextLine>
            <TextLine id="tr_1_tl_65" custom="readingOrder {index:64;}">
                <Coords points="383,3697 460,3672 1193,3675 1193,3639 1143,3620 874,3651 385,3643"/>
                <Baseline points="394,3674 434,3671 474,3674 514,3674 554,3672 594,3671 634,3671 674,3670 714,3667 754,3665 795,3668 835,3665 875,3665 915,3663 955,3662 995,3662 1035,3662 1075,3662 1115,3661 1155,3659 1196,3659"/>
                <Word id="tr_1_tl_65_w1" custom="readingOrder {index:0;}">
                    <Coords points="388,3632 388,3692 442,3692 442,3632"/>
                    <TextEquiv>
                        <Unicode>Als</Unicode>
                    </TextEquiv>
                </Word>
                <Word id="tr_1_tl_65_w2" custom="readingOrder {index:1;}">
                    <Coords points="473,3633 473,3693 583,3693 583,3633"/>
                    <TextEquiv>
                        <Unicode>Arthür</Unicode>
                    </TextEquiv>
                </Word>
                <Word id="tr_1_tl_65_w3" custom="readingOrder {index:2;}">
                    <Coords points="614,3628 614,3688 764,3688 764,3628"/>
                    <TextEquiv>
                        <Unicode>Schnitzler</Unicode>
                    </TextEquiv>
                </Word>
                <Word id="tr_1_tl_65_w4" custom="readingOrder {index:3;}">
                    <Coords points="795,3625 795,3685 864,3685 864,3625"/>
                    <TextEquiv>
                        <Unicode>kurz</Unicode>
                    </TextEquiv>
                </Word>
                <Word id="tr_1_tl_65_w5" custom="readingOrder {index:4;}">
                    <Coords points="890,3622 890,3682 945,3682 945,3622"/>
                    <TextEquiv>
                        <Unicode>vor</Unicode>
                    </TextEquiv>
                </Word>
                <Word id="tr_1_tl_65_w6" custom="readingOrder {index:5;}">
                    <Coords points="976,3622 976,3682 1061,3682 1061,3622"/>
                    <TextEquiv>
                        <Unicode>seinem</Unicode>
                    </TextEquiv>
                </Word>
                <Word id="tr_1_tl_65_w7" custom="readingOrder {index:6;}">
                    <Coords points="1106,3619 1106,3679 1181,3679 1181,3619"/>
                    <TextEquiv>
                        <Unicode>Tode</Unicode>
                    </TextEquiv>
                </Word>
                <TextEquiv>
                    <Unicode>Als Arthür Schnitzler kurz vor seinem Tode</Unicode>
                </TextEquiv>
            </TextLine>
            <TextLine id="tr_1_tl_66" custom="readingOrder {index:65;}">
                <Coords points="328,3730 1190,3718 1167,3669 330,3674"/>
                <Baseline points="337,3722 379,3720 422,3719 465,3719 508,3719 551,3717 593,3716 636,3714 679,3713 722,3713 765,3712 807,3710 850,3710 893,3709 936,3707 979,3707 1021,3707 1064,3707 1107,3704 1150,3704 1193,3707"/>
                <Word id="tr_1_tl_66_w1" custom="readingOrder {index:0;}">
                    <Coords points="330,3680 330,3740 407,3740 407,3680"/>
                    <TextEquiv>
                        <Unicode>einen</Unicode>
                    </TextEquiv>
                </Word>
                <Word id="tr_1_tl_66_w2" custom="readingOrder {index:1;}">
                    <Coords points="442,3678 442,3738 575,3738 575,3678"/>
                    <TextEquiv>
                        <Unicode>Besucher</Unicode>
                    </TextEquiv>
                </Word>
                <Word id="tr_1_tl_66_w3" custom="readingOrder {index:2;}">
                    <Coords points="606,3673 606,3733 683,3733 683,3673"/>
                    <TextEquiv>
                        <Unicode>durch</Unicode>
                    </TextEquiv>
                </Word>
                <Word id="tr_1_tl_66_w4" custom="readingOrder {index:3;}">
                    <Coords points="718,3672 718,3732 765,3732 765,3672"/>
                    <TextEquiv>
                        <Unicode>das</Unicode>
                    </TextEquiv>
                </Word>
                <Word id="tr_1_tl_66_w5" custom="readingOrder {index:4;}">
                    <Coords points="800,3669 800,3729 941,3729 941,3669"/>
                    <TextEquiv>
                        <Unicode>verarmte</Unicode>
                    </TextEquiv>
                </Word>
                <Word id="tr_1_tl_66_w6" custom="readingOrder {index:5;}">
                    <Coords points="972,3667 972,3727 1049,3727 1049,3667"/>
                    <TextEquiv>
                        <Unicode>Wien</Unicode>
                    </TextEquiv>
                </Word>
                <Word id="tr_1_tl_66_w7" custom="readingOrder {index:6;}">
                    <Coords points="1084,3664 1084,3724 1195,3724 1195,3664"/>
                    <TextEquiv>
                        <Unicode>führte,</Unicode>
                    </TextEquiv>
                </Word>
                <TextEquiv>
                    <Unicode>einen Besucher durch das verarmte Wien führte,</Unicode>
                </TextEquiv>
            </TextLine>
            <TextLine id="tr_1_tl_67" custom="readingOrder {index:66;}">
                <Coords points="335,3778 1164,3765 1198,3719 335,3733"/>
                <Baseline points="343,3763 385,3763 428,3763 471,3761 514,3760 557,3759 599,3758 642,3758 685,3758 728,3757 771,3754 813,3752 856,3752 899,3752 942,3752 985,3751 1027,3749 1070,3749 1113,3749 1156,3749 1199,3749"/>
                <Word id="tr_1_tl_67_w1" custom="readingOrder {index:0;}">
                    <Coords points="337,3723 337,3783 388,3783 388,3723"/>
                    <TextEquiv>
                        <Unicode>und</Unicode>
                    </TextEquiv>
                </Word>
                <Word id="tr_1_tl_67_w2" custom="readingOrder {index:1;}">
                    <Coords points="423,3720 423,3780 525,3780 525,3720"/>
                    <TextEquiv>
                        <Unicode>dieser,</Unicode>
                    </TextEquiv>
                </Word>
                <Word id="tr_1_tl_67_w3" custom="readingOrder {index:2;}">
                    <Coords points="552,3718 552,3778 581,3778 581,3718"/>
                    <TextEquiv>
                        <Unicode>um</Unicode>
                    </TextEquiv>
                </Word>
                <Word id="tr_1_tl_67_w4" custom="readingOrder {index:3;}">
                    <Coords points="625,3718 625,3778 671,3778 671,3718"/>
                    <TextEquiv>
                        <Unicode>dem</Unicode>
                    </TextEquiv>
                </Word>
                <Word id="tr_1_tl_67_w5" custom="readingOrder {index:4;}">
                    <Coords points="715,3714 715,3774 825,3774 825,3714"/>
                    <TextEquiv>
                        <Unicode>Dichter</Unicode>
                    </TextEquiv>
                </Word>
                <Word id="tr_1_tl_67_w6" custom="readingOrder {index:5;}">
                    <Coords points="856,3712 856,3772 894,3772 894,3712"/>
                    <TextEquiv>
                        <Unicode>ein</Unicode>
                    </TextEquiv>
                </Word>
                <Word id="tr_1_tl_67_w7" custom="readingOrder {index:6;}">
                    <Coords points="929,3709 929,3769 1126,3769 1126,3709"/>
                    <TextEquiv>
                        <Unicode>Kompliment</Unicode>
                    </TextEquiv>
                </Word>
                <Word id="tr_1_tl_67_w8" custom="readingOrder {index:7;}">
                    <Coords points="1156,3709 1156,3769 1181,3769 1181,3709"/>
                    <TextEquiv>
                        <Unicode>zu</Unicode>
                    </TextEquiv>
                </Word>
                <TextEquiv>
                    <Unicode>und dieser, um dem Dichter ein Kompliment zu</Unicode>
                </TextEquiv>
            </TextLine>
            <TextLine id="tr_1_tl_68" custom="readingOrder {index:67;}">
                <Coords points="338,3819 1115,3814 1191,3807 1193,3758 338,3778"/>
                <Baseline points="346,3808 388,3808 431,3805 473,3808 516,3806 558,3805 601,3805 643,3803 686,3800 728,3799 771,3798 813,3796 856,3795 898,3793 941,3793 983,3793 1026,3793 1068,3793 1111,3793 1153,3793 1196,3790"/>
                <Word id="tr_1_tl_68_w1" custom="readingOrder {index:0;}">
                    <Coords points="336,3767 336,3827 455,3827 455,3767"/>
                    <TextEquiv>
                        <Unicode>machen,</Unicode>
                    </TextEquiv>
                </Word>
                <Word id="tr_1_tl_68_w2" custom="readingOrder {index:1;}">
                    <Coords points="474,3765 474,3825 580,3825 580,3765"/>
                    <TextEquiv>
                        <Unicode>fragte:</Unicode>
                    </TextEquiv>
                </Word>
                <Word id="tr_1_tl_68_w3" custom="readingOrder {index:2;}">
                    <Coords points="602,3763 602,3823 682,3823 682,3763"/>
                    <TextEquiv>
                        <Unicode>„...</Unicode>
                    </TextEquiv>
                </Word>
                <Word id="tr_1_tl_68_w4" custom="readingOrder {index:3;}">
                    <Coords points="700,3759 700,3819 753,3819 753,3759"/>
                    <TextEquiv>
                        <Unicode>und</Unicode>
                    </TextEquiv>
                </Word>
                <Word id="tr_1_tl_68_w5" custom="readingOrder {index:4;}">
                    <Coords points="780,3756 780,3816 837,3816 837,3756"/>
                    <TextEquiv>
                        <Unicode>was</Unicode>
                    </TextEquiv>
                </Word>
                <Word id="tr_1_tl_68_w6" custom="readingOrder {index:5;}">
                    <Coords points="865,3753 865,3813 895,3813 895,3753"/>
                    <TextEquiv>
                        <Unicode>ist</Unicode>
                    </TextEquiv>
                </Word>
                <Word id="tr_1_tl_68_w7" custom="readingOrder {index:6;}">
                    <Coords points="914,3753 914,3813 962,3813 962,3753"/>
                    <TextEquiv>
                        <Unicode>aus</Unicode>
                    </TextEquiv>
                </Word>
                <Word id="tr_1_tl_68_w8" custom="readingOrder {index:7;}">
                    <Coords points="989,3753 989,3813 1078,3813 1078,3753"/>
                    <TextEquiv>
                        <Unicode>Ihren</Unicode>
                    </TextEquiv>
                </Word>
                <Word id="tr_1_tl_68_w9" custom="readingOrder {index:8;}">
                    <Coords points="1105,3753 1105,3813 1184,3813 1184,3753"/>
                    <TextEquiv>
                        <Unicode>süßen</Unicode>
                    </TextEquiv>
                </Word>
                <TextEquiv>
                    <Unicode>machen, fragte: „... und was ist aus Ihren süßen</Unicode>
                </TextEquiv>
            </TextLine>
            <TextLine id="tr_1_tl_69" custom="readingOrder {index:68;}">
                <Coords points="341,3862 1190,3842 1190,3808 1075,3800 341,3819"/>
                <Baseline points="349,3853 391,3850 433,3850 475,3850 517,3847 560,3847 602,3847 644,3845 686,3844 728,3842 771,3841 813,3840 855,3838 897,3838 939,3837 982,3835 1024,3836 1066,3838 1108,3835 1150,3835 1193,3835"/>
                <Word id="tr_1_tl_69_w1" custom="readingOrder {index:0;}">
                    <Coords points="339,3810 339,3870 451,3870 451,3810"/>
                    <TextEquiv>
                        <Unicode>Mädels</Unicode>
                    </TextEquiv>
                </Word>
                <Word id="tr_1_tl_69_w2" custom="readingOrder {index:1;}">
                    <Coords points="481,3807 481,3867 685,3867 685,3807"/>
                    <TextEquiv>
                        <Unicode>geworden?“,</Unicode>
                    </TextEquiv>
                </Word>
                <Word id="tr_1_tl_69_w3" custom="readingOrder {index:2;}">
                    <Coords points="702,3802 702,3862 731,3862 731,3802"/>
                    <TextEquiv>
                        <Unicode>da</Unicode>
                    </TextEquiv>
                </Word>
                <Word id="tr_1_tl_69_w4" custom="readingOrder {index:3;}">
                    <Coords points="761,3798 761,3858 936,3858 936,3798"/>
                    <TextEquiv>
                        <Unicode>antwortete</Unicode>
                    </TextEquiv>
                </Word>
                <Word id="tr_1_tl_69_w5" custom="readingOrder {index:4;}">
                    <Coords points="961,3796 961,3856 1107,3856 1107,3796"/>
                    <TextEquiv>
                        <Unicode>Schnitzler</Unicode>
                    </TextEquiv>
                </Word>
                <Word id="tr_1_tl_69_w6" custom="readingOrder {index:5;}">
                    <Coords points="1136,3795 1136,3855 1194,3855 1194,3795"/>
                    <TextEquiv>
                        <Unicode>me¬</Unicode>
                    </TextEquiv>
                </Word>
                <TextEquiv>
                    <Unicode>Mädels geworden?“, da antwortete Schnitzler me¬</Unicode>
                </TextEquiv>
            </TextLine>
            <TextLine id="tr_1_tl_70" custom="readingOrder {index:69;}">
                <Coords points="347,3903 1181,3886 1181,3852 1100,3840 348,3865"/>
                <Baseline points="355,3898 396,3894 438,3893 479,3895 521,3894 562,3892 604,3889 645,3889 687,3889 728,3887 770,3884 811,3883 853,3883 894,3883 936,3883 977,3883 1019,3882 1060,3880 1102,3880 1143,3877 1185,3877"/>
                <Word id="tr_1_tl_70_w1" custom="readingOrder {index:0;}">
                    <Coords points="341,3853 341,3913 514,3913 514,3853"/>
                    <TextEquiv>
                        <Unicode>lancholisch:</Unicode>
                    </TextEquiv>
                </Word>
                <Word id="tr_1_tl_70_w2" custom="readingOrder {index:1;}">
                    <Coords points="532,3851 532,3911 603,3911 603,3851"/>
                    <TextEquiv>
                        <Unicode>„Sie</Unicode>
                    </TextEquiv>
                </Word>
                <Word id="tr_1_tl_70_w3" custom="readingOrder {index:2;}">
                    <Coords points="625,3849 625,3909 678,3909 678,3849"/>
                    <TextEquiv>
                        <Unicode>sind</Unicode>
                    </TextEquiv>
                </Word>
                <Word id="tr_1_tl_70_w4" custom="readingOrder {index:3;}">
                    <Coords points="706,3847 706,3907 745,3907 745,3847"/>
                    <TextEquiv>
                        <Unicode>tot</Unicode>
                    </TextEquiv>
                </Word>
                <Word id="tr_1_tl_70_w5" custom="readingOrder {index:4;}">
                    <Coords points="768,3843 768,3903 776,3903 776,3843"/>
                    <TextEquiv>
                        <Unicode>—</Unicode>
                    </TextEquiv>
                </Word>
                <Word id="tr_1_tl_70_w6" custom="readingOrder {index:5;}">
                    <Coords points="821,3843 821,3903 887,3903 887,3843"/>
                    <TextEquiv>
                        <Unicode>oder</Unicode>
                    </TextEquiv>
                </Word>
                <Word id="tr_1_tl_70_w7" custom="readingOrder {index:6;}">
                    <Coords points="910,3843 910,3903 941,3903 941,3843"/>
                    <TextEquiv>
                        <Unicode>sie</Unicode>
                    </TextEquiv>
                </Word>
                <Word id="tr_1_tl_70_w8" custom="readingOrder {index:7;}">
                    <Coords points="963,3842 963,3902 1061,3902 1061,3842"/>
                    <TextEquiv>
                        <Unicode>tragen</Unicode>
                    </TextEquiv>
                </Word>
                <Word id="tr_1_tl_70_w9" custom="readingOrder {index:8;}">
                    <Coords points="1092,3837 1092,3897 1176,3897 1176,3837"/>
                    <TextEquiv>
                        <Unicode>seider</Unicode>
                    </TextEquiv>
                </Word>
                <TextEquiv>
                    <Unicode>lancholisch: „Sie sind tot — oder sie tragen seider</Unicode>
                </TextEquiv>
            </TextLine>
            <TextLine id="tr_1_tl_71" custom="readingOrder {index:70;}">
                <Coords points="347,3964 370,3967 393,3958 434,3967 446,3961 518,3959 518,3910 503,3912 487,3901 477,3907 469,3900 455,3910 406,3910 394,3901 377,3910 347,3907"/>
                <Baseline points="355,3937 382,3937 410,3937 438,3937 466,3937 494,3937 522,3937"/>
                <Word id="tr_1_tl_71_w1" custom="readingOrder {index:0;}">
                    <Coords points="346,3897 346,3957 521,3957 521,3897"/>
                    <TextEquiv>
                        <Unicode>Strümpfe.</Unicode>
                    </TextEquiv>
                </Word>
                <TextEquiv>
                    <Unicode>Strümpfe.</Unicode>
                </TextEquiv>
            </TextLine>
            <TextEquiv>
                <Unicode></Unicode>
            </TextEquiv>
        </TextRegion>
        <TextRegion orientation="0.0" id="tr_2" custom="readingOrder {index:1;}">
            <Coords points="1411,314 1411,3876 2510,3876 2510,314"/>
            <TextLine id="tr_2_tl_1" custom="readingOrder {index:0;}">
                <Coords points="1402,357 1459,350 1488,367 1615,336 1691,364 1822,348 1821,284 1807,278 1744,278 1725,296 1641,283 1586,309 1540,286 1491,299 1433,273 1401,283"/>
                <Baseline points="1411,337 1436,337 1462,337 1488,339 1514,340 1540,340 1566,339 1592,337 1618,339 1644,340 1670,340 1696,340 1722,340 1748,338 1774,337 1800,339 1826,340"/>
                <Word id="tr_2_tl_1_w1" custom="readingOrder {index:0;}">
                    <Coords points="1398,297 1398,357 1531,357 1531,297"/>
                    <TextEquiv>
                        <Unicode>box</Unicode>
                    </TextEquiv>
                </Word>
                <Word id="tr_2_tl_1_w2" custom="readingOrder {index:1;}">
                    <Coords points="1603,300 1603,360 1791,360 1791,300"/>
                    <TextEquiv>
                        <Unicode>44/2</Unicode>
                    </TextEquiv>
                </Word>
                <TextEquiv>
                    <Unicode>box 44/2</Unicode>
                </TextEquiv>
            </TextLine>
            <TextLine id="tr_2_tl_2" custom="readingOrder {index:1;}">
                <Coords points="1578,1063 1961,1077 2423,1040 2424,988 2345,959 1581,993"/>
                <Baseline points="1587,1053 1631,1053 1675,1052 1719,1052 1763,1056 1807,1053 1851,1043 1896,1033 1940,1031 1984,1035 2028,1037 2072,1042 2116,1043 2161,1040 2205,1037 2249,1038 2293,1038 2337,1032 2381,1029 2426,1029"/>
                <Word id="tr_2_tl_2_w1" custom="readingOrder {index:0;}">
                    <Coords points="1592,991 1592,1051 2298,1051 2298,991"/>
                    <TextEquiv>
                        <Unicode>OBSERVER</Unicode>
                    </TextEquiv>
                </Word>
                <TextEquiv>
                    <Unicode>OBSERVER</Unicode>
                </TextEquiv>
            </TextLine>
            <TextLine id="tr_2_tl_3" custom="readingOrder {index:2;}">
                <Coords points="1676,1124 2317,1106 2317,1065 2178,1051 2117,1077 1677,1080"/>
                <Baseline points="1686,1110 1717,1110 1749,1109 1780,1107 1812,1107 1844,1107 1875,1107 1907,1105 1939,1104 1970,1104 2002,1104 2034,1102 2065,1101 2097,1101 2129,1099 2160,1098 2192,1098 2224,1098 2255,1096 2287,1093 2319,1089"/>
                <Word id="tr_2_tl_3_w1" custom="readingOrder {index:0;}">
                    <Coords points="1679,1070 1679,1130 1705,1130 1705,1070"/>
                    <TextEquiv>
                        <Unicode>I.</Unicode>
                    </TextEquiv>
                </Word>
                <Word id="tr_2_tl_3_w2" custom="readingOrder {index:1;}">
                    <Coords points="1719,1067 1719,1127 1835,1127 1835,1067"/>
                    <TextEquiv>
                        <Unicode>österr.</Unicode>
                    </TextEquiv>
                </Word>
                <Word id="tr_2_tl_3_w3" custom="readingOrder {index:2;}">
                    <Coords points="1849,1064 1849,1124 1995,1124 1995,1064"/>
                    <TextEquiv>
                        <Unicode>behördl.</Unicode>
                    </TextEquiv>
                </Word>
                <Word id="tr_2_tl_3_w4" custom="readingOrder {index:3;}">
                    <Coords points="2009,1058 2009,1118 2308,1118 2308,1058"/>
                    <TextEquiv>
                        <Unicode>konzessioniertes</Unicode>
                    </TextEquiv>
                </Word>
                <TextEquiv>
                    <Unicode>I. österr. behördl. konzessioniertes</Unicode>
                </TextEquiv>
            </TextLine>
            <TextLine id="tr_2_tl_4" custom="readingOrder {index:3;}">
                <Coords points="1636,1158 2336,1161 2369,1152 2371,1101 1964,1127 1637,1109"/>
                <Baseline points="1644,1149 1680,1152 1717,1151 1753,1149 1790,1149 1826,1149 1863,1147 1899,1146 1936,1145 1972,1143 2009,1143 2046,1143 2082,1143 2119,1142 2155,1140 2192,1140 2228,1138 2265,1137 2301,1136 2338,1134 2375,1137"/>
                <Word id="tr_2_tl_4_w1" custom="readingOrder {index:0;}">
                    <Coords points="1635,1109 1635,1169 1870,1169 1870,1109"/>
                    <TextEquiv>
                        <Unicode>Unternehmen</Unicode>
                    </TextEquiv>
                </Word>
                <Word id="tr_2_tl_4_w2" custom="readingOrder {index:1;}">
                    <Coords points="1898,1105 1898,1165 1943,1165 1943,1105"/>
                    <TextEquiv>
                        <Unicode>für</Unicode>
                    </TextEquiv>
                </Word>
                <Word id="tr_2_tl_4_w3" custom="readingOrder {index:2;}">
                    <Coords points="1975,1100 1975,1160 2357,1160 2357,1100"/>
                    <TextEquiv>
                        <Unicode>Zeitungs-Ausschnitte</Unicode>
                    </TextEquiv>
                </Word>
                <TextEquiv>
                    <Unicode>Unternehmen für Zeitungs-Ausschnitte</Unicode>
                </TextEquiv>
            </TextLine>
            <TextLine id="tr_2_tl_5" custom="readingOrder {index:4;}">
                <Coords points="1685,1231 2328,1208 2317,1155 1860,1181 1816,1158 1686,1162"/>
                <Baseline points="1695,1211 1726,1210 1758,1208 1790,1208 1822,1210 1854,1210 1885,1208 1917,1206 1949,1204 1981,1203 2013,1205 2044,1205 2076,1205 2108,1205 2140,1203 2172,1202 2203,1202 2235,1199 2267,1199 2299,1198 2331,1196"/>
                <Word id="tr_2_tl_5_w1" custom="readingOrder {index:0;}">
                    <Coords points="1688,1168 1688,1228 1837,1228 1837,1168"/>
                    <TextEquiv>
                        <Unicode>WIEN,</Unicode>
                    </TextEquiv>
                </Word>
                <Word id="tr_2_tl_5_w2" custom="readingOrder {index:1;}">
                    <Coords points="1866,1167 1866,1227 1912,1227 1912,1167"/>
                    <TextEquiv>
                        <Unicode>I.,</Unicode>
                    </TextEquiv>
                </Word>
                <Word id="tr_2_tl_5_w3" custom="readingOrder {index:2;}">
                    <Coords points="1941,1165 1941,1225 2227,1225 2227,1165"/>
                    <TextEquiv>
                        <Unicode>WOLLZEILE</Unicode>
                    </TextEquiv>
                </Word>
                <Word id="tr_2_tl_5_w4" custom="readingOrder {index:3;}">
                    <Coords points="2276,1158 2276,1218 2315,1218 2315,1158"/>
                    <TextEquiv>
                        <Unicode>11</Unicode>
                    </TextEquiv>
                </Word>
                <TextEquiv>
                    <Unicode>WIEN, I., WOLLZEILE 11</Unicode>
                </TextEquiv>
            </TextLine>
            <TextLine id="tr_2_tl_6" custom="readingOrder {index:5;}">
                <Coords points="1787,1268 2210,1265 2236,1256 2238,1217 1789,1225"/>
                <Baseline points="1796,1259 1822,1259 1848,1259 1874,1259 1900,1258 1926,1256 1952,1256 1978,1256 2004,1256 2030,1256 2056,1256 2082,1254 2108,1253 2134,1251 2160,1250 2186,1250 2212,1250 2238,1250"/>
                <Word id="tr_2_tl_6_w1" custom="readingOrder {index:0;}">
                    <Coords points="1787,1218 1787,1278 2006,1278 2006,1218"/>
                    <TextEquiv>
                        <Unicode>TELEPHON</Unicode>
                    </TextEquiv>
                </Word>
                <Word id="tr_2_tl_6_w2" custom="readingOrder {index:1;}">
                    <Coords points="2039,1211 2039,1271 2215,1271 2215,1211"/>
                    <TextEquiv>
                        <Unicode>R-23-0-43</Unicode>
                    </TextEquiv>
                </Word>
                <TextEquiv>
                    <Unicode>TELEPHON R-23-0-43</Unicode>
                </TextEquiv>
            </TextLine>
            <TextLine id="tr_2_tl_7" custom="readingOrder {index:6;}">
                <Coords points="1596,1422 1630,1431 1767,1413 1839,1434 1879,1405 1928,1405 1929,1366 1900,1356 1871,1369 1813,1343 1752,1370 1659,1355 1598,1369"/>
                <Baseline points="1605,1405 1630,1407 1655,1405 1680,1405 1705,1405 1730,1405 1755,1405 1780,1403 1805,1401 1830,1400 1855,1399 1880,1399 1905,1398 1931,1396"/>
                <Word id="tr_2_tl_7_w1" custom="readingOrder {index:0;}">
                    <Coords points="1598,1365 1598,1425 1814,1425 1814,1365"/>
                    <TextEquiv>
                        <Unicode>Ausschnitt</Unicode>
                    </TextEquiv>
                </Word>
                <Word id="tr_2_tl_7_w2" custom="readingOrder {index:1;}">
                    <Coords points="1839,1358 1839,1418 1925,1418 1925,1358"/>
                    <TextEquiv>
                        <Unicode>aus:</Unicode>
                    </TextEquiv>
                </Word>
                <TextEquiv>
                    <Unicode>Ausschnitt aus:</Unicode>
                </TextEquiv>
            </TextLine>
            <TextLine id="tr_2_tl_8" custom="readingOrder {index:7;}">
                <Coords points="1828,1479 1966,1454 2029,1471 2097,1459 2129,1480 2201,1451 2226,1468 2322,1459 2325,1387 2293,1376 2152,1393 2132,1373 2039,1404 2010,1384 1830,1431"/>
                <Baseline points="1838,1450 1863,1450 1889,1450 1914,1450 1940,1449 1966,1447 1991,1447 2017,1447 2043,1445 2068,1444 2094,1444 2119,1444 2145,1444 2171,1442 2196,1441 2222,1439 2248,1437 2273,1435 2299,1435 2325,1435"/>
                <Word id="tr_2_tl_8_w1" custom="readingOrder {index:0;}">
                    <Coords points="1840,1410 1840,1470 1947,1470 1947,1410"/>
                    <TextEquiv>
                        <Unicode>Neues</Unicode>
                    </TextEquiv>
                </Word>
                <Word id="tr_2_tl_8_w2" custom="readingOrder {index:1;}">
                    <Coords points="1972,1405 1972,1465 2109,1465 2109,1405"/>
                    <TextEquiv>
                        <Unicode>Wiener</Unicode>
                    </TextEquiv>
                </Word>
                <Word id="tr_2_tl_8_w3" custom="readingOrder {index:2;}">
                    <Coords points="2126,1398 2126,1458 2325,1458 2325,1398"/>
                    <TextEquiv>
                        <Unicode>Extrablatt</Unicode>
                    </TextEquiv>
                </Word>
                <TextEquiv>
                    <Unicode>Neues Wiener Extrablatt</Unicode>
                </TextEquiv>
            </TextLine>
            <TextLine id="tr_2_tl_9" custom="readingOrder {index:8;}">
                <Coords points="1873,1630 1917,1615 1999,1644 2056,1621 2099,1634 2143,1625 2183,1644 2200,1631 2239,1644 2261,1634 2258,1567 1906,1535 1870,1544"/>
                <Baseline points="1880,1602 1905,1604 1931,1605 1957,1607 1982,1609 2008,1611 2034,1612 2059,1614 2085,1616 2111,1617 2136,1617 2162,1618 2188,1620 2213,1619 2239,1617 2265,1614"/>
                <Word id="tr_2_tl_9_w1" custom="readingOrder {index:0;}">
                    <Coords points="1878,1562 1878,1622 1896,1622 1896,1562"/>
                    <TextEquiv>
                        <Unicode>3</Unicode>
                    </TextEquiv>
                </Word>
                <Word id="tr_2_tl_9_w2" custom="readingOrder {index:1;}">
                    <Coords points="1926,1566 1926,1626 1972,1626 1972,1566"/>
                    <TextEquiv>
                        <Unicode>U.</Unicode>
                    </TextEquiv>
                </Word>
                <Word id="tr_2_tl_9_w3" custom="readingOrder {index:2;}">
                    <Coords points="1993,1573 1993,1633 2116,1633 2116,1573"/>
                    <TextEquiv>
                        <Unicode>OKT.</Unicode>
                    </TextEquiv>
                </Word>
                <Word id="tr_2_tl_9_w4" custom="readingOrder {index:3;}">
                    <Coords points="2136,1580 2136,1640 2240,1640 2240,1580"/>
                    <TextEquiv>
                        <Unicode>1931</Unicode>
                    </TextEquiv>
                </Word>
                <TextEquiv>
                    <Unicode>3 U. OKT. 1931</Unicode>
                </TextEquiv>
            </TextLine>
            <TextLine id="tr_2_tl_10" custom="readingOrder {index:9;}">
                <Coords points="1596,1636 1605,1636 1621,1648 1631,1636 1641,1642 1674,1641 1683,1648 1721,1650 1720,1598 1705,1599 1696,1592 1683,1593 1673,1601 1660,1593 1654,1598 1647,1593 1627,1601 1610,1589 1595,1589"/>
                <Baseline points="1605,1629 1635,1629 1665,1630 1695,1632 1725,1629"/>
                <Word id="tr_2_tl_10_w1" custom="readingOrder {index:0;}">
                    <Coords points="1600,1589 1600,1649 1714,1649 1714,1589"/>
                    <TextEquiv>
                        <Unicode>vom:</Unicode>
                    </TextEquiv>
                </Word>
                <TextEquiv>
                    <Unicode>vom:</Unicode>
                </TextEquiv>
            </TextLine>
            <TextLine id="tr_2_tl_11" custom="readingOrder {index:10;}">
                <Coords points="1642,1721 2473,1741 2471,1671 2397,1663 1641,1654"/>
                <Baseline points="1650,1713 1691,1716 1732,1716 1774,1716 1815,1716 1856,1716 1898,1718 1939,1719 1980,1719 2022,1720 2063,1722 2104,1722 2146,1722 2187,1722 2228,1722 2270,1722 2311,1722 2352,1724 2394,1725 2435,1723 2477,1719"/>
                <Word id="tr_2_tl_11_w1" custom="readingOrder {index:0;}">
                    <Coords points="1647,1681 1647,1741 2448,1741 2448,1681"/>
                    <TextEquiv>
                        <Unicode>Arthur=Schnitzler=Anekdoten</Unicode>
                    </TextEquiv>
                </Word>
                <TextEquiv>
                    <Unicode>Arthur=Schnitzler=Anekdoten</Unicode>
                </TextEquiv>
            </TextLine>
            <TextLine id="tr_2_tl_12" custom="readingOrder {index:11;}">
                <Coords points="1659,1772 1912,1772 1999,1806 2128,1783 2470,1801 2488,1746 1657,1734"/>
                <Baseline points="1665,1767 1706,1770 1747,1770 1789,1770 1830,1770 1871,1770 1913,1772 1954,1773 1995,1774 2037,1777 2078,1779 2119,1779 2161,1779 2202,1779 2243,1779 2285,1779 2326,1779 2367,1780 2409,1781 2450,1781 2492,1781"/>
                <Word id="tr_2_tl_12_w1" custom="readingOrder {index:0;}">
                    <Coords points="1663,1730 1663,1790 1770,1790 1770,1730"/>
                    <TextEquiv>
                        <Unicode>Gegen</Unicode>
                    </TextEquiv>
                </Word>
                <Word id="tr_2_tl_12_w2" custom="readingOrder {index:1;}">
                    <Coords points="1794,1730 1794,1790 1896,1790 1896,1730"/>
                    <TextEquiv>
                        <Unicode>Ende</Unicode>
                    </TextEquiv>
                </Word>
                <Word id="tr_2_tl_12_w3" custom="readingOrder {index:2;}">
                    <Coords points="1913,1732 1913,1792 1969,1792 1969,1732"/>
                    <TextEquiv>
                        <Unicode>des</Unicode>
                    </TextEquiv>
                </Word>
                <Word id="tr_2_tl_12_w4" custom="readingOrder {index:3;}">
                    <Coords points="1999,1737 1999,1797 2100,1797 2100,1737"/>
                    <TextEquiv>
                        <Unicode>ersten</Unicode>
                    </TextEquiv>
                </Word>
                <Word id="tr_2_tl_12_w5" custom="readingOrder {index:4;}">
                    <Coords points="2129,1739 2129,1799 2345,1799 2345,1739"/>
                    <TextEquiv>
                        <Unicode>Jährzehnts</Unicode>
                    </TextEquiv>
                </Word>
                <Word id="tr_2_tl_12_w6" custom="readingOrder {index:5;}">
                    <Coords points="2374,1741 2374,1801 2475,1801 2475,1741"/>
                    <TextEquiv>
                        <Unicode>dieses</Unicode>
                    </TextEquiv>
                </Word>
                <TextEquiv>
                    <Unicode>Gegen Ende des ersten Jährzehnts dieses</Unicode>
                </TextEquiv>
            </TextLine>
            <TextLine id="tr_2_tl_13" custom="readingOrder {index:12;}">
                <Coords points="1608,1825 2482,1839 2482,1795 2439,1792 1608,1780"/>
                <Baseline points="1617,1820 1660,1817 1703,1820 1747,1820 1790,1820 1834,1823 1877,1821 1921,1822 1964,1823 2008,1823 2051,1823 2094,1825 2138,1826 2181,1826 2225,1826 2268,1826 2312,1826 2355,1827 2399,1828 2442,1826 2486,1826"/>
                <Word id="tr_2_tl_13_w1" custom="readingOrder {index:0;}">
                    <Coords points="1612,1780 1612,1840 1873,1840 1873,1780"/>
                    <TextEquiv>
                        <Unicode>Jahrhunderts</Unicode>
                    </TextEquiv>
                </Word>
                <Word id="tr_2_tl_13_w2" custom="readingOrder {index:1;}">
                    <Coords points="1908,1782 1908,1842 1957,1842 1957,1782"/>
                    <TextEquiv>
                        <Unicode>kam</Unicode>
                    </TextEquiv>
                </Word>
                <Word id="tr_2_tl_13_w3" custom="readingOrder {index:2;}">
                    <Coords points="2002,1783 2002,1843 2036,1843 2036,1783"/>
                    <TextEquiv>
                        <Unicode>an</Unicode>
                    </TextEquiv>
                </Word>
                <Word id="tr_2_tl_13_w4" custom="readingOrder {index:3;}">
                    <Coords points="2091,1786 2091,1846 2244,1846 2244,1786"/>
                    <TextEquiv>
                        <Unicode>manchen</Unicode>
                    </TextEquiv>
                </Word>
                <Word id="tr_2_tl_13_w5" custom="readingOrder {index:4;}">
                    <Coords points="2298,1786 2298,1846 2382,1846 2382,1786"/>
                    <TextEquiv>
                        <Unicode>recht</Unicode>
                    </TextEquiv>
                </Word>
                <Word id="tr_2_tl_13_w6" custom="readingOrder {index:5;}">
                    <Coords points="2427,1786 2427,1846 2480,1846 2480,1786"/>
                    <TextEquiv>
                        <Unicode>be¬</Unicode>
                    </TextEquiv>
                </Word>
                <TextEquiv>
                    <Unicode>Jahrhunderts kam an manchen recht be¬</Unicode>
                </TextEquiv>
            </TextLine>
            <TextLine id="tr_2_tl_14" custom="readingOrder {index:13;}">
                <Coords points="1608,1871 2485,1897 2485,1841 2410,1825 2250,1854 1608,1825"/>
                <Baseline points="1617,1865 1660,1865 1704,1868 1747,1868 1791,1868 1835,1868 1878,1870 1922,1871 1965,1871 2009,1871 2053,1871 2096,1873 2140,1872 2183,1873 2227,1874 2271,1874 2314,1876 2358,1877 2401,1877 2445,1877 2489,1877"/>
                <Word id="tr_2_tl_14_w1" custom="readingOrder {index:0;}">
                    <Coords points="1613,1827 1613,1887 1793,1887 1793,1827"/>
                    <TextEquiv>
                        <Unicode>deutenden</Unicode>
                    </TextEquiv>
                </Word>
                <Word id="tr_2_tl_14_w2" custom="readingOrder {index:1;}">
                    <Coords points="1834,1830 1834,1890 1974,1890 1974,1830"/>
                    <TextEquiv>
                        <Unicode>Bühnen</Unicode>
                    </TextEquiv>
                </Word>
                <Word id="tr_2_tl_14_w3" custom="readingOrder {index:2;}">
                    <Coords points="2015,1831 2015,1891 2066,1891 2066,1831"/>
                    <TextEquiv>
                        <Unicode>die</Unicode>
                    </TextEquiv>
                </Word>
                <Word id="tr_2_tl_14_w4" custom="readingOrder {index:3;}">
                    <Coords points="2101,1832 2101,1892 2201,1892 2201,1832"/>
                    <TextEquiv>
                        <Unicode>Mode</Unicode>
                    </TextEquiv>
                </Word>
                <Word id="tr_2_tl_14_w5" custom="readingOrder {index:4;}">
                    <Coords points="2257,1835 2257,1895 2332,1895 2332,1835"/>
                    <TextEquiv>
                        <Unicode>auf,</Unicode>
                    </TextEquiv>
                </Word>
                <Word id="tr_2_tl_14_w6" custom="readingOrder {index:5;}">
                    <Coords points="2378,1837 2378,1897 2473,1897 2473,1837"/>
                    <TextEquiv>
                        <Unicode>durch</Unicode>
                    </TextEquiv>
                </Word>
                <TextEquiv>
                    <Unicode>deutenden Bühnen die Mode auf, durch</Unicode>
                </TextEquiv>
            </TextLine>
            <TextLine id="tr_2_tl_15" custom="readingOrder {index:14;}">
                <Coords points="1615,1928 2491,1943 2491,1897 2423,1883 1615,1885"/>
                <Baseline points="1623,1913 1666,1916 1710,1916 1753,1919 1797,1919 1841,1919 1884,1919 1928,1919 1971,1919 2015,1921 2059,1922 2102,1922 2146,1922 2189,1922 2233,1922 2277,1922 2320,1924 2364,1925 2407,1925 2451,1924 2495,1922"/>
                <Word id="tr_2_tl_15_w1" custom="readingOrder {index:0;}">
                    <Coords points="1615,1878 1615,1938 1884,1938 1884,1878"/>
                    <TextEquiv>
                        <Unicode>rabenschwarze</Unicode>
                    </TextEquiv>
                </Word>
                <Word id="tr_2_tl_15_w2" custom="readingOrder {index:1;}">
                    <Coords points="1917,1879 1917,1939 2017,1939 2017,1879"/>
                    <TextEquiv>
                        <Unicode>Nacht</Unicode>
                    </TextEquiv>
                </Word>
                <Word id="tr_2_tl_15_w3" custom="readingOrder {index:2;}">
                    <Coords points="2044,1882 2044,1942 2102,1942 2102,1882"/>
                    <TextEquiv>
                        <Unicode>auf</Unicode>
                    </TextEquiv>
                </Word>
                <Word id="tr_2_tl_15_w4" custom="readingOrder {index:3;}">
                    <Coords points="2134,1882 2134,1942 2186,1942 2186,1882"/>
                    <TextEquiv>
                        <Unicode>der</Unicode>
                    </TextEquiv>
                </Word>
                <Word id="tr_2_tl_15_w5" custom="readingOrder {index:4;}">
                    <Coords points="2219,1882 2219,1942 2340,1942 2340,1882"/>
                    <TextEquiv>
                        <Unicode>Bühne</Unicode>
                    </TextEquiv>
                </Word>
                <Word id="tr_2_tl_15_w6" custom="readingOrder {index:5;}">
                    <Coords points="2368,1884 2368,1944 2483,1944 2483,1884"/>
                    <TextEquiv>
                        <Unicode>Stim¬</Unicode>
                    </TextEquiv>
                </Word>
                <TextEquiv>
                    <Unicode>rabenschwarze Nacht auf der Bühne Stim¬</Unicode>
                </TextEquiv>
            </TextLine>
            <TextLine id="tr_2_tl_16" custom="readingOrder {index:15;}">
                <Coords points="1612,1967 2485,1987 2484,1941 2426,1931 2041,1929 2007,1955 1917,1925 1612,1928"/>
                <Baseline points="1620,1964 1663,1964 1706,1967 1750,1967 1793,1967 1837,1967 1880,1969 1924,1968 1967,1969 2011,1972 2054,1971 2097,1970 2141,1970 2184,1972 2228,1975 2271,1974 2315,1973 2358,1973 2402,1973 2445,1973 2489,1973"/>
                <Word id="tr_2_tl_16_w1" custom="readingOrder {index:0;}">
                    <Coords points="1612,1924 1612,1984 1714,1984 1714,1924"/>
                    <TextEquiv>
                        <Unicode>mung</Unicode>
                    </TextEquiv>
                </Word>
                <Word id="tr_2_tl_16_w2" custom="readingOrder {index:1;}">
                    <Coords points="1751,1927 1751,1987 1781,1987 1781,1927"/>
                    <TextEquiv>
                        <Unicode>zu</Unicode>
                    </TextEquiv>
                </Word>
                <Word id="tr_2_tl_16_w3" custom="readingOrder {index:2;}">
                    <Coords points="1823,1928 1823,1988 2003,1988 2003,1928"/>
                    <TextEquiv>
                        <Unicode>erzeugen.</Unicode>
                    </TextEquiv>
                </Word>
                <Word id="tr_2_tl_16_w4" custom="readingOrder {index:3;}">
                    <Coords points="2029,1931 2029,1991 2076,1991 2076,1931"/>
                    <TextEquiv>
                        <Unicode>Zu</Unicode>
                    </TextEquiv>
                </Word>
                <Word id="tr_2_tl_16_w5" custom="readingOrder {index:4;}">
                    <Coords points="2118,1931 2118,1991 2210,1991 2210,1931"/>
                    <TextEquiv>
                        <Unicode>jener</Unicode>
                    </TextEquiv>
                </Word>
                <Word id="tr_2_tl_16_w6" custom="readingOrder {index:5;}">
                    <Coords points="2241,1933 2241,1993 2318,1993 2318,1933"/>
                    <TextEquiv>
                        <Unicode>Zeit</Unicode>
                    </TextEquiv>
                </Word>
                <Word id="tr_2_tl_16_w7" custom="readingOrder {index:6;}">
                    <Coords points="2350,1933 2350,1993 2473,1993 2473,1933"/>
                    <TextEquiv>
                        <Unicode>brachte</Unicode>
                    </TextEquiv>
                </Word>
                <TextEquiv>
                    <Unicode>mung zu erzeugen. Zu jener Zeit brachte</Unicode>
                </TextEquiv>
            </TextLine>
            <TextLine id="tr_2_tl_17" custom="readingOrder {index:16;}">
                <Coords points="1602,2025 2481,2042 2479,1995 2417,1981 1850,1992 1602,1964"/>
                <Baseline points="1611,2008 1654,2011 1698,2011 1741,2014 1785,2014 1829,2014 1872,2014 1916,2016 1959,2017 2003,2017 2047,2017 2090,2017 2134,2017 2177,2017 2221,2019 2265,2020 2308,2020 2352,2022 2395,2023 2439,2023 2483,2023"/>
                <Word id="tr_2_tl_17_w1" custom="readingOrder {index:0;}">
                    <Coords points="1607,1969 1607,2029 1670,2029 1670,1969"/>
                    <TextEquiv>
                        <Unicode>das</Unicode>
                    </TextEquiv>
                </Word>
                <Word id="tr_2_tl_17_w2" custom="readingOrder {index:1;}">
                    <Coords points="1703,1974 1703,2034 1841,2034 1841,1974"/>
                    <TextEquiv>
                        <Unicode>Wiener</Unicode>
                    </TextEquiv>
                </Word>
                <Word id="tr_2_tl_17_w3" custom="readingOrder {index:2;}">
                    <Coords points="1868,1977 1868,2037 2101,2037 2101,1977"/>
                    <TextEquiv>
                        <Unicode>Burgtheater</Unicode>
                    </TextEquiv>
                </Word>
                <Word id="tr_2_tl_17_w4" custom="readingOrder {index:3;}">
                    <Coords points="2129,1977 2129,2037 2181,2037 2181,1977"/>
                    <TextEquiv>
                        <Unicode>die</Unicode>
                    </TextEquiv>
                </Word>
                <Word id="tr_2_tl_17_w5" custom="readingOrder {index:4;}">
                    <Coords points="2208,1981 2208,2041 2473,2041 2473,1981"/>
                    <TextEquiv>
                        <Unicode>Uraufführung</Unicode>
                    </TextEquiv>
                </Word>
                <TextEquiv>
                    <Unicode>das Wiener Burgtheater die Uraufführung</Unicode>
                </TextEquiv>
            </TextLine>
            <TextLine id="tr_2_tl_18" custom="readingOrder {index:17;}">
                <Coords points="1612,2070 2464,2091 2484,2039 1610,2024"/>
                <Baseline points="1620,2059 1663,2059 1706,2059 1750,2062 1793,2065 1837,2065 1880,2065 1924,2067 1967,2066 2011,2065 2054,2065 2097,2067 2141,2068 2184,2068 2228,2068 2271,2068 2315,2070 2358,2071 2402,2071 2445,2071 2489,2068"/>
                <Word id="tr_2_tl_18_w1" custom="readingOrder {index:0;}">
                    <Coords points="1615,2019 1615,2079 1673,2079 1673,2019"/>
                    <TextEquiv>
                        <Unicode>von</Unicode>
                    </TextEquiv>
                </Word>
                <Word id="tr_2_tl_18_w2" custom="readingOrder {index:1;}">
                    <Coords points="1710,2025 1710,2085 1906,2085 1906,2025"/>
                    <TextEquiv>
                        <Unicode>Schnitzlers</Unicode>
                    </TextEquiv>
                </Word>
                <Word id="tr_2_tl_18_w3" custom="readingOrder {index:2;}">
                    <Coords points="1943,2025 1943,2085 2032,2085 2032,2025"/>
                    <TextEquiv>
                        <Unicode>„Der</Unicode>
                    </TextEquiv>
                </Word>
                <Word id="tr_2_tl_18_w4" custom="readingOrder {index:3;}">
                    <Coords points="2065,2027 2065,2087 2207,2087 2207,2027"/>
                    <TextEquiv>
                        <Unicode>einsame</Unicode>
                    </TextEquiv>
                </Word>
                <Word id="tr_2_tl_18_w5" custom="readingOrder {index:4;}">
                    <Coords points="2240,2029 2240,2089 2361,2089 2361,2029"/>
                    <TextEquiv>
                        <Unicode>Weg“.</Unicode>
                    </TextEquiv>
                </Word>
                <Word id="tr_2_tl_18_w6" custom="readingOrder {index:5;}">
                    <Coords points="2404,2031 2404,2091 2477,2091 2477,2031"/>
                    <TextEquiv>
                        <Unicode>Der</Unicode>
                    </TextEquiv>
                </Word>
                <TextEquiv>
                    <Unicode>von Schnitzlers „Der einsame Weg“. Der</Unicode>
                </TextEquiv>
            </TextLine>
            <TextLine id="tr_2_tl_19" custom="readingOrder {index:18;}">
                <Coords points="1612,2119 2482,2126 2481,2085 2413,2076 1612,2074"/>
                <Baseline points="1620,2098 1663,2110 1706,2110 1749,2110 1793,2113 1836,2113 1879,2113 1923,2113 1966,2113 2009,2113 2053,2115 2096,2116 2139,2116 2182,2116 2226,2116 2269,2116 2312,2118 2356,2119 2399,2119 2442,2118 2486,2116"/>
                <Word id="tr_2_tl_19_w1" custom="readingOrder {index:0;}">
                    <Coords points="1612,2070 1612,2130 1744,2130 1744,2070"/>
                    <TextEquiv>
                        <Unicode>Dichter</Unicode>
                    </TextEquiv>
                </Word>
                <Word id="tr_2_tl_19_w2" custom="readingOrder {index:1;}">
                    <Coords points="1771,2073 1771,2133 1823,2133 1823,2073"/>
                    <TextEquiv>
                        <Unicode>saß</Unicode>
                    </TextEquiv>
                </Word>
                <Word id="tr_2_tl_19_w3" custom="readingOrder {index:2;}">
                    <Coords points="1861,2073 1861,2133 1913,2133 1913,2073"/>
                    <TextEquiv>
                        <Unicode>bei</Unicode>
                    </TextEquiv>
                </Word>
                <Word id="tr_2_tl_19_w4" custom="readingOrder {index:3;}">
                    <Coords points="1940,2073 1940,2133 1993,2133 1993,2073"/>
                    <TextEquiv>
                        <Unicode>der</Unicode>
                    </TextEquiv>
                </Word>
                <Word id="tr_2_tl_19_w5" custom="readingOrder {index:4;}">
                    <Coords points="2025,2076 2025,2136 2284,2136 2284,2076"/>
                    <TextEquiv>
                        <Unicode>Generalprobe</Unicode>
                    </TextEquiv>
                </Word>
                <Word id="tr_2_tl_19_w6" custom="readingOrder {index:5;}">
                    <Coords points="2311,2078 2311,2138 2342,2138 2342,2078"/>
                    <TextEquiv>
                        <Unicode>im</Unicode>
                    </TextEquiv>
                </Word>
                <Word id="tr_2_tl_19_w7" custom="readingOrder {index:6;}">
                    <Coords points="2385,2078 2385,2138 2480,2138 2480,2078"/>
                    <TextEquiv>
                        <Unicode>Par¬</Unicode>
                    </TextEquiv>
                </Word>
                <TextEquiv>
                    <Unicode>Dichter saß bei der Generalprobe im Par¬</Unicode>
                </TextEquiv>
            </TextLine>
            <TextLine id="tr_2_tl_20" custom="readingOrder {index:19;}">
                <Coords points="1612,2166 2482,2187 2461,2128 1612,2117"/>
                <Baseline points="1620,2158 1663,2158 1706,2161 1749,2161 1793,2158 1836,2160 1879,2161 1923,2161 1966,2163 2009,2164 2053,2166 2096,2165 2139,2164 2182,2166 2226,2167 2269,2166 2312,2165 2356,2167 2399,2167 2442,2168 2486,2170"/>
                <Word id="tr_2_tl_20_w1" custom="readingOrder {index:0;}">
                    <Coords points="1612,2118 1612,2178 1675,2178 1675,2118"/>
                    <TextEquiv>
                        <Unicode>kett</Unicode>
                    </TextEquiv>
                </Word>
                <Word id="tr_2_tl_20_w2" custom="readingOrder {index:1;}">
                    <Coords points="1696,2121 1696,2181 1754,2181 1754,2121"/>
                    <TextEquiv>
                        <Unicode>und</Unicode>
                    </TextEquiv>
                </Word>
                <Word id="tr_2_tl_20_w3" custom="readingOrder {index:2;}">
                    <Coords points="1787,2118 1787,2178 1839,2178 1839,2118"/>
                    <TextEquiv>
                        <Unicode>der</Unicode>
                    </TextEquiv>
                </Word>
                <Word id="tr_2_tl_20_w4" custom="readingOrder {index:3;}">
                    <Coords points="1866,2122 1866,2182 2035,2182 2035,2122"/>
                    <TextEquiv>
                        <Unicode>damalige</Unicode>
                    </TextEquiv>
                </Word>
                <Word id="tr_2_tl_20_w5" custom="readingOrder {index:4;}">
                    <Coords points="2062,2125 2062,2185 2263,2185 2263,2125"/>
                    <TextEquiv>
                        <Unicode>Intendant</Unicode>
                    </TextEquiv>
                </Word>
                <Word id="tr_2_tl_20_w6" custom="readingOrder {index:5;}">
                    <Coords points="2290,2125 2290,2185 2343,2185 2343,2125"/>
                    <TextEquiv>
                        <Unicode>der</Unicode>
                    </TextEquiv>
                </Word>
                <Word id="tr_2_tl_20_w7" custom="readingOrder {index:6;}">
                    <Coords points="2364,2127 2364,2187 2480,2187 2480,2127"/>
                    <TextEquiv>
                        <Unicode>Burg,</Unicode>
                    </TextEquiv>
                </Word>
                <TextEquiv>
                    <Unicode>kett und der damalige Intendant der Burg,</Unicode>
                </TextEquiv>
            </TextLine>
            <TextLine id="tr_2_tl_21" custom="readingOrder {index:20;}">
                <Coords points="1615,2212 2417,2221 2508,2252 2507,2174 1615,2168"/>
                <Baseline points="1623,2202 1667,2205 1711,2208 1756,2208 1800,2208 1844,2208 1889,2211 1933,2208 1977,2211 2022,2211 2066,2211 2110,2211 2155,2214 2199,2214 2243,2217 2288,2214 2332,2214 2376,2216 2421,2217 2465,2219 2510,2220"/>
                <Word id="tr_2_tl_21_w1" custom="readingOrder {index:0;}">
                    <Coords points="1617,2165 1617,2225 1724,2225 1724,2165"/>
                    <TextEquiv>
                        <Unicode>Baron</Unicode>
                    </TextEquiv>
                </Word>
                <Word id="tr_2_tl_21_w2" custom="readingOrder {index:1;}">
                    <Coords points="1761,2169 1761,2229 1966,2229 1966,2169"/>
                    <TextEquiv>
                        <Unicode>Berger,</Unicode>
                    </TextEquiv>
                </Word>
                <Word id="tr_2_tl_21_w3" custom="readingOrder {index:2;}">
                    <Coords points="1991,2171 1991,2231 2099,2231 2099,2171"/>
                    <TextEquiv>
                        <Unicode>fragte</Unicode>
                    </TextEquiv>
                </Word>
                <Word id="tr_2_tl_21_w4" custom="readingOrder {index:3;}">
                    <Coords points="2130,2174 2130,2234 2214,2234 2214,2174"/>
                    <TextEquiv>
                        <Unicode>ihn:</Unicode>
                    </TextEquiv>
                </Word>
                <Word id="tr_2_tl_21_w5" custom="readingOrder {index:4;}">
                    <Coords points="2257,2174 2257,2234 2384,2234 2384,2174"/>
                    <TextEquiv>
                        <Unicode>„Nun,</Unicode>
                    </TextEquiv>
                </Word>
                <Word id="tr_2_tl_21_w6" custom="readingOrder {index:5;}">
                    <Coords points="2408,2178 2408,2238 2504,2238 2504,2178"/>
                    <TextEquiv>
                        <Unicode>wie,</Unicode>
                    </TextEquiv>
                </Word>
                <TextEquiv>
                    <Unicode>Baron Berger, fragte ihn: „Nun, wie,</Unicode>
                </TextEquiv>
            </TextLine>
            <TextLine id="tr_2_tl_22" custom="readingOrder {index:21;}">
                <Coords points="1612,2270 1816,2256 1867,2279 1975,2262 2230,2284 2274,2274 2274,2226 2122,2213 1975,2242 1610,2215"/>
                <Baseline points="1620,2259 1652,2257 1685,2256 1718,2256 1751,2256 1784,2254 1817,2254 1849,2256 1882,2259 1915,2259 1948,2259 1981,2259 2014,2259 2047,2259 2079,2260 2112,2262 2145,2260 2178,2260 2211,2262 2244,2262 2277,2259"/>
                <Word id="tr_2_tl_22_w1" custom="readingOrder {index:0;}">
                    <Coords points="1610,2216 1610,2276 1729,2276 1729,2216"/>
                    <TextEquiv>
                        <Unicode>gefällt</Unicode>
                    </TextEquiv>
                </Word>
                <Word id="tr_2_tl_22_w2" custom="readingOrder {index:1;}">
                    <Coords points="1757,2214 1757,2274 1788,2274 1788,2214"/>
                    <TextEquiv>
                        <Unicode>es</Unicode>
                    </TextEquiv>
                </Word>
                <Word id="tr_2_tl_22_w3" custom="readingOrder {index:2;}">
                    <Coords points="1828,2219 1828,2279 1968,2279 1968,2219"/>
                    <TextEquiv>
                        <Unicode>Ihnen,</Unicode>
                    </TextEquiv>
                </Word>
                <Word id="tr_2_tl_22_w4" custom="readingOrder {index:3;}">
                    <Coords points="1995,2219 1995,2279 2082,2279 2082,2219"/>
                    <TextEquiv>
                        <Unicode>Herr</Unicode>
                    </TextEquiv>
                </Word>
                <Word id="tr_2_tl_22_w5" custom="readingOrder {index:4;}">
                    <Coords points="2115,2220 2115,2280 2266,2280 2266,2220"/>
                    <TextEquiv>
                        <Unicode>Doktor?</Unicode>
                    </TextEquiv>
                </Word>
                <TextEquiv>
                    <Unicode>gefällt es Ihnen, Herr Doktor?</Unicode>
                </TextEquiv>
            </TextLine>
            <TextLine id="tr_2_tl_23" custom="readingOrder {index:22;}">
                <Coords points="2352,2265 2372,2268 2392,2284 2410,2274 2452,2274 2481,2296 2490,2296 2488,2224 2475,2219 2446,2230 2413,2223 2381,2239 2366,2230 2352,2230"/>
                <Baseline points="2361,2262 2387,2266 2413,2267 2439,2266 2465,2265 2492,2265"/>
                <Word id="tr_2_tl_23_w1" custom="readingOrder {index:0;}">
                    <Coords points="2356,2226 2356,2286 2468,2286 2468,2226"/>
                    <TextEquiv>
                        <Unicode>„Jch</Unicode>
                    </TextEquiv>
                </Word>
                <TextEquiv>
                    <Unicode>„Jch</Unicode>
                </TextEquiv>
            </TextLine>
            <TextLine id="tr_2_tl_24" custom="readingOrder {index:23;}">
                <Coords points="1612,2323 2488,2336 2488,2296 2340,2268 1610,2268"/>
                <Baseline points="1620,2301 1663,2301 1707,2301 1750,2304 1794,2304 1838,2307 1881,2305 1925,2306 1968,2307 2012,2307 2056,2307 2099,2309 2143,2310 2186,2310 2230,2310 2274,2310 2317,2312 2361,2313 2404,2313 2448,2314 2492,2313"/>
                <Word id="tr_2_tl_24_w1" custom="readingOrder {index:0;}">
                    <Coords points="1610,2261 1610,2321 1689,2321 1689,2261"/>
                    <TextEquiv>
                        <Unicode>weiß</Unicode>
                    </TextEquiv>
                </Word>
                <Word id="tr_2_tl_24_w2" custom="readingOrder {index:1;}">
                    <Coords points="1726,2264 1726,2324 1852,2324 1852,2264"/>
                    <TextEquiv>
                        <Unicode>nicht“,</Unicode>
                    </TextEquiv>
                </Word>
                <Word id="tr_2_tl_24_w3" custom="readingOrder {index:2;}">
                    <Coords points="1895,2266 1895,2326 2026,2326 2026,2266"/>
                    <TextEquiv>
                        <Unicode>lautete</Unicode>
                    </TextEquiv>
                </Word>
                <Word id="tr_2_tl_24_w4" custom="readingOrder {index:3;}">
                    <Coords points="2059,2270 2059,2330 2259,2330 2259,2270"/>
                    <TextEquiv>
                        <Unicode>Schnitzlers</Unicode>
                    </TextEquiv>
                </Word>
                <Word id="tr_2_tl_24_w5" custom="readingOrder {index:4;}">
                    <Coords points="2296,2273 2296,2333 2475,2333 2475,2273"/>
                    <TextEquiv>
                        <Unicode>Antwort,</Unicode>
                    </TextEquiv>
                </Word>
                <TextEquiv>
                    <Unicode>weiß nicht“, lautete Schnitzlers Antwort,</Unicode>
                </TextEquiv>
            </TextLine>
            <TextLine id="tr_2_tl_25" custom="readingOrder {index:24;}">
                <Coords points="1608,2365 2074,2381 2146,2358 2406,2389 2404,2322 1608,2322"/>
                <Baseline points="1617,2355 1656,2352 1696,2354 1735,2355 1775,2355 1814,2355 1854,2355 1893,2355 1933,2355 1972,2358 2012,2358 2052,2358 2091,2358 2131,2358 2170,2358 2210,2358 2249,2358 2289,2361 2328,2361 2368,2361 2408,2361"/>
                <Word id="tr_2_tl_25_w1" custom="readingOrder {index:0;}">
                    <Coords points="1609,2312 1609,2372 1702,2372 1702,2312"/>
                    <TextEquiv>
                        <Unicode>„man</Unicode>
                    </TextEquiv>
                </Word>
                <Word id="tr_2_tl_25_w2" custom="readingOrder {index:1;}">
                    <Coords points="1736,2315 1736,2375 1818,2375 1818,2315"/>
                    <TextEquiv>
                        <Unicode>sieht</Unicode>
                    </TextEquiv>
                </Word>
                <Word id="tr_2_tl_25_w3" custom="readingOrder {index:2;}">
                    <Coords points="1841,2315 1841,2375 1868,2375 1868,2315"/>
                    <TextEquiv>
                        <Unicode>ja</Unicode>
                    </TextEquiv>
                </Word>
                <Word id="tr_2_tl_25_w4" custom="readingOrder {index:3;}">
                    <Coords points="1901,2315 1901,2375 1962,2375 1962,2315"/>
                    <TextEquiv>
                        <Unicode>sein</Unicode>
                    </TextEquiv>
                </Word>
                <Word id="tr_2_tl_25_w5" custom="readingOrder {index:4;}">
                    <Coords points="2001,2318 2001,2378 2133,2378 2133,2318"/>
                    <TextEquiv>
                        <Unicode>eigenes</Unicode>
                    </TextEquiv>
                </Word>
                <Word id="tr_2_tl_25_w6" custom="readingOrder {index:5;}">
                    <Coords points="2161,2318 2161,2378 2266,2378 2266,2318"/>
                    <TextEquiv>
                        <Unicode>Wort</Unicode>
                    </TextEquiv>
                </Word>
                <Word id="tr_2_tl_25_w7" custom="readingOrder {index:6;}">
                    <Coords points="2288,2321 2288,2381 2404,2381 2404,2321"/>
                    <TextEquiv>
                        <Unicode>nicht."</Unicode>
                    </TextEquiv>
                </Word>
                <TextEquiv>
                    <Unicode>„man sieht ja sein eigenes Wort nicht."</Unicode>
                </TextEquiv>
            </TextLine>
            <TextLine id="tr_2_tl_26" custom="readingOrder {index:25;}">
                <Coords points="1642,2452 2481,2476 2481,2413 2409,2406 2099,2407 2068,2435 1642,2415"/>
                <Baseline points="1650,2447 1691,2447 1733,2447 1774,2449 1816,2450 1858,2450 1899,2450 1941,2451 1983,2453 2024,2453 2066,2453 2108,2454 2149,2456 2191,2456 2233,2456 2274,2456 2316,2456 2358,2456 2399,2458 2441,2457 2483,2456"/>
                <Word id="tr_2_tl_26_w1" custom="readingOrder {index:0;}">
                    <Coords points="1643,2408 1643,2468 1902,2468 1902,2408"/>
                    <TextEquiv>
                        <Unicode>Schnitzler</Unicode>
                    </TextEquiv>
                </Word>
                <Word id="tr_2_tl_26_w2" custom="readingOrder {index:1;}">
                    <Coords points="1958,2413 1958,2473 2024,2473 2024,2413"/>
                    <TextEquiv>
                        <Unicode>und</Unicode>
                    </TextEquiv>
                </Word>
                <Word id="tr_2_tl_26_w3" custom="readingOrder {index:2;}">
                    <Coords points="2069,2416 2069,2476 2473,2476 2473,2416"/>
                    <TextEquiv>
                        <Unicode>Hofmannsthal</Unicode>
                    </TextEquiv>
                </Word>
                <TextEquiv>
                    <Unicode>Schnitzler und Hofmannsthal</Unicode>
                </TextEquiv>
            </TextLine>
            <TextLine id="tr_2_tl_27" custom="readingOrder {index:26;}">
                <Coords points="1602,2508 2484,2522 2482,2476 2447,2465 1602,2464"/>
                <Baseline points="1611,2495 1654,2495 1698,2498 1742,2498 1786,2498 1829,2498 1873,2498 1917,2498 1961,2500 2004,2501 2048,2501 2092,2503 2136,2504 2179,2504 2223,2504 2267,2504 2311,2504 2354,2504 2398,2504 2442,2506 2486,2507"/>
                <Word id="tr_2_tl_27_w1" custom="readingOrder {index:0;}">
                    <Coords points="1607,2456 1607,2516 1734,2516 1734,2456"/>
                    <TextEquiv>
                        <Unicode>wollten</Unicode>
                    </TextEquiv>
                </Word>
                <Word id="tr_2_tl_27_w2" custom="readingOrder {index:1;}">
                    <Coords points="1771,2458 1771,2518 1824,2518 1824,2458"/>
                    <TextEquiv>
                        <Unicode>sich</Unicode>
                    </TextEquiv>
                </Word>
                <Word id="tr_2_tl_27_w3" custom="readingOrder {index:2;}">
                    <Coords points="1857,2458 1857,2518 1920,2518 1920,2458"/>
                    <TextEquiv>
                        <Unicode>vor</Unicode>
                    </TextEquiv>
                </Word>
                <Word id="tr_2_tl_27_w4" custom="readingOrder {index:3;}">
                    <Coords points="1947,2461 1947,2521 2079,2521 2079,2461"/>
                    <TextEquiv>
                        <Unicode>etlichen</Unicode>
                    </TextEquiv>
                </Word>
                <Word id="tr_2_tl_27_w5" custom="readingOrder {index:4;}">
                    <Coords points="2132,2464 2132,2524 2270,2524 2270,2464"/>
                    <TextEquiv>
                        <Unicode>Jahren</Unicode>
                    </TextEquiv>
                </Word>
                <Word id="tr_2_tl_27_w6" custom="readingOrder {index:5;}">
                    <Coords points="2329,2464 2329,2524 2381,2524 2381,2464"/>
                    <TextEquiv>
                        <Unicode>bei</Unicode>
                    </TextEquiv>
                </Word>
                <Word id="tr_2_tl_27_w7" custom="readingOrder {index:6;}">
                    <Coords points="2413,2465 2413,2525 2466,2525 2466,2465"/>
                    <TextEquiv>
                        <Unicode>den</Unicode>
                    </TextEquiv>
                </Word>
                <TextEquiv>
                    <Unicode>wollten sich vor etlichen Jahren bei den</Unicode>
                </TextEquiv>
            </TextLine>
            <TextLine id="tr_2_tl_28" custom="readingOrder {index:27;}">
                <Coords points="1602,2554 2433,2574 2476,2571 2476,2520 1601,2510"/>
                <Baseline points="1611,2543 1654,2543 1697,2546 1741,2546 1784,2546 1828,2546 1871,2548 1915,2549 1958,2549 2002,2549 2045,2551 2088,2552 2132,2552 2175,2552 2219,2552 2262,2552 2306,2554 2349,2555 2393,2555 2436,2555 2480,2552"/>
                <Word id="tr_2_tl_28_w1" custom="readingOrder {index:0;}">
                    <Coords points="1607,2506 1607,2566 1817,2566 1817,2506"/>
                    <TextEquiv>
                        <Unicode>Salzburger</Unicode>
                    </TextEquiv>
                </Word>
                <Word id="tr_2_tl_28_w2" custom="readingOrder {index:1;}">
                    <Coords points="1851,2510 1851,2570 2208,2570 2208,2510"/>
                    <TextEquiv>
                        <Unicode>Mozart=Festspielen</Unicode>
                    </TextEquiv>
                </Word>
                <Word id="tr_2_tl_28_w3" custom="readingOrder {index:2;}">
                    <Coords points="2241,2514 2241,2574 2376,2574 2376,2514"/>
                    <TextEquiv>
                        <Unicode>treffen,</Unicode>
                    </TextEquiv>
                </Word>
                <Word id="tr_2_tl_28_w4" custom="readingOrder {index:3;}">
                    <Coords points="2404,2515 2404,2575 2463,2575 2463,2515"/>
                    <TextEquiv>
                        <Unicode>und</Unicode>
                    </TextEquiv>
                </Word>
                <TextEquiv>
                    <Unicode>Salzburger Mozart=Festspielen treffen, und</Unicode>
                </TextEquiv>
            </TextLine>
            <TextLine id="tr_2_tl_29" custom="readingOrder {index:28;}">
                <Coords points="1602,2594 2476,2615 2476,2575 2401,2559 1602,2552"/>
                <Baseline points="1611,2590 1654,2590 1697,2593 1741,2596 1784,2593 1828,2596 1871,2596 1915,2596 1958,2598 2002,2597 2045,2598 2088,2599 2132,2599 2175,2599 2219,2601 2262,2602 2306,2602 2349,2602 2393,2602 2436,2602 2480,2602"/>
                <Word id="tr_2_tl_29_w1" custom="readingOrder {index:0;}">
                    <Coords points="1602,2553 1602,2613 1801,2613 1801,2553"/>
                    <TextEquiv>
                        <Unicode>Schnitzler,</Unicode>
                    </TextEquiv>
                </Word>
                <Word id="tr_2_tl_29_w2" custom="readingOrder {index:1;}">
                    <Coords points="1830,2556 1830,2616 1883,2616 1883,2556"/>
                    <TextEquiv>
                        <Unicode>der</Unicode>
                    </TextEquiv>
                </Word>
                <Word id="tr_2_tl_29_w3" custom="readingOrder {index:2;}">
                    <Coords points="1916,2557 1916,2617 2034,2617 2034,2557"/>
                    <TextEquiv>
                        <Unicode>früher</Unicode>
                    </TextEquiv>
                </Word>
                <Word id="tr_2_tl_29_w4" custom="readingOrder {index:3;}">
                    <Coords points="2068,2559 2068,2619 2138,2619 2138,2559"/>
                    <TextEquiv>
                        <Unicode>nach</Unicode>
                    </TextEquiv>
                </Word>
                <Word id="tr_2_tl_29_w5" custom="readingOrder {index:4;}">
                    <Coords points="2176,2562 2176,2622 2349,2622 2349,2562"/>
                    <TextEquiv>
                        <Unicode>Salzburg</Unicode>
                    </TextEquiv>
                </Word>
                <Word id="tr_2_tl_29_w6" custom="readingOrder {index:5;}">
                    <Coords points="2388,2562 2388,2622 2473,2622 2473,2562"/>
                    <TextEquiv>
                        <Unicode>kam,</Unicode>
                    </TextEquiv>
                </Word>
                <TextEquiv>
                    <Unicode>Schnitzler, der früher nach Salzburg kam,</Unicode>
                </TextEquiv>
            </TextLine>
            <TextLine id="tr_2_tl_30" custom="readingOrder {index:29;}">
                <Coords points="1612,2656 2473,2665 2459,2614 1612,2604"/>
                <Baseline points="1620,2641 1662,2641 1705,2641 1748,2644 1791,2644 1834,2644 1877,2644 1919,2644 1962,2646 2005,2647 2048,2647 2091,2647 2134,2647 2177,2648 2219,2650 2262,2650 2305,2650 2348,2650 2391,2650 2434,2650 2477,2650"/>
                <Word id="tr_2_tl_30_w1" custom="readingOrder {index:0;}">
                    <Coords points="1612,2601 1612,2661 1696,2661 1696,2601"/>
                    <TextEquiv>
                        <Unicode>sollte</Unicode>
                    </TextEquiv>
                </Word>
                <Word id="tr_2_tl_30_w2" custom="readingOrder {index:1;}">
                    <Coords points="1728,2604 1728,2664 1780,2664 1780,2604"/>
                    <TextEquiv>
                        <Unicode>die</Unicode>
                    </TextEquiv>
                </Word>
                <Word id="tr_2_tl_30_w3" custom="readingOrder {index:2;}">
                    <Coords points="1812,2605 1812,2665 2091,2665 2091,2605"/>
                    <TextEquiv>
                        <Unicode>Eintrittskarten</Unicode>
                    </TextEquiv>
                </Word>
                <Word id="tr_2_tl_30_w4" custom="readingOrder {index:3;}">
                    <Coords points="2129,2609 2129,2669 2307,2669 2307,2609"/>
                    <TextEquiv>
                        <Unicode>besorgen.</Unicode>
                    </TextEquiv>
                </Word>
                <Word id="tr_2_tl_30_w5" custom="readingOrder {index:4;}">
                    <Coords points="2340,2610 2340,2670 2386,2670 2386,2610"/>
                    <TextEquiv>
                        <Unicode>Er</Unicode>
                    </TextEquiv>
                </Word>
                <Word id="tr_2_tl_30_w6" custom="readingOrder {index:5;}">
                    <Coords points="2419,2610 2419,2670 2471,2670 2471,2610"/>
                    <TextEquiv>
                        <Unicode>tat</Unicode>
                    </TextEquiv>
                </Word>
                <TextEquiv>
                    <Unicode>sollte die Eintrittskarten besorgen. Er tat</Unicode>
                </TextEquiv>
            </TextLine>
            <TextLine id="tr_2_tl_31" custom="readingOrder {index:30;}">
                <Coords points="1596,2696 2476,2704 2476,2664 2401,2650 1596,2665"/>
                <Baseline points="1605,2689 1648,2689 1692,2692 1736,2692 1780,2692 1823,2695 1867,2695 1911,2695 1955,2695 1998,2695 2042,2697 2086,2698 2130,2696 2173,2697 2217,2698 2261,2698 2305,2698 2348,2700 2392,2699 2436,2698 2480,2695"/>
                <Word id="tr_2_tl_31_w1" custom="readingOrder {index:0;}">
                    <Coords points="1602,2649 1602,2709 1666,2709 1666,2649"/>
                    <TextEquiv>
                        <Unicode>also</Unicode>
                    </TextEquiv>
                </Word>
                <Word id="tr_2_tl_31_w2" custom="readingOrder {index:1;}">
                    <Coords points="1699,2652 1699,2712 1758,2712 1758,2652"/>
                    <TextEquiv>
                        <Unicode>und</Unicode>
                    </TextEquiv>
                </Word>
                <Word id="tr_2_tl_31_w3" custom="readingOrder {index:2;}">
                    <Coords points="1792,2655 1792,2715 1943,2715 1943,2655"/>
                    <TextEquiv>
                        <Unicode>drahtete</Unicode>
                    </TextEquiv>
                </Word>
                <Word id="tr_2_tl_31_w4" custom="readingOrder {index:3;}">
                    <Coords points="1970,2655 1970,2715 2002,2715 2002,2655"/>
                    <TextEquiv>
                        <Unicode>an</Unicode>
                    </TextEquiv>
                </Word>
                <Word id="tr_2_tl_31_w5" custom="readingOrder {index:4;}">
                    <Coords points="2036,2657 2036,2717 2333,2717 2333,2657"/>
                    <TextEquiv>
                        <Unicode>Hofmannsthal:</Unicode>
                    </TextEquiv>
                </Word>
                <Word id="tr_2_tl_31_w6" custom="readingOrder {index:5;}">
                    <Coords points="2355,2658 2355,2718 2463,2718 2463,2658"/>
                    <TextEquiv>
                        <Unicode>„Sitze</Unicode>
                    </TextEquiv>
                </Word>
                <TextEquiv>
                    <Unicode>also und drahtete an Hofmannsthal: „Sitze</Unicode>
                </TextEquiv>
            </TextLine>
            <TextLine id="tr_2_tl_32" custom="readingOrder {index:31;}">
                <Coords points="1602,2754 2456,2769 2456,2711 2410,2707 1602,2701"/>
                <Baseline points="1611,2737 1653,2740 1695,2740 1738,2740 1780,2740 1823,2742 1865,2743 1907,2743 1950,2743 1992,2743 2035,2743 2077,2743 2119,2744 2162,2746 2204,2746 2247,2746 2289,2746 2331,2746 2374,2746 2416,2746 2459,2749"/>
                <Word id="tr_2_tl_32_w1" custom="readingOrder {index:0;}">
                    <Coords points="1603,2700 1603,2760 1740,2760 1740,2700"/>
                    <TextEquiv>
                        <Unicode>besorgt</Unicode>
                    </TextEquiv>
                </Word>
                <Word id="tr_2_tl_32_w2" custom="readingOrder {index:1;}">
                    <Coords points="1762,2701 1762,2761 1862,2761 1862,2701"/>
                    <TextEquiv>
                        <Unicode>Hotel</Unicode>
                    </TextEquiv>
                </Word>
                <Word id="tr_2_tl_32_w3" custom="readingOrder {index:2;}">
                    <Coords points="1884,2703 1884,2763 2077,2763 2077,2703"/>
                    <TextEquiv>
                        <Unicode>Römischer</Unicode>
                    </TextEquiv>
                </Word>
                <Word id="tr_2_tl_32_w4" custom="readingOrder {index:3;}">
                    <Coords points="2106,2706 2106,2766 2237,2766 2237,2706"/>
                    <TextEquiv>
                        <Unicode>Kaiser.</Unicode>
                    </TextEquiv>
                </Word>
                <Word id="tr_2_tl_32_w5" custom="readingOrder {index:4;}">
                    <Coords points="2255,2706 2255,2766 2453,2766 2453,2706"/>
                    <TextEquiv>
                        <Unicode>Schnitzler.</Unicode>
                    </TextEquiv>
                </Word>
                <TextEquiv>
                    <Unicode>besorgt Hotel Römischer Kaiser. Schnitzler.</Unicode>
                </TextEquiv>
            </TextLine>
            <TextLine id="tr_2_tl_33" custom="readingOrder {index:32;}">
                <Coords points="1605,2795 2476,2809 2476,2768 2423,2751 1605,2753"/>
                <Baseline points="1614,2787 1657,2787 1700,2787 1743,2790 1787,2790 1830,2790 1873,2790 1917,2792 1960,2791 2003,2790 2047,2792 2090,2793 2133,2793 2176,2793 2220,2795 2263,2795 2306,2794 2350,2796 2393,2796 2436,2795 2480,2793"/>
                <Word id="tr_2_tl_33_w1" custom="readingOrder {index:0;}">
                    <Coords points="1605,2747 1605,2807 1703,2807 1703,2747"/>
                    <TextEquiv>
                        <Unicode>Schon</Unicode>
                    </TextEquiv>
                </Word>
                <Word id="tr_2_tl_33_w2" custom="readingOrder {index:1;}">
                    <Coords points="1740,2750 1740,2810 1807,2810 1807,2750"/>
                    <TextEquiv>
                        <Unicode>nach</Unicode>
                    </TextEquiv>
                </Word>
                <Word id="tr_2_tl_33_w3" custom="readingOrder {index:2;}">
                    <Coords points="1839,2751 1839,2811 1990,2811 1990,2751"/>
                    <TextEquiv>
                        <Unicode>wenigen</Unicode>
                    </TextEquiv>
                </Word>
                <Word id="tr_2_tl_33_w4" custom="readingOrder {index:3;}">
                    <Coords points="2022,2753 2022,2813 2177,2813 2177,2753"/>
                    <TextEquiv>
                        <Unicode>Stunden</Unicode>
                    </TextEquiv>
                </Word>
                <Word id="tr_2_tl_33_w5" custom="readingOrder {index:4;}">
                    <Coords points="2209,2755 2209,2815 2281,2815 2281,2755"/>
                    <TextEquiv>
                        <Unicode>traf</Unicode>
                    </TextEquiv>
                </Word>
                <Word id="tr_2_tl_33_w6" custom="readingOrder {index:5;}">
                    <Coords points="2303,2754 2303,2814 2344,2814 2344,2754"/>
                    <TextEquiv>
                        <Unicode>ein</Unicode>
                    </TextEquiv>
                </Word>
                <Word id="tr_2_tl_33_w7" custom="readingOrder {index:6;}">
                    <Coords points="2376,2755 2376,2815 2474,2815 2474,2755"/>
                    <TextEquiv>
                        <Unicode>Tele¬</Unicode>
                    </TextEquiv>
                </Word>
                <TextEquiv>
                    <Unicode>Schon nach wenigen Stunden traf ein Tele¬</Unicode>
                </TextEquiv>
            </TextLine>
            <TextLine id="tr_2_tl_34" custom="readingOrder {index:33;}">
                <Coords points="1605,2850 2476,2853 2452,2801 1605,2806"/>
                <Baseline points="1614,2841 1657,2838 1700,2838 1743,2838 1787,2838 1830,2838 1873,2838 1917,2840 1960,2841 2003,2841 2047,2841 2090,2841 2133,2841 2176,2841 2220,2843 2263,2844 2306,2844 2350,2844 2393,2844 2436,2843 2480,2844"/>
                <Word id="tr_2_tl_34_w1" custom="readingOrder {index:0;}">
                    <Coords points="1605,2798 1605,2858 1718,2858 1718,2798"/>
                    <TextEquiv>
                        <Unicode>gramm</Unicode>
                    </TextEquiv>
                </Word>
                <Word id="tr_2_tl_34_w2" custom="readingOrder {index:1;}">
                    <Coords points="1760,2799 1760,2859 2055,2859 2055,2799"/>
                    <TextEquiv>
                        <Unicode>Hofmannsthals</Unicode>
                    </TextEquiv>
                </Word>
                <Word id="tr_2_tl_34_w3" custom="readingOrder {index:2;}">
                    <Coords points="2091,2801 2091,2861 2133,2861 2133,2801"/>
                    <TextEquiv>
                        <Unicode>ein</Unicode>
                    </TextEquiv>
                </Word>
                <Word id="tr_2_tl_34_w4" custom="readingOrder {index:3;}">
                    <Coords points="2169,2801 2169,2861 2220,2861 2220,2801"/>
                    <TextEquiv>
                        <Unicode>des</Unicode>
                    </TextEquiv>
                </Word>
                <Word id="tr_2_tl_34_w5" custom="readingOrder {index:4;}">
                    <Coords points="2252,2804 2252,2864 2469,2864 2469,2804"/>
                    <TextEquiv>
                        <Unicode>Wortlauts:</Unicode>
                    </TextEquiv>
                </Word>
                <TextEquiv>
                    <Unicode>gramm Hofmannsthals ein des Wortlauts:</Unicode>
                </TextEquiv>
            </TextLine>
            <TextLine id="tr_2_tl_35" custom="readingOrder {index:34;}">
                <Coords points="1596,2908 2468,2911 2458,2849 1596,2864"/>
                <Baseline points="1605,2886 1648,2886 1691,2886 1734,2886 1778,2886 1821,2888 1864,2889 1908,2889 1951,2889 1994,2889 2038,2889 2081,2889 2124,2891 2167,2892 2211,2890 2254,2890 2297,2892 2341,2892 2384,2892 2427,2892 2471,2892"/>
                <Word id="tr_2_tl_35_w1" custom="readingOrder {index:0;}">
                    <Coords points="1602,2846 1602,2906 1749,2906 1749,2846"/>
                    <TextEquiv>
                        <Unicode>„Warum</Unicode>
                    </TextEquiv>
                </Word>
                <Word id="tr_2_tl_35_w2" custom="readingOrder {index:1;}">
                    <Coords points="1795,2848 1795,2908 1897,2908 1897,2848"/>
                    <TextEquiv>
                        <Unicode>sitzest</Unicode>
                    </TextEquiv>
                </Word>
                <Word id="tr_2_tl_35_w3" custom="readingOrder {index:2;}">
                    <Coords points="1926,2849 1926,2909 2067,2909 2067,2849"/>
                    <TextEquiv>
                        <Unicode>besorgt</Unicode>
                    </TextEquiv>
                </Word>
                <Word id="tr_2_tl_35_w4" custom="readingOrder {index:3;}">
                    <Coords points="2097,2850 2097,2910 2289,2910 2289,2850"/>
                    <TextEquiv>
                        <Unicode>Römischer</Unicode>
                    </TextEquiv>
                </Word>
                <Word id="tr_2_tl_35_w5" custom="readingOrder {index:4;}">
                    <Coords points="2324,2852 2324,2912 2465,2912 2465,2852"/>
                    <TextEquiv>
                        <Unicode>Kaiser?</Unicode>
                    </TextEquiv>
                </Word>
                <TextEquiv>
                    <Unicode>„Warum sitzest besorgt Römischer Kaiser?</Unicode>
                </TextEquiv>
            </TextLine>
            <TextLine id="tr_2_tl_36" custom="readingOrder {index:35;}">
                <Coords points="1596,2940 1668,2959 1692,2942 1749,2948 1764,2963 1816,2950 1893,2954 1909,2950 1908,2899 1853,2911 1839,2899 1770,2904 1761,2895 1697,2908 1673,2895 1657,2904 1624,2896 1595,2907"/>
                <Baseline points="1605,2934 1630,2934 1656,2934 1682,2934 1707,2935 1733,2937 1759,2936 1784,2934 1810,2936 1836,2937 1861,2937 1887,2937 1913,2937"/>
                <Word id="tr_2_tl_36_w1" custom="readingOrder {index:0;}">
                    <Coords points="1601,2896 1601,2956 1906,2956 1906,2896"/>
                    <TextEquiv>
                        <Unicode>Hofmannsthal?</Unicode>
                    </TextEquiv>
                </Word>
                <TextEquiv>
                    <Unicode>Hofmannsthal?</Unicode>
                </TextEquiv>
            </TextLine>
            <TextLine id="tr_2_tl_37" custom="readingOrder {index:36;}">
                <Coords points="1639,3047 2479,3060 2479,3000 2418,2977 2274,3005 2114,2979 1639,2994"/>
                <Baseline points="1647,3026 1688,3031 1730,3032 1772,3032 1814,3032 1856,3034 1897,3033 1939,3034 1981,3034 2023,3033 2065,3035 2106,3035 2148,3035 2190,3035 2232,3038 2274,3038 2315,3038 2357,3038 2399,3038 2441,3036 2483,3035"/>
                <Word id="tr_2_tl_37_w1" custom="readingOrder {index:0;}">
                    <Coords points="1645,2990 1645,3050 1729,3050 1729,2990"/>
                    <TextEquiv>
                        <Unicode>Eine</Unicode>
                    </TextEquiv>
                </Word>
                <Word id="tr_2_tl_37_w2" custom="readingOrder {index:1;}">
                    <Coords points="1758,2992 1758,3052 1825,3052 1825,2992"/>
                    <TextEquiv>
                        <Unicode>sehr</Unicode>
                    </TextEquiv>
                </Word>
                <Word id="tr_2_tl_37_w3" custom="readingOrder {index:2;}">
                    <Coords points="1854,2993 1854,3053 1990,3053 1990,2993"/>
                    <TextEquiv>
                        <Unicode>hübsche</Unicode>
                    </TextEquiv>
                </Word>
                <Word id="tr_2_tl_37_w4" custom="readingOrder {index:3;}">
                    <Coords points="2019,2995 2019,3055 2385,3055 2385,2995"/>
                    <TextEquiv>
                        <Unicode>Schnitzler=Anekdote</Unicode>
                    </TextEquiv>
                </Word>
                <Word id="tr_2_tl_37_w5" custom="readingOrder {index:4;}">
                    <Coords points="2414,2996 2414,3056 2465,3056 2465,2996"/>
                    <TextEquiv>
                        <Unicode>be¬</Unicode>
                    </TextEquiv>
                </Word>
                <TextEquiv>
                    <Unicode>Eine sehr hübsche Schnitzler=Anekdote be¬</Unicode>
                </TextEquiv>
            </TextLine>
            <TextLine id="tr_2_tl_38" custom="readingOrder {index:37;}">
                <Coords points="1593,3089 2478,3098 2476,3055 2389,3046 1592,3050"/>
                <Baseline points="1602,3080 1645,3080 1689,3080 1733,3083 1777,3083 1821,3083 1865,3083 1909,3083 1953,3083 1997,3083 2041,3083 2084,3083 2128,3085 2172,3086 2216,3086 2260,3086 2304,3086 2348,3086 2392,3086 2436,3086 2480,3086"/>
                <Word id="tr_2_tl_38_w1" custom="readingOrder {index:0;}">
                    <Coords points="1597,3040 1597,3100 1729,3100 1729,3040"/>
                    <TextEquiv>
                        <Unicode>richtete</Unicode>
                    </TextEquiv>
                </Word>
                <Word id="tr_2_tl_38_w2" custom="readingOrder {index:1;}">
                    <Coords points="1756,3043 1756,3103 1829,3103 1829,3043"/>
                    <TextEquiv>
                        <Unicode>auch</Unicode>
                    </TextEquiv>
                </Word>
                <Word id="tr_2_tl_38_w3" custom="readingOrder {index:2;}">
                    <Coords points="1883,3043 1883,3103 1983,3103 1983,3043"/>
                    <TextEquiv>
                        <Unicode>Paul</Unicode>
                    </TextEquiv>
                </Word>
                <Word id="tr_2_tl_38_w4" custom="readingOrder {index:3;}">
                    <Coords points="2031,3045 2031,3105 2264,3105 2264,3045"/>
                    <TextEquiv>
                        <Unicode>Morgan.</Unicode>
                    </TextEquiv>
                </Word>
                <Word id="tr_2_tl_38_w5" custom="readingOrder {index:4;}">
                    <Coords points="2302,3046 2302,3106 2460,3106 2460,3046"/>
                    <TextEquiv>
                        <Unicode>Letzterer</Unicode>
                    </TextEquiv>
                </Word>
                <TextEquiv>
                    <Unicode>richtete auch Paul Morgan. Letzterer</Unicode>
                </TextEquiv>
            </TextLine>
            <TextLine id="tr_2_tl_39" custom="readingOrder {index:38;}">
                <Coords points="1602,3151 2473,3142 2473,3096 1602,3086"/>
                <Baseline points="1611,3134 1654,3131 1697,3131 1740,3131 1784,3131 1827,3131 1870,3131 1914,3131 1957,3131 2000,3131 2044,3131 2087,3131 2130,3132 2173,3134 2217,3134 2260,3134 2303,3134 2347,3137 2390,3134 2433,3134 2477,3131"/>
                <Word id="tr_2_tl_39_w1" custom="readingOrder {index:0;}">
                    <Coords points="1602,3091 1602,3151 1712,3151 1712,3091"/>
                    <TextEquiv>
                        <Unicode>spielte</Unicode>
                    </TextEquiv>
                </Word>
                <Word id="tr_2_tl_39_w2" custom="readingOrder {index:1;}">
                    <Coords points="1744,3091 1744,3151 1796,3151 1796,3091"/>
                    <TextEquiv>
                        <Unicode>bei</Unicode>
                    </TextEquiv>
                </Word>
                <Word id="tr_2_tl_39_w3" custom="readingOrder {index:2;}">
                    <Coords points="1823,3091 1823,3151 1881,3151 1881,3091"/>
                    <TextEquiv>
                        <Unicode>der</Unicode>
                    </TextEquiv>
                </Word>
                <Word id="tr_2_tl_39_w4" custom="readingOrder {index:3;}">
                    <Coords points="1908,3091 1908,3151 2086,3151 2086,3091"/>
                    <TextEquiv>
                        <Unicode>Premiere</Unicode>
                    </TextEquiv>
                </Word>
                <Word id="tr_2_tl_39_w5" custom="readingOrder {index:4;}">
                    <Coords points="2135,3093 2135,3153 2197,3153 2197,3093"/>
                    <TextEquiv>
                        <Unicode>von</Unicode>
                    </TextEquiv>
                </Word>
                <Word id="tr_2_tl_39_w6" custom="readingOrder {index:5;}">
                    <Coords points="2256,3096 2256,3156 2455,3156 2455,3096"/>
                    <TextEquiv>
                        <Unicode>Schnitzlers</Unicode>
                    </TextEquiv>
                </Word>
                <TextEquiv>
                    <Unicode>spielte bei der Premiere von Schnitzlers</Unicode>
                </TextEquiv>
            </TextLine>
            <TextLine id="tr_2_tl_40" custom="readingOrder {index:39;}">
                <Coords points="1590,3189 2475,3189 2453,3147 2255,3136 1648,3136 1590,3162"/>
                <Baseline points="1599,3184 1642,3182 1686,3178 1730,3178 1774,3178 1818,3179 1862,3180 1906,3178 1950,3178 1994,3179 2038,3181 2081,3181 2125,3178 2169,3181 2213,3181 2257,3181 2301,3181 2345,3184 2389,3184 2433,3184 2477,3181"/>
                <Word id="tr_2_tl_40_w1" custom="readingOrder {index:0;}">
                    <Coords points="1597,3141 1597,3201 1704,3201 1704,3141"/>
                    <TextEquiv>
                        <Unicode>„Fink</Unicode>
                    </TextEquiv>
                </Word>
                <Word id="tr_2_tl_40_w2" custom="readingOrder {index:1;}">
                    <Coords points="1727,3138 1727,3198 1789,3198 1789,3138"/>
                    <TextEquiv>
                        <Unicode>und</Unicode>
                    </TextEquiv>
                </Word>
                <Word id="tr_2_tl_40_w3" custom="readingOrder {index:2;}">
                    <Coords points="1824,3138 1824,3198 2102,3198 2102,3138"/>
                    <TextEquiv>
                        <Unicode>Fliederbusch“,</Unicode>
                    </TextEquiv>
                </Word>
                <Word id="tr_2_tl_40_w4" custom="readingOrder {index:3;}">
                    <Coords points="2120,3139 2120,3199 2171,3199 2171,3139"/>
                    <TextEquiv>
                        <Unicode>die</Unicode>
                    </TextEquiv>
                </Word>
                <Word id="tr_2_tl_40_w5" custom="readingOrder {index:4;}">
                    <Coords points="2200,3141 2200,3201 2307,3201 2307,3141"/>
                    <TextEquiv>
                        <Unicode>wenig</Unicode>
                    </TextEquiv>
                </Word>
                <Word id="tr_2_tl_40_w6" custom="readingOrder {index:5;}">
                    <Coords points="2342,3144 2342,3204 2466,3204 2466,3144"/>
                    <TextEquiv>
                        <Unicode>erfolg¬</Unicode>
                    </TextEquiv>
                </Word>
                <TextEquiv>
                    <Unicode>„Fink und Fliederbusch“, die wenig erfolg¬</Unicode>
                </TextEquiv>
            </TextLine>
            <TextLine id="tr_2_tl_41" custom="readingOrder {index:40;}">
                <Coords points="1593,3231 2473,3243 2462,3192 1593,3188"/>
                <Baseline points="1602,3220 1645,3226 1689,3229 1733,3229 1777,3229 1820,3226 1864,3229 1908,3227 1952,3228 1995,3229 2039,3231 2083,3230 2127,3229 2170,3227 2214,3228 2258,3231 2302,3232 2345,3232 2389,3232 2433,3232 2477,3232"/>
                <Word id="tr_2_tl_41_w1" custom="readingOrder {index:0;}">
                    <Coords points="1598,3184 1598,3244 1672,3244 1672,3184"/>
                    <TextEquiv>
                        <Unicode>reich</Unicode>
                    </TextEquiv>
                </Word>
                <Word id="tr_2_tl_41_w2" custom="readingOrder {index:1;}">
                    <Coords points="1704,3189 1704,3249 1846,3249 1846,3189"/>
                    <TextEquiv>
                        <Unicode>gewesen</Unicode>
                    </TextEquiv>
                </Word>
                <Word id="tr_2_tl_41_w3" custom="readingOrder {index:2;}">
                    <Coords points="1884,3187 1884,3247 1941,3247 1941,3187"/>
                    <TextEquiv>
                        <Unicode>sein</Unicode>
                    </TextEquiv>
                </Word>
                <Word id="tr_2_tl_41_w4" custom="readingOrder {index:3;}">
                    <Coords points="1974,3190 1974,3250 2069,3250 2069,3190"/>
                    <TextEquiv>
                        <Unicode>muß.</Unicode>
                    </TextEquiv>
                </Word>
                <Word id="tr_2_tl_41_w5" custom="readingOrder {index:4;}">
                    <Coords points="2096,3188 2096,3248 2159,3248 2159,3188"/>
                    <TextEquiv>
                        <Unicode>Als</Unicode>
                    </TextEquiv>
                </Word>
                <Word id="tr_2_tl_41_w6" custom="readingOrder {index:5;}">
                    <Coords points="2186,3187 2186,3247 2217,3247 2217,3187"/>
                    <TextEquiv>
                        <Unicode>er</Unicode>
                    </TextEquiv>
                </Word>
                <Word id="tr_2_tl_41_w7" custom="readingOrder {index:6;}">
                    <Coords points="2249,3192 2249,3252 2365,3252 2365,3192"/>
                    <TextEquiv>
                        <Unicode>danach</Unicode>
                    </TextEquiv>
                </Word>
                <Word id="tr_2_tl_41_w8" custom="readingOrder {index:7;}">
                    <Coords points="2397,3192 2397,3252 2460,3252 2460,3192"/>
                    <TextEquiv>
                        <Unicode>mit</Unicode>
                    </TextEquiv>
                </Word>
                <TextEquiv>
                    <Unicode>reich gewesen sein muß. Als er danach mit</Unicode>
                </TextEquiv>
            </TextLine>
            <TextLine id="tr_2_tl_42" custom="readingOrder {index:41;}">
                <Coords points="1602,3284 2471,3296 2471,3244 2436,3238 1602,3231"/>
                <Baseline points="1611,3271 1654,3274 1697,3277 1740,3277 1783,3277 1826,3277 1869,3277 1913,3277 1956,3277 1999,3279 2042,3280 2085,3280 2128,3278 2171,3277 2215,3278 2258,3280 2301,3280 2344,3280 2387,3280 2430,3280 2474,3280"/>
                <Word id="tr_2_tl_42_w1" custom="readingOrder {index:0;}">
                    <Coords points="1602,3236 1602,3296 1780,3296 1780,3236"/>
                    <TextEquiv>
                        <Unicode>Schnitzler</Unicode>
                    </TextEquiv>
                </Word>
                <Word id="tr_2_tl_42_w2" custom="readingOrder {index:1;}">
                    <Coords points="1808,3237 1808,3297 2078,3297 2078,3237"/>
                    <TextEquiv>
                        <Unicode>zusammensaß,</Unicode>
                    </TextEquiv>
                </Word>
                <Word id="tr_2_tl_42_w3" custom="readingOrder {index:2;}">
                    <Coords points="2122,3237 2122,3297 2274,3297 2274,3237"/>
                    <TextEquiv>
                        <Unicode>erzählte</Unicode>
                    </TextEquiv>
                </Word>
                <Word id="tr_2_tl_42_w4" custom="readingOrder {index:3;}">
                    <Coords points="2323,3240 2323,3300 2355,3300 2355,3240"/>
                    <TextEquiv>
                        <Unicode>er</Unicode>
                    </TextEquiv>
                </Word>
                <Word id="tr_2_tl_42_w5" custom="readingOrder {index:4;}">
                    <Coords points="2382,3240 2382,3300 2468,3300 2468,3240"/>
                    <TextEquiv>
                        <Unicode>ihm,</Unicode>
                    </TextEquiv>
                </Word>
                <TextEquiv>
                    <Unicode>Schnitzler zusammensaß, erzählte er ihm,</Unicode>
                </TextEquiv>
            </TextLine>
            <TextLine id="tr_2_tl_43" custom="readingOrder {index:42;}">
                <Coords points="1593,3333 2473,3339 2473,3295 2339,3284 2259,3307 2111,3276 2054,3312 1593,3284"/>
                <Baseline points="1602,3319 1645,3322 1689,3325 1733,3325 1777,3325 1820,3325 1864,3325 1908,3325 1952,3325 1995,3327 2039,3328 2083,3328 2127,3328 2170,3328 2214,3328 2258,3328 2302,3330 2345,3331 2389,3329 2433,3328 2477,3328"/>
                <Word id="tr_2_tl_43_w1" custom="readingOrder {index:0;}">
                    <Coords points="1598,3280 1598,3340 1656,3340 1656,3280"/>
                    <TextEquiv>
                        <Unicode>daß</Unicode>
                    </TextEquiv>
                </Word>
                <Word id="tr_2_tl_43_w2" custom="readingOrder {index:1;}">
                    <Coords points="1693,3285 1693,3345 1724,3345 1724,3285"/>
                    <TextEquiv>
                        <Unicode>er</Unicode>
                    </TextEquiv>
                </Word>
                <Word id="tr_2_tl_43_w3" custom="readingOrder {index:2;}">
                    <Coords points="1757,3285 1757,3345 1868,3345 1868,3285"/>
                    <TextEquiv>
                        <Unicode>wegen</Unicode>
                    </TextEquiv>
                </Word>
                <Word id="tr_2_tl_43_w4" custom="readingOrder {index:3;}">
                    <Coords points="1910,3285 1910,3345 2015,3345 2015,3285"/>
                    <TextEquiv>
                        <Unicode>seines</Unicode>
                    </TextEquiv>
                </Word>
                <Word id="tr_2_tl_43_w5" custom="readingOrder {index:4;}">
                    <Coords points="2054,3288 2054,3348 2222,3348 2222,3288"/>
                    <TextEquiv>
                        <Unicode>„Reigen“</Unicode>
                    </TextEquiv>
                </Word>
                <Word id="tr_2_tl_43_w6" custom="readingOrder {index:5;}">
                    <Coords points="2260,3290 2260,3350 2381,3350 2381,3290"/>
                    <TextEquiv>
                        <Unicode>gerade</Unicode>
                    </TextEquiv>
                </Word>
                <Word id="tr_2_tl_43_w7" custom="readingOrder {index:6;}">
                    <Coords points="2413,3288 2413,3348 2439,3348 2439,3288"/>
                    <TextEquiv>
                        <Unicode>im</Unicode>
                    </TextEquiv>
                </Word>
                <TextEquiv>
                    <Unicode>daß er wegen seines „Reigen“ gerade im</Unicode>
                </TextEquiv>
            </TextLine>
            <TextLine id="tr_2_tl_44" custom="readingOrder {index:43;}">
                <Coords points="1593,3376 2464,3390 2464,3342 1592,3328"/>
                <Baseline points="1602,3369 1645,3369 1688,3372 1731,3372 1775,3372 1818,3372 1861,3372 1905,3372 1948,3372 1991,3372 2035,3372 2078,3374 2121,3373 2164,3372 2208,3374 2251,3375 2294,3376 2338,3378 2381,3377 2424,3376 2468,3375"/>
                <Word id="tr_2_tl_44_w1" custom="readingOrder {index:0;}">
                    <Coords points="1597,3332 1597,3392 1916,3392 1916,3332"/>
                    <TextEquiv>
                        <Unicode>Abiturientenjahr</Unicode>
                    </TextEquiv>
                </Word>
                <Word id="tr_2_tl_44_w2" custom="readingOrder {index:1;}">
                    <Coords points="1948,3332 1948,3392 2133,3392 2133,3332"/>
                    <TextEquiv>
                        <Unicode>dimittiert</Unicode>
                    </TextEquiv>
                </Word>
                <Word id="tr_2_tl_44_w3" custom="readingOrder {index:2;}">
                    <Coords points="2159,3334 2159,3394 2292,3394 2292,3334"/>
                    <TextEquiv>
                        <Unicode>worden</Unicode>
                    </TextEquiv>
                </Word>
                <Word id="tr_2_tl_44_w4" custom="readingOrder {index:3;}">
                    <Coords points="2329,3337 2329,3397 2390,3397 2390,3337"/>
                    <TextEquiv>
                        <Unicode>sei,</Unicode>
                    </TextEquiv>
                </Word>
                <Word id="tr_2_tl_44_w5" custom="readingOrder {index:4;}">
                    <Coords points="2412,3335 2412,3395 2447,3395 2447,3335"/>
                    <TextEquiv>
                        <Unicode>da</Unicode>
                    </TextEquiv>
                </Word>
                <TextEquiv>
                    <Unicode>Abiturientenjahr dimittiert worden sei, da</Unicode>
                </TextEquiv>
            </TextLine>
            <TextLine id="tr_2_tl_45" custom="readingOrder {index:44;}">
                <Coords points="1593,3434 2464,3435 2446,3383 1593,3383"/>
                <Baseline points="1602,3420 1645,3420 1688,3420 1731,3420 1775,3420 1818,3420 1861,3420 1905,3420 1948,3422 1991,3423 2035,3423 2078,3423 2121,3423 2164,3423 2208,3423 2251,3423 2294,3423 2338,3424 2381,3426 2424,3426 2468,3423"/>
                <Word id="tr_2_tl_45_w1" custom="readingOrder {index:0;}">
                    <Coords points="1593,3380 1593,3440 1624,3440 1624,3380"/>
                    <TextEquiv>
                        <Unicode>er</Unicode>
                    </TextEquiv>
                </Word>
                <Word id="tr_2_tl_45_w2" custom="readingOrder {index:1;}">
                    <Coords points="1651,3380 1651,3440 1719,3440 1719,3380"/>
                    <TextEquiv>
                        <Unicode>dies</Unicode>
                    </TextEquiv>
                </Word>
                <Word id="tr_2_tl_45_w3" custom="readingOrder {index:2;}">
                    <Coords points="1747,3380 1747,3440 1799,3440 1799,3380"/>
                    <TextEquiv>
                        <Unicode>für</Unicode>
                    </TextEquiv>
                </Word>
                <Word id="tr_2_tl_45_w4" custom="readingOrder {index:3;}">
                    <Coords points="1826,3380 1826,3440 1995,3440 1995,3380"/>
                    <TextEquiv>
                        <Unicode>damalige</Unicode>
                    </TextEquiv>
                </Word>
                <Word id="tr_2_tl_45_w5" custom="readingOrder {index:4;}">
                    <Coords points="2017,3383 2017,3443 2276,3443 2276,3383"/>
                    <TextEquiv>
                        <Unicode>Anschauungen</Unicode>
                    </TextEquiv>
                </Word>
                <Word id="tr_2_tl_45_w6" custom="readingOrder {index:5;}">
                    <Coords points="2309,3386 2309,3446 2456,3446 2456,3386"/>
                    <TextEquiv>
                        <Unicode>ominöse</Unicode>
                    </TextEquiv>
                </Word>
                <TextEquiv>
                    <Unicode>er dies für damalige Anschauungen ominöse</Unicode>
                </TextEquiv>
            </TextLine>
            <TextLine id="tr_2_tl_46" custom="readingOrder {index:45;}">
                <Coords points="1593,3483 2462,3490 2449,3437 1593,3435"/>
                <Baseline points="1602,3468 1645,3468 1688,3468 1731,3471 1774,3468 1817,3468 1860,3470 1904,3469 1947,3470 1990,3471 2033,3471 2076,3471 2119,3473 2162,3472 2206,3471 2249,3471 2292,3471 2335,3472 2378,3474 2421,3474 2465,3477"/>
                <Word id="tr_2_tl_46_w1" custom="readingOrder {index:0;}">
                    <Coords points="1593,3428 1593,3488 1693,3488 1693,3428"/>
                    <TextEquiv>
                        <Unicode>Stück</Unicode>
                    </TextEquiv>
                </Word>
                <Word id="tr_2_tl_46_w2" custom="readingOrder {index:1;}">
                    <Coords points="1714,3428 1714,3488 1809,3488 1809,3428"/>
                    <TextEquiv>
                        <Unicode>unter</Unicode>
                    </TextEquiv>
                </Word>
                <Word id="tr_2_tl_46_w3" custom="readingOrder {index:2;}">
                    <Coords points="1836,3429 1836,3489 1889,3489 1889,3429"/>
                    <TextEquiv>
                        <Unicode>der</Unicode>
                    </TextEquiv>
                </Word>
                <Word id="tr_2_tl_46_w4" custom="readingOrder {index:3;}">
                    <Coords points="1916,3431 1916,3491 2105,3491 2105,3431"/>
                    <TextEquiv>
                        <Unicode>Schulbank</Unicode>
                    </TextEquiv>
                </Word>
                <Word id="tr_2_tl_46_w5" custom="readingOrder {index:4;}">
                    <Coords points="2127,3431 2127,3491 2248,3491 2248,3431"/>
                    <TextEquiv>
                        <Unicode>gelesen</Unicode>
                    </TextEquiv>
                </Word>
                <Word id="tr_2_tl_46_w6" custom="readingOrder {index:5;}">
                    <Coords points="2281,3431 2281,3491 2365,3491 2365,3431"/>
                    <TextEquiv>
                        <Unicode>habe</Unicode>
                    </TextEquiv>
                </Word>
                <Word id="tr_2_tl_46_w7" custom="readingOrder {index:6;}">
                    <Coords points="2392,3434 2392,3494 2449,3494 2449,3434"/>
                    <TextEquiv>
                        <Unicode>und</Unicode>
                    </TextEquiv>
                </Word>
                <TextEquiv>
                    <Unicode>Stück unter der Schulbank gelesen habe und</Unicode>
                </TextEquiv>
            </TextLine>
            <TextLine id="tr_2_tl_47" custom="readingOrder {index:46;}">
                <Coords points="1593,3525 2462,3538 2462,3490 2392,3483 1593,3483"/>
                <Baseline points="1602,3519 1645,3516 1688,3516 1731,3519 1774,3519 1817,3519 1860,3519 1904,3519 1947,3519 1990,3521 2033,3522 2076,3520 2119,3521 2162,3522 2206,3521 2249,3519 2292,3520 2335,3522 2378,3522 2421,3522 2465,3525"/>
                <Word id="tr_2_tl_47_w1" custom="readingOrder {index:0;}">
                    <Coords points="1593,3476 1593,3536 1695,3536 1695,3476"/>
                    <TextEquiv>
                        <Unicode>dabei</Unicode>
                    </TextEquiv>
                </Word>
                <Word id="tr_2_tl_47_w2" custom="readingOrder {index:1;}">
                    <Coords points="1716,3479 1716,3539 1861,3539 1861,3479"/>
                    <TextEquiv>
                        <Unicode>erwischt</Unicode>
                    </TextEquiv>
                </Word>
                <Word id="tr_2_tl_47_w3" custom="readingOrder {index:2;}">
                    <Coords points="1887,3479 1887,3539 2015,3539 2015,3479"/>
                    <TextEquiv>
                        <Unicode>wurde.</Unicode>
                    </TextEquiv>
                </Word>
                <Word id="tr_2_tl_47_w4" custom="readingOrder {index:3;}">
                    <Coords points="2037,3480 2037,3540 2109,3540 2109,3480"/>
                    <TextEquiv>
                        <Unicode>„Da</Unicode>
                    </TextEquiv>
                </Word>
                <Word id="tr_2_tl_47_w5" custom="readingOrder {index:4;}">
                    <Coords points="2135,3481 2135,3541 2264,3541 2264,3481"/>
                    <TextEquiv>
                        <Unicode>standen</Unicode>
                    </TextEquiv>
                </Word>
                <Word id="tr_2_tl_47_w6" custom="readingOrder {index:5;}">
                    <Coords points="2301,3481 2301,3541 2362,3541 2362,3481"/>
                    <TextEquiv>
                        <Unicode>wir</Unicode>
                    </TextEquiv>
                </Word>
                <Word id="tr_2_tl_47_w7" custom="readingOrder {index:6;}">
                    <Coords points="2388,3482 2388,3542 2450,3542 2450,3482"/>
                    <TextEquiv>
                        <Unicode>also</Unicode>
                    </TextEquiv>
                </Word>
                <TextEquiv>
                    <Unicode>dabei erwischt wurde. „Da standen wir also</Unicode>
                </TextEquiv>
            </TextLine>
            <TextLine id="tr_2_tl_48" custom="readingOrder {index:47;}">
                <Coords points="1596,3580 2462,3584 2461,3538 2406,3530 1596,3527"/>
                <Baseline points="1605,3566 1648,3563 1691,3563 1734,3566 1777,3566 1820,3566 1863,3566 1906,3566 1949,3568 1992,3569 2035,3567 2078,3568 2121,3569 2164,3569 2207,3569 2250,3569 2293,3569 2336,3569 2379,3569 2422,3569 2465,3569"/>
                <Word id="tr_2_tl_48_w1" custom="readingOrder {index:0;}">
                    <Coords points="1596,3523 1596,3583 1678,3583 1678,3523"/>
                    <TextEquiv>
                        <Unicode>schon</Unicode>
                    </TextEquiv>
                </Word>
                <Word id="tr_2_tl_48_w2" custom="readingOrder {index:1;}">
                    <Coords points="1709,3526 1709,3586 1770,3586 1770,3526"/>
                    <TextEquiv>
                        <Unicode>vor</Unicode>
                    </TextEquiv>
                </Word>
                <Word id="tr_2_tl_48_w3" custom="readingOrder {index:2;}">
                    <Coords points="1797,3526 1797,3586 1873,3586 1873,3526"/>
                    <TextEquiv>
                        <Unicode>etwa</Unicode>
                    </TextEquiv>
                </Word>
                <Word id="tr_2_tl_48_w4" custom="readingOrder {index:3;}">
                    <Coords points="1910,3527 1910,3587 1981,3587 1981,3527"/>
                    <TextEquiv>
                        <Unicode>zehn</Unicode>
                    </TextEquiv>
                </Word>
                <Word id="tr_2_tl_48_w5" custom="readingOrder {index:4;}">
                    <Coords points="2013,3527 2013,3587 2141,3587 2141,3527"/>
                    <TextEquiv>
                        <Unicode>Jahren</Unicode>
                    </TextEquiv>
                </Word>
                <Word id="tr_2_tl_48_w6" custom="readingOrder {index:5;}">
                    <Coords points="2178,3529 2178,3589 2306,3589 2306,3529"/>
                    <TextEquiv>
                        <Unicode>einmal</Unicode>
                    </TextEquiv>
                </Word>
                <Word id="tr_2_tl_48_w7" custom="readingOrder {index:6;}">
                    <Coords points="2327,3529 2327,3589 2358,3589 2358,3529"/>
                    <TextEquiv>
                        <Unicode>in</Unicode>
                    </TextEquiv>
                </Word>
                <Word id="tr_2_tl_48_w8" custom="readingOrder {index:7;}">
                    <Coords points="2389,3529 2389,3589 2455,3589 2455,3529"/>
                    <TextEquiv>
                        <Unicode>Be¬</Unicode>
                    </TextEquiv>
                </Word>
                <TextEquiv>
                    <Unicode>schon vor etwa zehn Jahren einmal in Be¬</Unicode>
                </TextEquiv>
            </TextLine>
            <TextLine id="tr_2_tl_49" custom="readingOrder {index:48;}">
                <Coords points="1593,3629 2449,3634 2430,3582 2320,3573 1593,3579"/>
                <Baseline points="1602,3617 1644,3614 1687,3614 1729,3616 1772,3617 1814,3615 1857,3614 1899,3614 1942,3614 1984,3614 2027,3615 2070,3617 2112,3617 2155,3617 2197,3617 2240,3617 2282,3617 2325,3617 2367,3620 2410,3620 2453,3620"/>
                <Word id="tr_2_tl_49_w1" custom="readingOrder {index:0;}">
                    <Coords points="1593,3574 1593,3634 1771,3634 1771,3574"/>
                    <TextEquiv>
                        <Unicode>ziehung“,</Unicode>
                    </TextEquiv>
                </Word>
                <Word id="tr_2_tl_49_w2" custom="readingOrder {index:1;}">
                    <Coords points="1798,3574 1798,3634 1917,3634 1917,3574"/>
                    <TextEquiv>
                        <Unicode>meinte</Unicode>
                    </TextEquiv>
                </Word>
                <Word id="tr_2_tl_49_w3" custom="readingOrder {index:2;}">
                    <Coords points="1950,3577 1950,3637 2225,3637 2225,3577"/>
                    <TextEquiv>
                        <Unicode>liebenswürdig</Unicode>
                    </TextEquiv>
                </Word>
                <Word id="tr_2_tl_49_w4" custom="readingOrder {index:3;}">
                    <Coords points="2258,3578 2258,3638 2441,3638 2441,3578"/>
                    <TextEquiv>
                        <Unicode>Schnitzler</Unicode>
                    </TextEquiv>
                </Word>
                <TextEquiv>
                    <Unicode>ziehung“, meinte liebenswürdig Schnitzler</Unicode>
                </TextEquiv>
            </TextLine>
            <TextLine id="tr_2_tl_50" custom="readingOrder {index:49;}">
                <Coords points="1645,3666 2455,3677 2453,3632 2299,3623 1697,3622 1645,3652"/>
                <Baseline points="1653,3665 1693,3665 1733,3663 1773,3662 1813,3664 1853,3665 1893,3664 1934,3662 1974,3662 2014,3665 2054,3665 2094,3665 2134,3667 2174,3668 2215,3668 2255,3668 2295,3668 2335,3668 2375,3668 2415,3671 2456,3671"/>
                <Word id="tr_2_tl_50_w1" custom="readingOrder {index:0;}">
                    <Coords points="1652,3622 1652,3682 1838,3682 1838,3622"/>
                    <TextEquiv>
                        <Unicode>„Jawohl,</Unicode>
                    </TextEquiv>
                </Word>
                <Word id="tr_2_tl_50_w2" custom="readingOrder {index:1;}">
                    <Coords points="1862,3623 1862,3683 1946,3683 1946,3623"/>
                    <TextEquiv>
                        <Unicode>Herr</Unicode>
                    </TextEquiv>
                </Word>
                <Word id="tr_2_tl_50_w3" custom="readingOrder {index:2;}">
                    <Coords points="1976,3625 1976,3685 2145,3685 2145,3625"/>
                    <TextEquiv>
                        <Unicode>Doktor“,</Unicode>
                    </TextEquiv>
                </Word>
                <Word id="tr_2_tl_50_w4" custom="readingOrder {index:3;}">
                    <Coords points="2163,3628 2163,3688 2259,3688 2259,3628"/>
                    <TextEquiv>
                        <Unicode>sagte</Unicode>
                    </TextEquiv>
                </Word>
                <Word id="tr_2_tl_50_w5" custom="readingOrder {index:4;}">
                    <Coords points="2288,3628 2288,3688 2435,3688 2435,3628"/>
                    <TextEquiv>
                        <Unicode>Morgan</Unicode>
                    </TextEquiv>
                </Word>
                <TextEquiv>
                    <Unicode>„Jawohl, Herr Doktor“, sagte Morgan</Unicode>
                </TextEquiv>
            </TextLine>
            <TextLine id="tr_2_tl_51" custom="readingOrder {index:50;}">
                <Coords points="1587,3726 2438,3732 2438,3683 2366,3677 1587,3686"/>
                <Baseline points="1596,3719 1638,3713 1680,3713 1722,3713 1765,3711 1807,3712 1849,3713 1891,3713 1934,3713 1976,3713 2018,3714 2060,3716 2103,3715 2145,3714 2187,3715 2229,3713 2272,3716 2314,3716 2356,3719 2398,3719 2441,3719"/>
                <Word id="tr_2_tl_51_w1" custom="readingOrder {index:0;}">
                    <Coords points="1592,3673 1592,3733 1689,3733 1689,3673"/>
                    <TextEquiv>
                        <Unicode>„aber</Unicode>
                    </TextEquiv>
                </Word>
                <Word id="tr_2_tl_51_w2" custom="readingOrder {index:1;}">
                    <Coords points="1721,3671 1721,3731 1782,3731 1782,3671"/>
                    <TextEquiv>
                        <Unicode>wir</Unicode>
                    </TextEquiv>
                </Word>
                <Word id="tr_2_tl_51_w3" custom="readingOrder {index:2;}">
                    <Coords points="1808,3673 1808,3733 1936,3733 1936,3673"/>
                    <TextEquiv>
                        <Unicode>müßten</Unicode>
                    </TextEquiv>
                </Word>
                <Word id="tr_2_tl_51_w4" custom="readingOrder {index:3;}">
                    <Coords points="1973,3675 1973,3735 2132,3735 2132,3675"/>
                    <TextEquiv>
                        <Unicode>einander</Unicode>
                    </TextEquiv>
                </Word>
                <Word id="tr_2_tl_51_w5" custom="readingOrder {index:4;}">
                    <Coords points="2164,3674 2164,3734 2220,3734 2220,3674"/>
                    <TextEquiv>
                        <Unicode>aus</Unicode>
                    </TextEquiv>
                </Word>
                <Word id="tr_2_tl_51_w6" custom="readingOrder {index:5;}">
                    <Coords points="2256,3676 2256,3736 2307,3736 2307,3676"/>
                    <TextEquiv>
                        <Unicode>dem</Unicode>
                    </TextEquiv>
                </Word>
                <Word id="tr_2_tl_51_w7" custom="readingOrder {index:6;}">
                    <Coords points="2354,3679 2354,3739 2426,3739 2426,3679"/>
                    <TextEquiv>
                        <Unicode>Weg</Unicode>
                    </TextEquiv>
                </Word>
                <TextEquiv>
                    <Unicode>„aber wir müßten einander aus dem Weg</Unicode>
                </TextEquiv>
            </TextLine>
            <TextLine id="tr_2_tl_52" custom="readingOrder {index:51;}">
                <Coords points="1593,3774 2441,3776 2441,3733 2406,3727 1593,3735"/>
                <Baseline points="1602,3763 1644,3760 1686,3760 1728,3760 1770,3760 1812,3760 1854,3762 1896,3761 1938,3761 1980,3762 2023,3761 2065,3763 2107,3763 2149,3763 2191,3763 2233,3763 2275,3763 2317,3763 2359,3763 2401,3763 2444,3763"/>
                <Word id="tr_2_tl_52_w1" custom="readingOrder {index:0;}">
                    <Coords points="1588,3720 1588,3780 1712,3780 1712,3720"/>
                    <TextEquiv>
                        <Unicode>gehen!</Unicode>
                    </TextEquiv>
                </Word>
                <Word id="tr_2_tl_52_w2" custom="readingOrder {index:1;}">
                    <Coords points="1738,3720 1738,3780 1831,3780 1831,3720"/>
                    <TextEquiv>
                        <Unicode>Denn</Unicode>
                    </TextEquiv>
                </Word>
                <Word id="tr_2_tl_52_w3" custom="readingOrder {index:2;}">
                    <Coords points="1868,3721 1868,3781 2060,3781 2060,3721"/>
                    <TextEquiv>
                        <Unicode>jedesmal,</Unicode>
                    </TextEquiv>
                </Word>
                <Word id="tr_2_tl_52_w4" custom="readingOrder {index:3;}">
                    <Coords points="2086,3723 2086,3783 2180,3783 2180,3723"/>
                    <TextEquiv>
                        <Unicode>wenn</Unicode>
                    </TextEquiv>
                </Word>
                <Word id="tr_2_tl_52_w5" custom="readingOrder {index:4;}">
                    <Coords points="2222,3723 2222,3783 2288,3783 2288,3723"/>
                    <TextEquiv>
                        <Unicode>wir</Unicode>
                    </TextEquiv>
                </Word>
                <Word id="tr_2_tl_52_w6" custom="readingOrder {index:5;}">
                    <Coords points="2320,3723 2320,3783 2345,3783 2345,3723"/>
                    <TextEquiv>
                        <Unicode>in</Unicode>
                    </TextEquiv>
                </Word>
                <Word id="tr_2_tl_52_w7" custom="readingOrder {index:6;}">
                    <Coords points="2382,3723 2382,3783 2434,3783 2434,3723"/>
                    <TextEquiv>
                        <Unicode>Be</Unicode>
                    </TextEquiv>
                </Word>
                <TextEquiv>
                    <Unicode>gehen! Denn jedesmal, wenn wir in Be</Unicode>
                </TextEquiv>
            </TextLine>
            <TextLine id="tr_2_tl_53" custom="readingOrder {index:52;}">
                <Coords points="1584,3822 2446,3828 2446,3785 2380,3764 1584,3784"/>
                <Baseline points="1593,3811 1635,3808 1678,3811 1721,3808 1764,3808 1807,3808 1850,3810 1892,3811 1935,3811 1978,3811 2021,3813 2064,3814 2107,3813 2150,3811 2192,3811 2235,3811 2278,3812 2321,3814 2364,3814 2407,3813 2450,3811"/>
                <Word id="tr_2_tl_53_w1" custom="readingOrder {index:0;}">
                    <Coords points="1584,3770 1584,3830 1766,3830 1766,3770"/>
                    <TextEquiv>
                        <Unicode>ziehungen</Unicode>
                    </TextEquiv>
                </Word>
                <Word id="tr_2_tl_53_w2" custom="readingOrder {index:1;}">
                    <Coords points="1797,3770 1797,3830 1922,3830 1922,3770"/>
                    <TextEquiv>
                        <Unicode>treten,</Unicode>
                    </TextEquiv>
                </Word>
                <Word id="tr_2_tl_53_w3" custom="readingOrder {index:2;}">
                    <Coords points="1938,3771 1938,3831 2016,3831 2016,3771"/>
                    <TextEquiv>
                        <Unicode>fällt</Unicode>
                    </TextEquiv>
                </Word>
                <Word id="tr_2_tl_53_w4" custom="readingOrder {index:3;}">
                    <Coords points="2038,3773 2038,3833 2126,3833 2126,3773"/>
                    <TextEquiv>
                        <Unicode>einer</Unicode>
                    </TextEquiv>
                </Word>
                <Word id="tr_2_tl_53_w5" custom="readingOrder {index:4;}">
                    <Coords points="2152,3771 2152,3831 2210,3831 2210,3771"/>
                    <TextEquiv>
                        <Unicode>von</Unicode>
                    </TextEquiv>
                </Word>
                <Word id="tr_2_tl_53_w6" custom="readingOrder {index:5;}">
                    <Coords points="2241,3771 2241,3831 2303,3831 2303,3771"/>
                    <TextEquiv>
                        <Unicode>uns</Unicode>
                    </TextEquiv>
                </Word>
                <Word id="tr_2_tl_53_w7" custom="readingOrder {index:6;}">
                    <Coords points="2335,3773 2335,3833 2444,3833 2444,3773"/>
                    <TextEquiv>
                        <Unicode>beider</Unicode>
                    </TextEquiv>
                </Word>
                <TextEquiv>
                    <Unicode>ziehungen treten, fällt einer von uns beider</Unicode>
                </TextEquiv>
            </TextLine>
            <TextLine id="tr_2_tl_54" custom="readingOrder {index:53;}">
                <Coords points="1586,3872 1613,3862 1683,3872 1711,3863 1737,3866 1740,3823 1709,3819 1691,3825 1674,3816 1659,3828 1653,3823 1641,3828 1625,3820 1613,3825 1589,3819"/>
                <Baseline points="1596,3853 1624,3853 1653,3853 1682,3853 1711,3850 1740,3844"/>
                <Word id="tr_2_tl_54_w1" custom="readingOrder {index:0;}">
                    <Coords points="1586,3813 1586,3873 1727,3873 1727,3813"/>
                    <TextEquiv>
                        <Unicode>durch!“</Unicode>
                    </TextEquiv>
                </Word>
                <TextEquiv>
                    <Unicode>durch!“</Unicode>
                </TextEquiv>
            </TextLine>
            <TextLine id="tr_2_tl_55" custom="readingOrder {index:54;}">
                <Coords points="2290,3880 2311,3872 2340,3874 2346,3868 2362,3875 2420,3869 2420,3829 2403,3828 2397,3822 2391,3826 2372,3822 2354,3834 2334,3831 2314,3820 2290,3826"/>
                <Baseline points="2298,3862 2323,3862 2348,3862 2373,3862 2398,3863 2423,3865"/>
                <Word id="tr_2_tl_55_w1" custom="readingOrder {index:0;}">
                    <Coords points="2291,3822 2291,3882 2336,3882 2336,3822"/>
                    <TextEquiv>
                        <Unicode>H.</Unicode>
                    </TextEquiv>
                </Word>
                <Word id="tr_2_tl_55_w2" custom="readingOrder {index:1;}">
                    <Coords points="2360,3822 2360,3882 2406,3882 2406,3822"/>
                    <TextEquiv>
                        <Unicode>B.</Unicode>
                    </TextEquiv>
                </Word>
                <TextEquiv>
                    <Unicode>H. B.</Unicode>
                </TextEquiv>
            </TextLine>
            <TextEquiv>
                <Unicode></Unicode>
            </TextEquiv>
        </TextRegion>
    </Page>
</PcGts>
