3392 4320
169 270 232 330 12

358 272 936 332 Schuitzler's
1005 266 1231 326 Deatl

814 743 1135 803 RVER

427 757 771 817 OBSE

509 816 533 876 1.
550 810 667 870 österr.
680 809 830 869 behördl.
839 801 1143 861 konzessioniertes

459 855 696 915 Unternehmen
726 850 773 910 für
800 843 1191 903 Zeitungs-Ausschnitte

523 912 666 972 WIEN,
693 913 745 973 I.,
766 909 1054 969 WOLLZEILE
1101 903 1146 963 11

618 965 830 1025 TELEPHON
867 958 1044 1018 R-23-0-43

420 1111 644 1171 Ausschnitt
670 1105 761 1165 aus:

741 1154 864 1214 Vienor
881 1152 1020 1212 Aeverte
1042 1151 1229 1211 Nochricnte

1054 1247 1129 1307 68

433 1335 542 1395 vom:

383 1440 528 1500 Arkur
561 1446 845 1506 Schnitzlers
887 1449 1357 1509 Leichenbegängnis

367 1501 430 1561 Von
470 1506 572 1566 seinem
624 1509 836 1569 Künstlerheim
888 1509 912 1569 in
958 1510 1009 1570 der
1048 1512 1343 1572 Sternwartestraße
1382 1512 1439 1572 aus

317 1548 420 1608 wurde
455 1550 567 1610 gestern
602 1549 636 1609 um
680 1551 729 1611 die
759 1552 964 1612 Mittagszeit
990 1554 1092 1614 Artur
1117 1557 1347 1617 Schnitzler
1382 1556 1431 1616 von

317 1590 405 1650 einer
440 1592 552 1652 großen
596 1592 694 1652 Schar
728 1592 782 1652 von
826 1596 1051 1656 Trauergästen
1096 1597 1124 1657 zu
1164 1598 1271 1658 Grabe
1306 1599 1442 1659 geleitet.

320 1632 377 1692 Die
396 1634 741 1694 Trauerfeierlichkeiten
775 1638 928 1698 begannen
967 1637 1072 1697 bereits
1101 1638 1130 1698 in
1159 1640 1211 1700 den
1235 1642 1441 1702 Vormittags¬

318 1675 437 1735 stunden
471 1678 528 1738 mit
553 1678 600 1738 dem
639 1678 749 1738 Besuch
773 1679 955 1739 zahlreicher
984 1684 1218 1744 Leidtragender
1243 1685 1267 1745 im
1306 1685 1444 1745 Trauer¬

318 1720 422 1780 hause,
458 1719 498 1779 wo
539 1718 589 1778 die
625 1721 725 1781 Leiche
761 1722 947 1782 Schnitzlers
987 1724 1012 1784 im
1068 1727 1305 1787 Schlafzimmer
1345 1726 1430 1786 neben

321 1763 413 1823 seinem
465 1762 542 1822 Bett
574 1765 763 1825 aufgebahrt
796 1769 877 1829 war.
904 1769 949 1829 Zu
991 1769 1099 1829 Füßen
1136 1769 1187 1829 des
1229 1769 1347 1829 Sarges
1389 1771 1435 1831 lag

318 1805 358 1865 ein
395 1805 503 1865 Kranz
534 1805 585 1865 des
622 1810 869 1870 Burgtheaters.
896 1811 1003 1871 Gegen
1045 1810 1117 1870 ½12
1154 1811 1220 1871 Uhr
1252 1811 1354 1871 wurde
1386 1811 1437 1871 der

319 1845 398 1905 Sarg
434 1849 610 1909 geschlossen
652 1850 711 1910 und
752 1852 808 1912 auf
838 1851 893 1911 das
939 1855 1136 1915 Leichenauto
1172 1853 1323 1913 gehoben.
1363 1855 1433 1915 Nan

321 1891 476 1951 formierte
511 1891 556 1951 sich
597 1891 646 1951 der
682 1894 883 1954 Trauerzug,
914 1896 1008 1956 voran
1049 1895 1104 1955 das
1145 1897 1340 1957 Leichenauto
1376 1898 1430 1958 und

311 1934 517 1994 anschließend
564 1933 610 1993 die
648 1935 750 1995 Autos
792 1936 849 1996 mit
885 1939 936 1999 den
984 1940 1232 2000 Trauergästen.
1263 1942 1330 2002 Der
1372 1942 1433 2002 Zug

313 1976 394 2036 nahm
448 1978 546 2038 seinen
590 1980 659 2040 Weg
698 1980 735 2040 am
790 1984 1001 2044 Burgtheater
1039 1984 1153 2044 vorbei
1186 1984 1239 2044 zum
1289 1985 1440 2045 Zentral¬

322 2019 455 2079 friedhof

360 2062 422 2122 Auf
445 2063 495 2123 dem
541 2067 806 2127 Zentralfriedhof
829 2067 931 2127 hatten
966 2067 1010 2127 sich
1045 2069 1264 2129 eingefunden:
1282 2069 1326 2129 In
1361 2066 1439 2126 Ver¬

313 2106 433 2166 tretung
473 2107 523 2167 des
564 2109 855 2169 Bundesministers
891 2109 945 2169 für
981 2112 1157 2172 Unterricht
1187 2112 1438 2172 Ministerialrat

318 2144 427 2204 Wisoko
479 2150 538 2210 und
584 2151 790 2211 Sektionsrat
821 2154 1093 2214 Thomasberger,
1128 2157 1440 2217 Generalintendant

313 2193 566 2253 Schneiderhan,
587 2193 634 2253 für
661 2194 708 2254 den
740 2196 1067 2256 Bundespressedienst
1089 2198 1204 2258 Hofrat
1226 2199 1442 2259 Engelmann,

318 2234 431 2294 Hofrat
467 2236 617 2296 Reimers
664 2236 689 2296 in
736 2238 926 2298 Vertretung
968 2239 1020 2299 des
1057 2240 1221 2300 Direktors
1258 2240 1443 2300 Wildgans,

311 2279 454 2339 Direktor
496 2279 764 2339 Kommerzialrat
806 2281 909 2341 Anton
956 2282 1126 2342 Geiringer
1173 2282 1198 2342 in
1245 2284 1430 2344 Vertretung

311 2321 362 2381 des
398 2321 563 2381 Direktors
600 2323 666 2383 Dr.
692 2324 774 2384 Beer
806 2324 899 2384 sowie
935 2327 1100 2387 zahlreiche
1136 2326 1347 2386 Schauspieler
1384 2327 1435 2387 der

313 2362 436 2422 Wiener
467 2366 595 2426 Bühnen
632 2366 688 2426 und
720 2369 915 2429 prominente
941 2369 1162 2429 Schriftsteller
1194 2368 1250 2428 und
1281 2369 1435 2429 Künstler.

312 2406 388 2466 Nach
430 2406 483 2466 den
525 2408 655 2468 üblichen
697 2411 897 2471 Zeremonien
939 2414 1074 2474 erfolgte
1110 2414 1158 2474 die
1194 2412 1364 2472 Beisetzung
1401 2411 1429 2471 in

313 2450 396 2510 einem
448 2452 651 2512 Ehrengrab.

408 2893 1133 2953 OBSERVER

499 2975 519 3035 I.
532 2969 654 3029 österr.
668 2965 815 3025 behördl.
829 2953 1137 3013 konzessioniertes

455 3014 690 3074 Unternehmen
721 3005 768 3065 für
798 2995 1184 3055 Zeltungs-Ausschnitte

511 3072 662 3132 WIEN,
689 3069 734 3129 I.,
761 3059 1052 3119 WOLLZEILE
1099 3051 1144 3111 11

610 3119 829 3179 TELEPHON
867 3110 1044 3170 R-23-0-43

418 3272 638 3332 Ausschnitt
667 3261 754 3321 aus:

780 3303 852 3363 Der
869 3307 1015 3367 Abend,
1034 3309 1114 3369 Wlen

674 3486 730 3546 14
778 3473 906 3533 0KT.
931 3462 999 3522 193

428 3497 547 3557 vom:

390 3664 453 3724 Das
488 3664 765 3724 Leichenbegängnis
800 3664 892 3724 Artur
921 3669 1094 3729 Schnitzlers
1124 3667 1192 3727 fand
1222 3667 1348 3727 gestern,

281 3696 332 3756 wie
358 3701 389 3761 es
415 3702 467 3762 der
493 3703 612 3763 Tichter
639 3704 804 3764 gewünscht
825 3706 892 3766 hat,
929 3706 1006 3766 ohne
1048 3708 1151 3768 jeden,
1162 3707 1286 3767 äußeren
1318 3707 1426 3767 Prunk

280 3736 356 3796 statt.
395 3739 438 3799 Es
467 3742 568 3802 fanden
602 3743 645 3803 sich
674 3744 827 3804 zahlreiche
857 3745 990 3805 Freunde
1020 3745 1077 3805 und
1106 3745 1250 3805 Verehrer
1275 3742 1322 3802 des
1351 3742 1423 3802 Ver¬

282 3778 422 3838 storbenen
457 3779 508 3839 vor
538 3780 585 3840 dem
624 3783 726 3843 Grabe
752 3781 812 3841 ein.
838 3784 1094 3844 Bemerkenswert
1120 3786 1167 3846 ist,
1206 3784 1256 3844 daß
1287 3784 1338 3844 von
1368 3785 1415 3845 der

276 3817 360 3877 hohen
395 3820 565 3880 Regierung
595 3820 732 3880 niemand
761 3823 913 3883 anwesend
942 3823 1008 3883 war

1451 255 1581 315 box
1659 255 1896 315 43/25

2374 107 2432 167 2

2205 139 2647 199 ODSER

2300 192 2320 252 I.
2333 189 2455 249 österr.
2465 189 2616 249 behördl.
2630 189 2929 249 konzessioniertes

2256 231 2488 291 Unternehmen
2519 230 2565 290 für
2587 231 2974 291 Zeitungs-Ausschnitte

2304 291 2447 351 WIEN,
2474 294 2527 354 I.,
2554 294 2836 354 WOLLZEILE
2883 293 2928 353 11

2401 344 2616 404 TELEPHON
2651 343 2825 403 R-23-0-43

2825 443 2835 503 —

2191 484 2411 544 Ausschnitt
2437 485 2531 545 aus:
2548 477 2615 537 Vol

2469 606 2837 666 Volkszeltung,
2844 610 2924 670 Wien

2206 705 2317 765 vom:

2553 736 2623 796 )A
2671 736 2726 796 OV

2808 742 2914 802 1931

2314 827 2507 887 Artur
2561 828 2932 888 Schnitzler.

2389 888 2453 948 Die
2485 885 2614 945 schlichte
2651 888 2849 948 Totenfeier.

2278 938 2345 998 Der
2376 939 2500 999 Dichter
2537 938 2640 998 Anton
2677 939 2847 999 Schnitzler
2884 941 2935 1001 hat
2967 939 3049 999 letzt¬

2201 981 2293 1041 willig
2330 981 2540 1041 angeordnet,
2577 981 2634 1041 daß
2670 981 2726 1041 sein
2768 981 2953 1041 Begräbnis
2990 981 3051 1041 still

2200 1025 2258 1085 und
2284 1022 2307 1082 in
2338 1022 2461 1082 großter
2486 1020 2682 1080 Einfachheit
2703 1022 2756 1082 vor
2781 1022 2825 1082 sich
2850 1023 2939 1083 gehen
2969 1024 3056 1084 solle;

2200 1064 2312 1124 gestern
2347 1065 2400 1125 ist,
2426 1064 2489 1124 was
2523 1064 2562 1124 an
2602 1064 2768 1124 Schnitzler
2803 1064 2934 1124 sterblich
2974 1064 3057 1124 war,

2193 1107 2249 1167 der
2277 1108 2356 1168 Erde
2385 1106 2557 1166 übergeben
2590 1107 2734 1167 worden,
2763 1106 2823 1166 und
2852 1106 2879 1166 in
2912 1106 2963 1166 der
2992 1106 3056 1166 Tat

2204 1151 2250 1211 hat
2281 1150 2332 1210 sich
2364 1149 2410 1209 die
2442 1148 2534 1208 Feier
2576 1149 2659 1209 ohne
2701 1150 2782 1210 jeden
2819 1149 2933 1209 Prunk
2975 1148 3057 1208 voll¬

2201 1195 2309 1255 zogen.
2329 1193 2496 1253 Ungemein
2531 1193 2605 1253 groß
2635 1193 2703 1253 aber
2733 1192 2801 1252 war
2827 1192 2871 1252 die
2896 1190 2979 1250 Zahl
3004 1189 3053 1249 der

2200 1234 2425 1294 Trauergäste,
2459 1234 2501 1294 die
2531 1235 2708 1295 gekommen
2747 1234 2875 1294 waren,
2909 1232 2947 1292 um
2996 1233 3048 1293 von

2203 1279 2249 1339 dem
2300 1279 2379 1339 toten
2422 1279 2547 1339 Dichter
2581 1279 2734 1339 wortlos,
2772 1277 2832 1337 wie
2874 1273 2907 1333 er
2944 1274 2972 1334 es
3009 1273 3060 1333 ge¬

2200 1320 2337 1380 wünscht
2382 1321 2479 1381 hatte,
2525 1320 2598 1380 aber
2643 1321 2740 1381 darum
2805 1321 2888 1381 nicht
2933 1318 3055 1378 minder

2200 1365 2343 1425 herzlich,
2365 1363 2503 1423 Abschied
2530 1363 2562 1423 zu
2589 1363 2743 1423 nehmen.

2287 1405 2333 1465 Um
2385 1406 2456 1466 ½12
2488 1405 2554 1465 Uhr
2586 1404 2714 1464 mittags
2745 1405 2853 1465 wurde
2884 1404 2935 1464 der
2967 1404 3054 1464 Sarg

2202 1449 2261 1509 mit
2286 1448 2335 1508 der
2365 1448 2502 1508 irdischen
2537 1449 2631 1509 Hülle
2656 1446 2705 1506 des
2740 1448 2961 1508 Verblichenen
3001 1446 3055 1506 aus

2197 1493 2249 1553 dem
2302 1491 2556 1551 Sterbezimmer
2591 1489 2619 1549 in
2662 1491 2758 1551 seinem
2811 1488 2887 1548 Heim
2941 1488 2969 1548 in
3008 1487 3060 1547 der

2200 1536 2509 1596 Sternwartestraße
2539 1534 2597 1594 71,
2637 1532 2676 1592 an
2730 1533 2818 1593 einem
2882 1533 3048 1593 starken

2200 1578 2337 1638 Spalier
2377 1580 2435 1640 von
2479 1578 2709 1638 Trauergästen
2759 1574 2886 1634 vorbei,
2921 1574 2950 1634 in
3000 1575 3053 1635 das

2205 1622 2401 1682 Leichenauto
2446 1620 2602 1680 gehoben.
2632 1618 2680 1678 Um
2735 1615 2788 1675 den
2833 1616 2920 1676 Sarg
2965 1614 3048 1674 lagen

2203 1667 2301 1727 einige
2331 1666 2468 1726 Kränze,
2489 1664 2513 1724 so
2543 1664 2582 1724 ein
2617 1661 2720 1721 Kranz
2745 1658 2799 1718 des
2829 1661 3059 1721 Burgtheaters

2210 1710 2267 1770 mit
2293 1710 2342 1770 der
2368 1710 2560 1770 Widmung:
2586 1708 2677 1768 „Das
2703 1703 2919 1763 Burgtheater
2945 1703 3036 1763 seinem

2204 1785 2317 1845 großen
2350 1787 2474 1847 Dichter
2502 1784 2577 1844 1895
2610 1784 2653 1844 bis
2680 1782 2793 1842 1931.“
2821 1784 2869 1844 In
2902 1782 2950 1842 der
2978 1784 3064 1844 Villa

2207 1827 2306 1887 hatten
2353 1828 2402 1888 sich
2448 1826 2655 1886 eingefunden
2701 1826 2750 1886 die
2781 1828 2907 1888 Dichter
2938 1825 3073 1885 Werfel,

2212 1867 2488 1927 Beer=Hofmann,
2508 1868 2645 1928 Salten,
2671 1869 2739 1929 Dr.
2759 1867 2843 1927 Karl
2873 1867 3069 1927 Schönherr,

2208 1911 2316 1971 ferner
2348 1912 2467 1972 Hofrat
2499 1910 2592 1970 Hugo
2629 1912 2779 1972 Thimig,
2805 1911 2924 1971 Hofrat
2956 1910 3075 1970 Albert

2206 1956 2304 2016 Heine
2339 1954 2393 2014 vom
2443 1954 2674 2014 Burgtheater,
2699 1952 2817 2012 Hofrat
2847 1954 2915 2014 Dr.
2941 1954 3063 2014 Thenen

2211 1999 2264 2059 von
2299 1997 2348 2057 der
2378 1996 2627 2056 Aerztekammer
2657 1995 2715 2055 und
2745 1996 2857 2056 andre.
2878 1996 2941 2056 Die
2966 1996 3068 2056 Fahrt

2207 2045 2261 2105 zum
2307 2040 2589 2100 Zentralfriedhof
2615 2039 2726 2099 wurde
2757 2039 2837 2099 dann
2873 2037 3074 2097 angetreten.

2305 2083 2373 2143 Der
2399 2084 2546 2144 Kondukt
2571 2082 2714 2142 passierte
2739 2082 2768 2142 :n
2803 2082 3054 2142 verlangsamtem

2218 2127 2335 2187 Tempo
2383 2126 2441 2186 das
2490 2125 2824 2185 Burgtheater
2878 2124 2936 2184 und
2990 2124 3069 2184 setzte

2228 2172 2336 2232 sodann
2372 2169 2449 2229 seine
2481 2169 2583 2229 Fahrt
2610 2168 2686 2228 über
2713 2169 2764 2229 den
2801 2169 2965 2229 Rennweg
2997 2168 3079 2228 fort.

2223 2214 2304 2274 Beim
2358 2214 2504 2274 Eingang
2558 2210 2612 2270 des
2656 2211 2969 2271 Zentralfriedhofes

2223 2257 2369 2317 warteten
2411 2255 2461 2315 der
2492 2255 2669 2315 Präsident
2700 2254 2751 2314 der
2787 2252 3076 2312 Kultusgemeinde

2229 2300 2388 2360 Professor
2417 2297 2489 2357 Dr.
2512 2297 2584 2357 Pick
2612 2297 2678 2357 mit
2706 2296 2756 2356 den
2795 2297 3072 2357 Vizeprasidenten

2228 2345 2296 2405 Dr.
2334 2342 2486 2402 Ornstein
2544 2341 2607 2401 und
2660 2339 2728 2399 Dr.
2771 2339 2965 2399 Löwenherz
3013 2339 3065 2399 den

2229 2383 2390 2443 Kondukt.
2420 2384 2465 2444 Im
2512 2381 2645 2441 Vorhof
2675 2381 2726 2441 des
2768 2382 2952 2442 Friedhofes
2993 2381 3079 2441 hatte

2235 2426 2282 2486 sich
2318 2426 2364 2486 die
2394 2424 2689 2484 Trauergemeinde
2725 2426 2955 2486 eingefunden,
2979 2423 3078 2483 unter

2236 2470 2343 2530 andern
2380 2467 2698 2527 Generalintendant
2729 2465 2782 2525 der
2813 2465 3077 2525 Bundestheater

2229 2512 2483 2572 Schneiderhan,
2520 2509 2584 2569 vom
2655 2509 3064 2569 Unterrichtsministerium

2235 2557 2489 2617 Ministerialrat
2526 2554 2596 2614 Dr.
2620 2552 2756 2612 Wisokoe
2780 2552 2845 2612 mit
2869 2552 2951 2612 Sekt
2964 2551 3082 2611 onsrat

2227 2599 2299 2659 Dr.
2363 2596 2640 2656 Thomasberger,
2720 2595 3083 2655 Landesamtsdirektor

2232 2639 2297 2699 Dr.
2320 2640 2413 2700 Hartl
2441 2638 2502 2698 mit
2530 2640 2579 2700 dem
2624 2639 2888 2699 amtsführenden
2922 2637 3082 2697 Stadtrat

2235 2685 2394 2745 Professor
2428 2682 2499 2742 Dr.
2528 2682 2688 2742 Tandler,
2721 2682 2776 2742 vom
2832 2682 3081 2742 Journalisten¬

2846 2724 3071 2784 „Concordia"

2407 2724 2741 2784 Schriftstellerverein

2228 2730 2298 2790 und

2235 2772 2399 2832 Präsident
2461 2770 2615 2830 Lipschütz
2672 2769 2737 2829 mit
2798 2767 3074 2827 Vizepräsidenten

2228 2815 2296 2875 Dr.
2323 2814 2538 2874 Reichmann,
2565 2813 2622 2873 vom
2676 2811 2892 2871 Burgtheater
2930 2811 2960 2871 in
2998 2808 3081 2868 Ver¬

2234 2858 2355 2918 tretung
2408 2855 2460 2915 des
2514 2855 2683 2915 Direktors
2747 2855 2921 2915 Wildgans
2974 2852 3084 2912 Ober¬

2235 2901 2378 2961 regisseur
2422 2900 2549 2960 Hofrat
2594 2898 2748 2958 Reimers
2804 2896 2865 2956 mit
2909 2898 3080 2958 Regisseur

2227 2945 2386 3005 Herterich
2434 2941 2493 3001 und
2541 2941 2712 3001 zahlreiche
2754 2941 2978 3001 Schauspieler
3026 2941 3078 3001 des

2234 2989 2465 3049 Burgtheaters
2496 2986 2550 3046 und
2582 2987 2697 3047 andrer
2723 2984 2873 3044 Theater.

2317 3041 2411 3101 Dann
2447 3038 2581 3098 bewegte
2606 3038 2652 3098 sich
2682 3038 2728 3098 der
2758 3038 2822 3098 Zug
2847 3038 2875 3098 zu
2906 3038 2958 3098 dem
3000 3035 3075 3095 nahe

2234 3083 2391 3143 gelegenen
2440 3082 2646 3142 Ehrengrab,
2695 3081 2749 3141 das
2798 3079 2841 3139 die
2885 3077 3085 3137 israelitische

2233 3125 2517 3185 Kultusgemeinde
2565 3125 2702 3185 gestiftet
2750 3123 2849 3183 hatte.
2892 3121 2960 3181 Auf
3008 3119 3060 3179 dem

2235 3168 2324 3228 Wege
2351 3166 2530 3226 zelebrierte
2563 3167 2610 3227 der
2642 3167 2716 3227 erste
2743 3165 2959 3225 Stadtkantor
2992 3163 3076 3223 Groß

2231 3211 2277 3271 die
2324 3208 2603 3268 Trauergesänge.
2650 3211 2716 3271 Der
2769 3208 2856 3268 Sarg
2913 3208 2980 3268 mit
3028 3205 3078 3265 der

2231 3252 2375 3312 irdischen
2412 3254 2505 3314 Hülle
2541 3252 2650 3312 wurde
2686 3251 2712 3311 in
2759 3251 2815 3311 das
2852 3251 2955 3311 offene
2992 3247 3079 3307 Grab

2233 3297 2357 3357 gesenkt
2383 3298 2445 3358 und
2477 3297 2520 3357 die
2558 3297 2651 3357 ersten
2690 3297 2877 3357 Erdschollen
2921 3294 3014 3354 fielen
3046 3294 3077 3354 in

2234 3343 2284 3403 die
2312 3342 2422 3402 Tiefe.

2335 3402 2392 3462 Die
2426 3405 2627 3465 Trauerfeier
2661 3407 2712 3467 der
2739 3405 2979 3465 „Concordia".

2309 3450 2379 3510 Das
2406 3453 2578 3513 Präsidium
2638 3455 2691 3515 des
2724 3456 2972 3516 Journalisten-
3021 3456 3079 3516 und

2224 3497 2591 3557 Schriftstellervereines
2637 3500 2863 3560 „Concordia"
2914 3497 3089 3557 vereinigte

2223 3544 2271 3604 sich
2315 3542 2433 3602 gestern
2483 3543 2515 3603 zu
2564 3542 2650 3602 einer
2678 3542 2916 3602 Trauersitzung
2949 3542 3002 3602 für
3025 3542 3084 3602 sein

2223 3587 2607 3647 Ehrenmitglied
2673 3586 2780 3646 Artur
2824 3586 3094 3646 Schnitzler.

2224 3632 2283 3692 Bei
2301 3629 2396 3689 diesem
2438 3632 2538 3692 Amlaß
2568 3631 2645 3691 sagte
2669 3630 2841 3690 Präsident
2866 3632 3096 3692 Lipschütz:

2306 3674 2518 3734 „Schnitzlers
2545 3673 2651 3733 Größe
2678 3674 2783 3734 wurde
2811 3675 2869 3735 nur
2896 3675 2980 3735 durch
3013 3673 3091 3733 soine

2219 3718 2473 3778 Bescheidenheit
2512 3716 2706 3776 überboten.
2746 3718 2795 3778 Er
2840 3718 2895 3778 hat
2934 3718 2984 3778 sich
3040 3716 3078 3776 ein

2231 3763 2529 3823 Leichenbegängnis
2579 3761 2681 3821 letzter
2709 3761 2817 3821 Klasse
2861 3760 2996 3820 bestellt,
3045 3760 3088 3820 die

2229 3806 2308 3866 Welt
2351 3805 2408 3865 hat
2446 3807 2498 3867 ihm
2563 3804 2610 3864 ein
2637 3805 2949 3865 Leichenbegängnis
2998 3805 3092 3865 erster

2229 3850 2326 3910 Klasse
2353 3850 2497 3910 bereitet.
2539 3850 2616 3910 Sein
2648 3850 2860 3910 universeller
2886 3849 2974 3909 Geist
3021 3847 3093 3907 um¬

2232 3895 2308 3955 faßte
2335 3894 2391 3954 alle
2413 3894 2572 3954 Epochen,
2589 3894 2697 3954 schritt
2718 3894 2806 3954 durch
2832 3891 2894 3951 alle
2915 3891 3096 3951 Himmels¬

2226 3940 2346 4000 striche.
2357 3939 2401 3999 Er
2422 3939 2488 3999 war
2508 3937 2614 3997 daheim
2655 3936 2679 3996 in
2705 3937 2755 3997 der
2776 3936 3003 3996 wunderlichen
3033 3933 3093 3993 Ge¬

2229 3984 2436 4044 lehrtenstube
2478 3982 2535 4042 des
2582 3979 2778 4039 Paracelsus
2848 3981 2912 4041 und
2959 3978 2987 4038 in
3039 3978 3091 4038 der

2228 4026 2485 4086 Artistenschenke
2506 4026 2557 4086 der
2584 4025 2758 4085 Jakobiner
2805 4023 2830 4083 in
2883 4023 2934 4083 den
2965 4022 3093 4082 Prunk¬

2228 4072 2357 4132 räumen
2413 4071 2468 4131 von
2503 4068 2714 4128 Schönbrunn
2755 4068 2809 4128 und
2845 4068 2870 4128 in
2905 4068 2955 4128 den
2991 4065 3090 4125 Dach¬

2234 4115 2362 4175 stübchen
2393 4114 2502 4174 kleiner
2528 4112 2657 4172 Wiener
2678 4109 2889 4169 Midinettes.
2910 4109 3008 4169 Jedes
3035 4106 3096 4166 Er¬
