3436 4320
1385 65 1542 125 e

300 94 973 154 nen.

1133 97 1452 157 umumm

3036 142 3168 202 Prels
3203 142 3225 202 in
3243 143 3340 203 Wien:

454 168 500 228 die
534 171 838 231 Wäschefabrik

3011 231 3220 291 Redaktion,
3226 236 3333 296 Admin

306 261 588 321 NORBERT
636 267 967 327 STIERLER

3004 279 3032 339 I.
3052 283 3296 343 Schubertring,
3316 287 3330 347 1

304 311 432 371 Wien,
452 312 511 372 VI.
541 315 925 375 Marlahlifergürtel
950 318 984 378 18

1749 314 2197 374 Neue

3013 335 3197 395 Telephon:
3216 339 3333 399 Redakt

382 342 463 402 neben
486 342 530 402 der
550 348 850 408 Rettungsgesallschaft
866 348 911 408 und

3205 376 3318 436 Admin

298 380 359 440 VI.
376 383 593 443 Wallgasse
619 386 686 446 29,
702 386 764 446 Tel.
770 386 987 446 B-24-3-58

3202 410 3329 470 Inserat

616 431 659 491 ist
686 431 711 491 in
737 434 992 494 Herrenwäsche

3009 469 3266 529 Geschäftsstelle
3281 470 3323 530 für

621 466 682 526 und
724 470 900 530 Krawatten
942 474 991 534 die

623 508 738 568 beste
769 509 802 569 u.
812 512 986 572 billigste

724 545 778 605 der
805 547 899 607 Welt.

3035 545 3131 605 Prag,
3149 548 3234 608 XII.,
3246 549 3330 609 Orlic

3125 583 3334 643 Adminlstratiot

616 583 637 643 la
659 585 766 645 KRAGEN

640 611 706 671 steif
723 613 754 673 un

3063 613 3100 673 M.
3118 616 3211 676 Welss,
3229 619 3333 679 Bratisle

635 643 768 703 balbstelf
805 640 840 700 90
869 641 897 701 l.
905 643 939 703 90
968 641 996 701 o.

3007 670 3320 730 Inseraten-Annahm

626 676 630 736 l
662 679 765 739 NACHY¬

1328 685 1474 745 O

2223 701 2660 761 Fose

643 710 889 770 HEMDEN........3
910 709 984 769 6•90

3122 708 3211 768 Tarif
3231 710 3255 770 in
3291 714 3320 774 un

619 748 841 808 SEIDENPOPELIN-

2991 750 3023 810 I.
3045 754 3249 814 Fichtegasse
3288 754 3325 814 9-

639 781 898 841 MEMDEN..........
906 774 982 834 9’00

3009 789 3137 849 „Kleiner
3161 792 3309 852 Anzelger“

3007 825 3036 885 im
3076 827 3276 887 Stadtburoau,
3301 831 3330 891 I.

343 847 720 907 Reinaniäonetennahen

1745 863 2260 923 Morgenblatt.

3006 861 3072 921 Tel.
3088 864 3284 924 R-21-3-80,
3301 870 3336 930 un

344 876 449 936 eigenor
470 880 615 940 Erzeugung
635 885 834 945 ..............3
874 882 887 942 3
914 879 953 939 00

3066 901 3208 961 Bureaux
3237 906 3288 966 des

3016 959 3252 1019 Muundlunng

333 1034 466 1094 Nr.
498 1037 738 1097 24104

1403 1053 1599 1113 Wien,
1635 1056 2020 1116 Donnerstag,
2057 1062 2145 1122 den
2200 1066 2298 1126 22.
2335 1070 2566 1130 Oktober

269 1257 429 1317 Ihr
492 1256 876 1316 treuester
939 1264 1358 1324 Begleifer

1756 1349 1974 1409 Das
2116 1353 2414 1413 erste
2536 1361 3053 1421 Budget
3156 1366 3213 1426 d

340 1360 404 1420 der
428 1360 493 1420 Sie
524 1361 730 1421 überallhin
760 1367 961 1427 begleitet,
979 1371 1043 1431 und
1074 1372 1138 1432 Gie
1163 1375 1304 1435 würdig

649 1413 937 1473 tepräsentiert,
960 1416 998 1476 ist

2179 1547 2996 1607 Restriktion.

596 1563 1021 1623 Sphinx

253 1640 308 1700 die
330 1643 531 1703 sabelhafte
553 1645 748 1705 Krawatte
770 1647 839 1707 aus
860 1649 964 1709 einem
1000 1654 1104 1714 Stück
1126 1655 1237 1715 reiner
1266 1655 1390 1715 Seide,

1857 1685 2002 1745 Rede
2052 1688 2161 1748 Dr.
2199 1693 2663 1753 Weidenhoffers
2725 1694 2773 1754 im
2847 1697 3261 1757 Nationalrat.

555 1705 732 1765 elastisch,
818 1706 857 1766 8½
904 1707 1081 1767 Schilling

328 1784 383 1844 In
427 1793 891 1853 Modegeschäften,
916 1796 1033 1856 mein
1071 1799 1311 1859 Herr....!

2161 1808 2285 1868 Wien,
2302 1812 2356 1872 22.
2380 1813 2512 1873 Oktober.

2606 1818 2726 1878 gedeckt
2750 1820 2872 1880 werden
2917 1825 3039 1885 sollen,
3074 1825 3128 1885 für
3164 1828 3218 1888 das
3252 1830 3329 1890 nach

1514 1858 1573 1918 Die
1600 1861 1916 1921 Steigerungskurve
1943 1867 1983 1927 ist
2003 1867 2055 1927 jäh
2089 1869 2287 1929 abgebrochen
2327 1872 2392 1932 Zum
2433 1872 2550 1932 ersten¬

2595 1867 2834 1927 vierundvierzig
2866 1870 3030 1930 Millionen
3081 1870 3131 1930 für
3163 1877 3239 1937 diese
3271 1877 3314 1937 Zw

1426 1907 1491 1967 mal
1516 1909 1570 1969 seit
1601 1909 1648 1969 der
1679 1912 1927 1972 Stabilisierung
1958 1912 2048 1972 haven
2085 1915 2144 1975 wir
2170 1915 2339 1975 begriffen,
2363 1918 2417 1978 daß
2466 1918 2544 1978 nicht

2593 1914 2680 1974 doch,
2706 1915 2762 1975 das
2800 1915 2837 1975 ist
2869 1915 2912 1975 die
2945 1918 3107 1978 traurigste
3139 1924 3320 1984 Mitteilung

274 1951 362 2011 Ein
404 1955 727 2015 erschütternder
768 1960 931 2020 Verlust
964 1963 1036 2023 für
1078 1963 1352 2023 Oesterreich.

1427 1955 1722 2015 Großmannssucht
1747 1956 1775 2016 am
1823 1957 1918 2017 Platze
1948 1960 1982 2020 ist
2007 1960 2066 2020 und
2096 1962 2195 2022 innere
2226 1963 2444 2023 Unwahrheit.
2468 1964 2538 2024 Man

2594 1958 2653 2018 mit
2715 1961 2768 2021 der
2818 1963 2981 2023 Begebung
3048 1966 3102 2026 der
3163 1971 3278 2031 zweiten

1427 2002 1491 2062 mag
1522 2004 1574 2064 den
1605 2002 1710 2062 Erfolg
1746 2005 1793 2065 der
1829 2006 2107 2066 Finanzgebarung
2143 2009 2190 2069 vom
2238 2011 2331 2071 Jahre
2368 2011 2450 2071 1924
2492 2009 2538 2069 bis

2595 2008 2871 2068 vestitionskredits
2933 2013 3006 2073 auch
3062 2013 3092 2073 im
3167 2017 3301 2077 nächsten

340 2011 437 2071 Nicht
472 2015 576 2075 Kunst
617 2016 674 2076 und
720 2019 881 2079 Literatur
922 2021 1031 2081 allein,
1067 2024 1147 2084 ganz
1182 2025 1366 2085 Oesterreich

1422 2050 1475 2110 zum
1518 2048 1658 2108 heutigen
1695 2049 1778 2109 Tage
1809 2049 1863 2109 wie
1889 2051 1997 2111 immer
2028 2054 2209 2114 beurteilen,
2234 2055 2380 2115 Tatsache
2411 2058 2458 2118 ist,
2489 2056 2537 2116 daß

2588 2052 2743 2112 rechnen;
2786 2055 2911 2115 trotzdem
2966 2059 3158 2119 bekanntlich
3200 2064 3314 2124 hunder

246 2059 372 2119 trauert
408 2061 442 2121 um
484 2064 605 2124 Arthur
646 2067 825 2127 Schnitzler.
860 2068 936 2128 Wer
977 2068 1022 2128 ihn
1069 2070 1203 2130 gekannt
1244 2073 1312 2133 hat,
1336 2073 1370 2133 ist

1426 2092 1497 2152 diese
1540 2094 1738 2154 finanziellen
1774 2095 2033 2155 Kletterübungen
2082 2100 2135 2160 den
2179 2100 2292 2160 jetzigen
2329 2105 2425 2165 Krach
2474 2102 2539 2162 ver¬

2588 2097 2647 2157 uns
2678 2100 2835 2160 bewilligt
2859 2102 2980 2162 wurden
3017 2107 3088 2167 nach
3119 2109 3324 2169 dreijähriger

250 2109 556 2169 niedergeschmettert
586 2111 672 2171 durch
701 2110 747 2170 die
776 2114 984 2174 Plötzlichkeit
1014 2115 1060 2175 des
1096 2118 1274 2178 Unglücks.
1298 2120 1372 2180 Wer

1433 2142 1559 2202 schuldet
1583 2142 1692 2202 haben.
1716 2143 1860 2203 Niemals
1884 2145 1970 2205 wäre
1994 2147 2057 2207 eine
2081 2146 2103 2206 so
2133 2148 2247 2208 brutale
2272 2151 2438 2211 Operation
2474 2149 2542 2209 not¬

2594 2147 2747 2207 gezählten
2780 2148 2895 2208 Mühen
2927 2151 2978 2211 der
3010 2156 3254 2216 Verhandlung,
3274 2157 3331 2217 nat

254 2154 341 2214 seinem
386 2155 518 2215 adeligen
546 2157 651 2217 Wesen
680 2160 900 2220 nahekommen
934 2163 1044 2223 durfte,
1067 2164 1160 2224 seiner
1183 2166 1293 2226 echten,
1316 2167 1370 2227 wie

1416 2186 1530 2246 wendig
1573 2190 1731 2250 geworden
1780 2190 1859 2250 ohne
1896 2192 1944 2252 die
1981 2194 2327 2254 Hemmungslosigkeit
2364 2197 2418 2257 der
2455 2196 2539 2256 Par¬

2588 2195 2802 2255 Abkommens
2853 2196 2927 2256 über
2979 2199 3022 2259 die
3073 2204 3305 2264 Reliefschulden

248 2197 312 2257 eine
343 2202 442 2262 frische
472 2205 584 2265 Quelle
615 2208 856 2268 aufströmenden
892 2208 992 2268 Güte,
1023 2211 1116 2271 seiner
1147 2211 1217 2271 ewig
1253 2212 1358 2272 wachen

1418 2234 1514 2294 teien,
1563 2234 1647 2294 ohne
1708 2234 1756 2294 die
1812 2240 2083 2300 Verschwendung
2145 2242 2235 2302 durch
2297 2243 2520 2303 Subventions

2596 2239 2688 2299 Zweck
2723 2240 2762 2300 die
2789 2242 2975 2302 Freilegung
3009 2246 3054 2306 der
3082 2249 3200 2309 Straße
3221 2249 3267 2309 für

248 2249 507 2309 Freundlichkeit,
548 2251 640 2311 seinem
698 2252 807 2312 großen
860 2253 911 2313 und
958 2256 1055 2316 reinen
1090 2258 1228 2318 Herzen,
1258 2259 1349 2319 seinem

1426 2282 1532 2342 politik
1584 2281 1664 2341 jeder
1709 2282 1797 2342 Art,
1835 2285 1916 2345 ohne
1967 2286 2017 2346 die
2068 2288 2231 2348 künstliche
2282 2292 2539 2352 Nichtbeachtung

2585 2286 2679 2346 wesen
2711 2288 2761 2348 ist.
2787 2288 2855 2348 Nun
2887 2291 2950 2351 soll
2976 2294 3019 2354 die
3045 2292 3119 2352 erste
3146 2296 3283 2356 Tranche

250 2291 364 2351 Geiste,
388 2295 440 2355 der
470 2296 730 2356 tausendfältiges
760 2297 868 2357 Wissen
904 2303 1066 2363 umfaßte,
1090 2303 1141 2363 dem
1182 2303 1222 2363 ist
1246 2304 1297 2364 es,
1321 2306 1367 2366 als

1425 2327 1495 2387 aller
1561 2327 1755 2387 Symptome
1814 2329 1866 2389 des
1932 2333 2256 2393 Wirtschaftslebens.
2316 2339 2386 2399 Daß
2463 2339 2527 2399 man

2583 2333 2699 2393 Dollar
2725 2334 2774 2394 für
2805 2336 2891 2396 unser
2922 2336 3002 2396 Land
3034 2341 3225 2401 ausreichen,
3250 2345 3305 2405 und

248 2338 340 2398 sänke
370 2339 427 2399 mit
457 2345 549 2405 seiner
578 2345 705 2405 Gestalt
729 2345 774 2405 ein
810 2347 903 2407 Stück
938 2349 989 2409 des
1025 2351 1146 2411 eigenen
1175 2349 1308 2409 Wesens
1337 2352 1366 2412 in

1417 2375 1576 2435 Finanzen
1630 2378 1712 2438 nicht
1759 2378 1866 2438 führen
1920 2381 2001 2441 kann
2055 2379 2114 2439 mit
2156 2384 2350 2444 zermalmten
2404 2384 2539 2444 Steuer¬

2593 2383 2750 2443 Millionen
2782 2384 2870 2444 sollen
2902 2387 2958 2447 uns
2991 2388 3059 2448 auch
3085 2388 3110 2448 im
3154 2391 3248 2451 Laufe
3274 2390 3324 2450 der

239 2385 286 2445 die
311 2385 411 2445 Gruft
435 2389 495 2449 und
525 2393 649 2453 zugleich
679 2392 721 2452 ein
757 2393 846 2453 Stück
876 2394 929 2454 von
966 2396 1167 2456 Oesterreich.

1417 2423 1561 2483 trägern,
1602 2423 1659 2483 daß
1706 2426 1931 2486 Einnahmen,
1967 2427 2024 2487 aus
2071 2428 2122 2488 dem
2181 2431 2429 2491 Kapitalshesitz
2465 2433 2533 2493 ent¬

2595 2428 2688 2488 Jahre
2733 2430 2813 2490 1932
2864 2429 2926 2489 noch
2965 2434 3145 2494 verweigert
3183 2436 3295 2496 werden

330 2434 405 2494 Das
432 2434 497 2494 war
524 2437 572 2497 er,
589 2437 615 2497 im
659 2437 772 2497 besten,
794 2438 821 2498 im
859 2440 988 2500 reinsten
1016 2443 1118 2503 Sinne
1146 2443 1194 2503 des
1227 2443 1366 2503 Wortes.

1419 2468 1603 2528 springend,
1627 2469 1713 2529 keine
1748 2470 1840 2530 echten
1876 2473 2071 2533 Einnahmen
2107 2475 2193 2535 sind,
2222 2477 2343 2537 sondern
2384 2478 2539 2538 Verluste,

2585 2475 2798 2535 geschlossenen
2849 2476 2904 2536 und
2943 2479 3030 2539 durch
3068 2481 3111 2541 die
3143 2485 3318 2545 Versöhnun

242 2477 313 2537 Der
338 2480 422 2540 Dufi
447 2482 567 2542 unserer
592 2482 711 2542 Gärten
743 2484 820 2544 webt
851 2486 875 2546 in
906 2486 1002 2546 seinen
1032 2488 1214 2548 Geschichten
1250 2491 1304 2551 und
1335 2491 1358 2551 in

1422 2512 1474 2572 daß
1511 2514 1551 2574 die
1575 2515 1770 2575 Gesamtheit
1794 2518 1846 2578 sich
1877 2518 1947 2578 nicht
1972 2521 2137 2581 bereichern
2167 2522 2243 2582 kann
2279 2524 2361 2584 durch
2391 2524 2432 2584 die
2456 2523 2532 2583 Ver¬

2584 2521 2754 2581 kräftigten
2791 2525 2967 2585 Verträge.
3004 2524 3079 2584 Wir
3110 2529 3227 2589 können
3263 2532 3292 2592 es

244 2524 301 2584 den
354 2527 492 2587 Dramen
568 2530 660 2590 seiner
713 2530 857 2590 Jugend,
904 2533 955 2593 die
985 2534 1060 2594 helle
1101 2536 1181 2596 Luft
1246 2536 1366 2596 unseres

1413 2560 1545 2620 armung
1581 2560 1632 2620 des
1662 2564 1835 2624 einzelnen,
1859 2565 1933 2625 diese
1963 2567 2160 2627 Wahrheiten
2195 2569 2252 2629 sind
2288 2571 2346 2631 uns
2381 2571 2444 2631 jetzt
2474 2571 2536 2631 ein¬

2586 2567 2722 2627 wirklich
2749 2569 2807 2629 eine
2833 2570 2852 2630 so
2879 2572 2976 2632 rauhe
2996 2575 3204 2635 Behandlung
3230 2576 3256 2636 in
3282 2578 3295 2638 A

239 2572 411 2632 Frühlings
442 2575 584 2635 schmeckt
628 2577 758 2637 beinahe
802 2577 931 2637 physisch
975 2579 1036 2639 aus
1086 2583 1179 2643 seinen
1216 2582 1364 2642 Worten.

1417 2605 1546 2665 gebläut
1570 2607 1687 2667 worden
1717 2610 1769 2670 auf
1787 2611 1851 2671 eine
1875 2611 1939 2671 sehr
1964 2613 2104 2673 unsanfte
2128 2614 2180 2674 und
2210 2616 2357 2676 peinliche
2375 2616 2451 2676 Art,
2475 2617 2521 2677 nd

2584 2612 2659 2672 Wir
2679 2614 2800 2674 hoffen,
2821 2617 2871 2677 daß
2897 2617 2986 2677 unser
3006 2621 3287 2681 Finanzminister,

242 2614 338 2674 Wenn
372 2619 405 2679 es
434 2620 519 2680 einem
565 2621 683 2681 Dichter
712 2625 864 2685 vergönnt
887 2626 971 2686 war,
994 2629 1203 2689 Inkarnation
1238 2629 1265 2689 zu
1300 2629 1356 2689 sein

1415 2654 1443 2714 zu
1473 2650 1571 2710 hoffen
1612 2652 1652 2712 ist
1687 2653 1762 2713 nur,
1791 2654 1860 2714 man
1890 2657 1988 2717 werde
2023 2658 2069 2718 die
2093 2660 2219 2720 Lektion
2249 2661 2289 2721 ein
2330 2663 2382 2723 für
2405 2664 2532 2724 allemal

2583 2658 2731 2718 Klarheit
2752 2661 2806 2721 und
2841 2664 3146 2724 Uebersichtlichkeit,
3168 2669 3255 2729 durch
3277 2671 3296 2731 O

243 2664 326 2724 eines
363 2667 549 2727 Zeitalters,
580 2667 707 2727 gültiger
743 2670 978 2730 Repräsentant
1009 2672 1092 2732 einer
1123 2675 1256 2735 Epoche,
1280 2673 1358 2733 dann

1414 2697 1587 2757 begreifen,
1606 2697 1635 2757 es
1660 2700 1756 2760 werde
1781 2701 1858 2761 nicht
1883 2703 1985 2763 binnen
2016 2705 2124 2765 kurzem
2160 2706 2269 2766 wieder
2293 2708 2335 2768 die
2359 2710 2533 2770 Spendier¬

2589 2707 2648 2767 heit
2679 2706 2895 2766 auszeichnete,
2918 2710 3105 2770 mindestens
3136 2713 3165 2773 in
3196 2715 3292 2775 dieser

242 2709 310 2769 mar
334 2710 368 2770 es
398 2712 519 2772 Arthur
548 2712 710 2772 Schnitzler
751 2715 803 2775 für
844 2715 896 2775 das
931 2718 1017 2778 Ende
1059 2717 1110 2777 des
1151 2721 1359 2781 vergangenen

1416 2742 1478 2802 lust
1516 2742 1591 2802 über
1629 2745 1672 2805 die
1698 2747 1892 2807 Restriktion
1931 2751 2181 2811 triumphieren,
2213 2752 2256 2812 die
2282 2755 2525 2815 Wählerpolitik

2597 2752 2706 2812 pehen
2739 2754 2777 2814 dar

245 2757 478 2817 Jahrhunderts
512 2760 563 2820 und
590 2760 641 2820 für
675 2760 719 2820 den
753 2762 870 2822 Beginn
903 2763 954 2823 des
981 2765 1078 2825 neuen
1111 2767 1137 2827 in
1163 2766 1364 2826 Oesterreich.

1409 2788 1487 2848 über
1519 2787 1566 2847 die
1590 2793 1841 2853 Staatspolitik,
1866 2795 1912 2855 der
1936 2799 2220 2859 Inflationsteufel
2237 2802 2322 2862 über
2347 2801 2393 2861 die
2418 2802 2527 2862 filan¬

2686 2799 2742 2859 Dr.
2774 2802 2997 2862 Weidenhofer
3037 2805 3094 2865 hat
3135 2805 3182 2865 die
3203 2808 3309 2868 Abstrt

238 2802 345 2862 Worin
378 2805 448 2865 liegt
474 2805 531 2865 das
557 2806 755 2866 Kennzeichen
788 2809 876 2869 dieser
903 2811 1024 2871 Epoche
1044 2812 1165 2872 unserer
1191 2811 1356 2871 Historie?

1409 2838 1495 2898 zielle
1527 2838 1731 2898 Redlichkeit.

2578 2844 2769 2904 geschildert,
2793 2846 2837 2906 die
2860 2851 2911 2911 zum
2949 2849 3059 2909 großen
3097 2851 3178 2911 Teile
3209 2852 3319 2912 bekann

236 2849 277 2909 In
313 2849 365 2909 dem
407 2849 543 2909 richtigen
579 2852 720 2912 Wollen,
744 2853 773 2913 in
803 2855 856 2915 der
886 2855 1116 2915 messerscharfen
1153 2856 1346 2916 Erkenntnis

1512 2882 1579 2942 Das
1610 2882 1756 2942 Budget,
1777 2885 1825 2945 das
1856 2888 1963 2948 gestern
1993 2891 2061 2951 Dr.
2082 2891 2306 2951 Weidenhoffer
2327 2894 2483 2954 vorlegte,
2494 2894 2522 2954 es

2577 2891 2760 2951 minderung
2812 2894 2878 2954 beim
2937 2897 3270 2957 Bundeskanzleramt

233 2893 260 2953 in
312 2893 362 2953 den
414 2897 617 2957 prachtvollen
669 2900 850 2960 Anläufen,
891 2899 941 2959 die
992 2903 1167 2963 irgendwie
1219 2904 1354 2964 scheitern

1415 2927 1577 2987 entspricht
1605 2927 1773 2987 tatsächlich
1801 2931 1885 2991 jenen
1918 2936 2094 2996 Begriffen,
2120 2936 2166 2996 die
2193 2939 2238 2999 der
2264 2940 2531 3000 Finanzminister

2581 2939 2769 2999 Millionen,
2791 2939 2854 2999 beim
2904 2945 3072 3005 Justizamt
3101 2945 3135 3005 um
3178 2947 3227 3007 elf
3255 2948 3318 3008 Mit

229 2942 353 3002 mußten
393 2942 426 3002 an
461 2943 506 3003 der
535 2945 734 3005 Uebermacht
757 2945 807 3005 der
831 2945 990 3005 Begriffe,
1007 2948 1041 3008 an
1075 2949 1120 3009 dem
1161 2951 1358 3011 unzerbrech¬

1415 2972 1446 3032 an
1479 2971 1529 3031 den
1555 2971 1702 3031 Eingang
1729 2975 1817 3035 seiner
1844 2978 1927 3038 Rede
1947 2981 2061 3041 gestellt
2088 2982 2152 3042 hat,
2171 2984 2299 3044 nämlich
2326 2986 2376 3046 der
2396 2988 2523 3048 höchster

2578 2987 2859 3047 richtsministerium
2915 2990 2997 3050 sogar
3032 2991 3066 3051 um
3122 2993 3307 3053 einundzwar

238 2987 326 3047 lichen
359 2987 464 3047 Felsen
503 2988 552 3048 des
586 2990 740 3050 Staates,
774 2990 806 3050 an
857 2991 906 3051 der
950 2995 1127 3055 grausamen
1161 2996 1265 3056 Härte
1304 2996 1353 3056 der

1414 3017 1617 3077 Bedrängnis
1648 3018 1702 3078 und
1732 3022 1780 3082 der
1805 3024 1930 3084 größten
1961 3029 2147 3089 Beengung.
2166 3029 2237 3089 Wir
2262 3031 2376 3091 hören,
2394 3032 2448 3092 daß
2479 3034 2526 3094 die

2576 3030 2665 3090 sicher
2700 3034 2823 3094 lebhaft
2865 3036 2892 3096 zu
2949 3038 3099 3098 bedauern
3149 3041 3203 3101 ist.
3245 3040 3292 3100 Da

231 3032 428 3092 allgemeinen
469 3035 666 3095 Nichtigkeit.
696 3038 881 3098 Revolution
917 3038 956 3098 ist
987 3039 1009 3099 in
1045 3041 1166 3101 Arthur
1196 3041 1357 3101 Schnitzler

1413 3064 1696 3124 Gesamtausgaben
1733 3065 1785 3125 von
1815 3074 2323 3134 zweitausendeinhundertdreißig
2353 3079 2406 3139 auf
2431 3078 2530 3138 effek¬

2576 3079 2827 3139 Landwirtschaft
2861 3081 2994 3141 verliert
3028 3083 3087 3143 das
3128 3085 3260 3145 Aktivum

228 3077 283 3137 wie
317 3078 338 3138 in
378 3078 427 3138 der
467 3081 649 3141 Stimmung
694 3084 744 3144 des
789 3085 900 3145 ganzen
939 3085 1172 3145 intellektuellen
1229 3087 1350 3147 Oester¬

1403 3106 1437 3166 tw
1478 3110 1772 3170 neunzehnhundert
1802 3118 1997 3178 herabgesetzt
2021 3121 2159 3181 werden,
2183 3122 2234 3182 wir
2258 3123 2361 3183 sehen,
2385 3124 2437 3184 daß
2478 3125 2523 3185 der

2575 3124 2825 3184 sechsundsechzig
2851 3127 3043 3187 Millionen.
3076 3131 3120 3191 Es
3160 3133 3230 3193 muß
3269 3133 3307 3193 an

228 3124 300 3184 reich
328 3125 377 3185 vor
400 3125 449 3185 dem
494 3129 688 3189 Untergang,
711 3130 777 3190 aber
805 3130 865 3190 eine
894 3133 1098 3193 Revolution,
1121 3133 1171 3193 der
1194 3133 1332 3193 gleichsam

1409 3156 1712 3216 Personalaufwand
1752 3157 1806 3217 von
1851 3163 1983 3223 beinahe
2023 3167 2221 3227 achthundert
2261 3170 2426 3230 Millionen
2471 3172 2525 3232 auf

2569 3172 2734 3232 Millionen
2766 3175 2914 3235 niedriger
2939 3178 3173 3238 präliminieren
3205 3181 3247 3241 als
3278 3181 3321 3241 für

235 3170 280 3230 die
339 3172 465 3232 Revolte
524 3175 627 3235 fehlt:
680 3175 737 3235 der
790 3180 1038 3240 Pistolenschuß,
1080 3180 1131 3240 der
1178 3179 1356 3239 Sturmruf,

1409 3201 1504 3261 etwas
1533 3201 1617 3261 mehr
1646 3203 1690 3263 als
1719 3207 1950 3267 siebenhundert
1973 3214 2136 3274 Millionen
2165 3216 2288 3276 gekürzt
2311 3217 2423 3277 werden
2458 3219 2525 3279 soll.

233 3214 287 3274 der
338 3217 514 3277 Aufschrei,
559 3222 613 3282 der
664 3223 718 3283 den
774 3222 902 3282 inneren
958 3226 1095 3286 Tumult
1151 3226 1200 3286 zum
1273 3223 1339 3283 Vor

2572 3218 2638 3278 Das
2673 3220 3013 3280 Handelsministerium
3060 3226 3113 3286 hat
3141 3228 3247 3288 vierzig
3281 3228 3293 3288 M

1407 3247 1478 3307 Wir
1495 3248 1666 3308 erfahren:
1684 3250 1733 3310 für
1755 3251 1827 3311 Post
1850 3256 1905 3316 und
1933 3259 2098 3319 Eisenbahn
2127 3263 2225 3323 waren
2248 3264 2275 3324 im
2315 3264 2519 3324 Voranschla,

229 3261 320 3321 schein
376 3265 499 3325 bringt.
555 3268 604 3328 Im
673 3269 856 3329 „Professor
913 3271 1097 3331 Bernhardi

2568 3262 2626 3322 das
2657 3267 2964 3327 Heeresministerium
3006 3270 3088 3330 sinkt
3112 3270 3136 3330 in
3172 3273 3260 3333 seinem

1163 3272 1205 3332 ist
1268 3273 1347 3333 alles

1398 3291 1451 3351 für
1488 3294 1572 3354 1931
1609 3298 2008 3358 hundertsechsunddreißig
2057 3308 2226 3368 Millionen
2275 3311 2431 3371 Schilling
2480 3312 2516 3372 an

225 3312 343 3372 gesagt,
377 3312 445 3372 was
480 3314 592 3374 jemals
632 3314 689 3374 für
718 3318 892 3378 Toleranz,
928 3318 978 3378 für
1018 3318 1068 3378 den
1114 3318 1238 3378 Kampf
1279 3317 1346 3377 ums

2572 3312 2636 3372 zehn
2670 3312 2827 3372 Millionen
2867 3317 2918 3377 auf
2939 3318 3194 3378 zweiundachtzig
3221 3321 3311 3381 Milli

1408 3341 1781 3401 Investitionsausgaben
1825 3352 2063 3412 präliminiert,
2094 3355 2143 3415 die
2186 3357 2241 3417 aus
2290 3357 2339 3417 der
2383 3357 2517 3417 Anleihe
2567 3359 2628 3419 das
2659 3360 2769 3420 Niveau
2806 3362 2854 3422 des
2886 3363 3001 3423 Jahres
3033 3367 3118 3427 1927
3143 3369 3265 3429 zurüch.

228 3354 341 3414 Recht,
364 3357 414 3417 für
449 3357 493 3417 die
523 3360 776 3420 Niederwerfung
811 3363 867 3423 der
896 3363 1059 3423 Heuchelei
1088 3366 1195 3426 gesagt
1235 3366 1347 3426 werden

230 3404 329 3464 kann.
363 3405 435 3465 Und
475 3406 540 3466 doch
586 3406 679 3466 endet
720 3408 774 3468 das
814 3411 1108 3471 Revolutionsstück
1159 3413 1220 3473 mit
1276 3413 1358 3473 einer

224 3448 527 3508 Selbstverspottung
569 3453 622 3513 des
664 3454 865 3514 Märtyrers,
890 3456 966 3516 nicht
997 3456 1055 3516 mit
1092 3459 1145 3519 dem
1193 3460 1346 3520 „Ecrasez

228 3497 398 3557 l'infâme:
444 3497 631 3557 Voltaires.
654 3499 693 3559 In
734 3503 915 3563 „Leutnant
938 3499 1074 3559 Gustl",
1097 3504 1125 3564 in
1160 3505 1346 3565 „Freiwild"

1461 3510 1745 3570 MEHR
1849 3519 2133 3579 LICHT
2206 3524 2317 3584 bei
2359 3527 2633 3587 gleichem
2706 3530 3184 3590 STROMVEN

228 3542 255 3602 in
289 3541 338 3601 den
377 3542 587 3602 Aphorismen
627 3545 687 3605 sind
721 3545 815 3605 tiefste
854 3548 987 3608 soziale,
1009 3550 1075 3610 auch
1109 3551 1258 3611 politische
1292 3549 1352 3609 Er¬

220 3585 395 3645 kenntnisse
422 3589 586 3649 verewigt.
609 3590 693 3650 Aber
720 3593 900 3653 Schnitzler,
927 3594 975 3654 nie
1002 3595 1102 3655 dachte
1135 3596 1160 3656 er
1194 3597 1256 3657 auch
1294 3599 1347 3659 nur

1454 3587 1547 3647 durch
1572 3593 2556 3653 GRAL-PRISMA-Lichtverstärker.

2598 3603 2999 3663 ERSPARMIS
3038 3607 3133 3667 bel
3153 3608 3286 3668 leder

218 3631 335 3691 daran,
362 3634 515 3694 Kämpfer
548 3636 579 3696 zu
611 3638 690 3698 sein,
717 3639 1046 3699 Standartenträger,
1073 3644 1248 3704 Trommler
1286 3644 1338 3704 und

1905 3647 2031 3707 Wien,
2050 3650 2110 3710 III.
2129 3655 2571 3715 Prinz-Eugen-Strasse
2602 3659 2704 3719 1—3.
2729 3661 2922 3721 Telephon
2953 3659 3171 3719 U-17-206.

227 3678 417 3738 Aufrührer.
464 3680 556 3740 Allzu
609 3682 671 3742 fein
730 3682 799 3742 war
852 3684 943 3744 dieser
996 3687 1094 3747 Stoff
1129 3690 1261 3750 gewebt,
1314 3689 1342 3749 zu

221 3724 374 3784 organisch
414 3723 482 3783 war
517 3726 567 3786 die

664 3726 779 3786 immer
816 3730 1016 3790 entzückende
1053 3733 1063 3793 —
1132 3736 1341 3796 Aristokratie

228 3771 321 3831 seiner
355 3772 443 3832 Seele
483 3772 543 3832 und
583 3772 637 3832 das
677 3777 992 3837 Fernbleibenwollen
1037 3781 1092 3841 und
1120 3783 1347 3843 Frenbleiben¬

2556 3801 2687 3861 plötzlich
2717 3802 2740 3862 in
2771 3802 2865 3862 diesen
2896 3805 3056 3865 schwarzen
3086 3808 3235 3868 Abgrund
3265 3808 3312 3868 ver

226 3817 333 3877 müssen
377 3816 431 3876 von
480 3819 533 3879 dem
588 3819 674 3879 Lärm
739 3822 798 3882 und
853 3826 1025 3886 Aergernis
1075 3825 1128 3885 des
1183 3829 1350 3889 Marktes.

2554 3849 2604 3909 der
2633 3849 2753 3909 Stunde
2782 3848 2832 3908 von
2867 3850 2941 3910 einst
2964 3853 3135 3913 gedenken.
3158 3855 3203 3915 Da
3232 3856 3288 3916 steh

226 3864 268 3924 Er
301 3864 360 3924 war
393 3864 538 3924 vielleicht
566 3865 614 3925 der
641 3865 722 3925 letzte
755 3868 825 3928 echte
852 3870 1116 3930 Indwidualist;
1144 3873 1170 3933 er
1203 3873 1267 3933 war
1300 3876 1338 3936 ein

1775 3868 2128 3928 Feuilleton.

2557 3892 2604 3952 als
2635 3891 2677 3951 sei
2703 3892 2738 3952 es
2769 3894 2823 3954 erst
2855 3894 2963 3954 gestern
3000 3897 3127 3957 gewesen
3171 3900 3224 3960 und
3255 3900 3303 3960 als

221 3909 328 3969 großer
346 3912 567 3972 Diagnostiker
596 3913 720 3973 sozialer
743 3913 805 3973 und
834 3915 998 3975 politischer
1027 3918 1248 3978 Uebelstände,
1271 3921 1344 3981 ohne

2554 3939 2655 3999 Jahre
2692 3939 2818 3999 darüber
2855 3942 3053 4002 hingezogen.
3084 3944 3150 4004 Der
3181 3945 3288 4005 somme

221 3954 315 4014 jedoch
343 3957 387 4017 die
415 3957 564 4017 Therapie
592 3960 724 4020 angeben
753 3960 780 4020 zu
814 3962 952 4022 können,
969 3962 1046 4022 ohne
1074 3963 1112 4023 die
1141 3963 1262 4023 Waffe,
1285 3965 1339 4025 das

1673 3978 1886 4038 Arthur
1922 3984 2245 4044 Schnitzler.

2551 3986 2760 4046 Sonnenlicht
2789 3989 3022 4049 durchfunkelte
3052 3989 3144 4049 Wald
3186 3991 3243 4051 und
3273 3990 3290 4050 A

217 4002 361 4062 blitzende
391 4004 501 4064 Messer
531 4005 577 4065 des
613 4008 804 4068 Chirurgen.
828 4008 909 4068 Aber
939 4008 973 4068 ist
997 4008 1026 4068 es
1061 4011 1136 4071 nicht
1160 4011 1276 4071 genug,
1300 4012 1345 4072 die

2557 4029 2606 4089 der
2632 4032 2800 4092 Schönheit
2826 4034 2920 4094 seiner
2946 4035 3089 4095 Jugend,
3115 4037 3170 4097 das
3196 4038 3295 4098 adelig

1764 4036 1820 4096 Von
1854 4041 1956 4101 Felix
1984 4044 2141 4104 Salten.

216 4045 297 4105 Tiefe
324 4047 373 4107 des
406 4050 514 4110 Uebels
542 4052 774 4112 aufzuspüren?
808 4056 899 4116 Wäre
927 4056 1051 4116 Arthur
1079 4056 1247 4116 Schnitzler
1274 4058 1339 4118 noch

2550 4076 2617 4136 mut
2646 4077 2860 4137 überschattet.

217 4091 305 4151 unser
340 4092 462 4152 Arthur
502 4094 668 4154 Schnitzler
708 4096 835 4156 gewesen
880 4100 958 4160 ohne
988 4102 1080 4162 solche
1110 4100 1321 4160 Hemmungen

1473 4101 1527 4161 Ein
1560 4106 1756 4166 Nachmittag
1790 4109 1816 4169 im
1861 4110 2024 4170 Sommer.
2047 4112 2117 4172 Wir
2140 4112 2248 4172 gingen
2287 4115 2336 4175 von
2370 4115 2500 4175 Kloster¬

2644 4121 2767 4181 Immer
2789 4123 2844 4183 hat
2873 4122 2913 4182 ihn
2948 4124 2997 4184 der
3018 4126 3170 4186 Gedanke
3192 4127 3225 4187 an
3254 4127 3301 4187 der
