3392 4384
1506 192 1631 252 So
2432 186 2557 246 e

2149 252 2400 312 Salzburg,
2423 249 2479 309 14.
2502 249 2613 309 April.

1580 311 1641 371 Der
1678 312 1844 372 46jährige
1881 309 2108 369 Forstarbeiter
2150 306 2311 366 Sebastian
2353 306 2565 366 Klaushofer,
2597 305 2648 365 der

1466 360 1521 420 vor
1552 360 1684 420 wenigen
1720 357 1821 417 Tagen
1852 357 1999 417 Hochzeit
2020 355 2162 415 gehalten
2193 354 2294 414 hatte,
2336 354 2391 414 hat
2417 351 2528 411 gestern
2564 350 2650 410 nach¬

1471 404 1579 464 mittag
1609 406 1633 466 in
1664 404 1717 464 der
1742 403 1826 463 Nähe
1851 401 1900 461 des
1930 399 2255 459 Mozart=Häuschens
2286 397 2340 457 auf
2365 397 2414 457 dem
2459 398 2650 458 Kapuziner¬

1472 452 1539 512 berg
1571 452 1596 512 in
1633 452 1715 512 einem
1758 449 1923 509 plötzlichen
1960 450 2069 510 Anfall
2095 448 2152 508 von
2183 445 2505 505 Geistesverwirrung
2536 444 2655 504 Selbst¬

1475 500 1558 560 mord
1590 500 1679 560 durch
1706 498 1874 558 Erhängen
1911 497 2036 557 verübt.

1533 712 1665 772 zum
1783 706 2416 766 Spielkasino.

544 723 711 783 Vom
846 715 1426 775 Gollscheber

670 840 800 900 Mit
846 837 1011 897 einer
1068 835 1464 895 Erinnerung
1533 831 1587 891 an
1654 828 1853 888 Artur
1898 827 2273 887 Schnitzler.

1426 906 1495 966 Von

1219 990 1449 1050 Rudolph
1498 990 1704 1050 Lothar.

393 1073 434 1133 An
489 1073 566 1133 einem
621 1071 735 1131 schönen
772 1067 1005 1127 Sommerabend
1054 1064 1138 1124 saßen
1175 1063 1264 1123 Artur
1295 1061 1451 1121 Schnitzler
1482 1058 1553 1118 Tag
1584 1058 1631 1118 ins
1668 1058 1764 1118 Lokal
1794 1058 1848 1118 und
1885 1058 1986 1118 spielte
2017 1056 2100 1116 jeden
2143 1055 2245 1115 Abend
2276 1053 2383 1113 weiter
2414 1053 2443 1113 im
2486 1051 2654 1111 Trattner¬

283 1123 341 1183 und
374 1121 411 1181 ich
439 1119 503 1179 beim
547 1118 703 1178 Eisvogel
725 1115 751 1175 im
795 1115 924 1175 Prater.
946 1112 994 1172 Da
1027 1112 1075 1172 kam
1118 1112 1161 1172 ein
1194 1110 1387 1170 Gottscheber
1415 1109 1447 1169 an
1485 1107 1554 1167 hof.
1577 1103 1651 1163 Aber
1679 1103 1732 1163 das
1765 1103 1856 1163 Glück
1879 1103 1959 1163 hatte
1986 1103 2034 1163 sich
2062 1101 2234 1161 gewendet.
2256 1100 2298 1160 Er
2326 1098 2428 1158 verlor
2455 1097 2514 1157 und
2547 1099 2665 1159 verlor,

283 1169 338 1229 den
371 1168 453 1228 Tisch
487 1165 575 1225 heran
609 1164 669 1224 und
703 1163 751 1223 lud
780 1161 840 1221 uns
874 1160 923 1220 zum
973 1160 1066 1220 Spiel
1094 1160 1154 1220 ein.
1183 1160 1276 1220 Jeder
1310 1158 1397 1218 kennt
1426 1156 1452 1216 ja
1486 1153 1590 1213 verlor
1624 1151 1701 1211 nicht
1729 1151 1789 1211 nur
1823 1151 1910 1211 alles,
1933 1150 1999 1210 was
2033 1150 2060 1210 er
2088 1148 2253 1208 gewonnen
2292 1148 2391 1208 hatte,
2413 1146 2540 1206 sondern
2573 1145 2667 1205 alles,

283 1217 338 1277 den
371 1216 498 1276 Betrieb
532 1213 581 1273 der
615 1211 786 1271 populären
820 1210 1024 1270 ambulanten
1063 1208 1295 1268 Spielkasinos,
1318 1205 1367 1265 die
1395 1204 1450 1264 von
1490 1202 1555 1262 was
1589 1199 1616 1259 er
1645 1199 1727 1259 besaß
1766 1197 1782 1257 —
1838 1196 1882 1256 bis
1916 1198 1971 1258 auf
1999 1197 2048 1257 den
2082 1196 2175 1256 letzten
2214 1196 2369 1256 Dukaten.
2397 1193 2463 1253 Das
2497 1192 2596 1252 heißt,
2618 1190 2662 1250 bis

1489 1244 1546 1304 auf
1570 1246 1615 1306 den
1651 1246 1830 1306 vorletzten,
1854 1244 1900 1304 den
1935 1244 2027 1304 letzten
2062 1244 2143 1304 besaß
2178 1244 2206 1304 er
2236 1243 2323 1303 noch.
2346 1241 2403 1301 Und
2433 1241 2467 1301 da
2503 1240 2583 1300 sagte
2607 1238 2658 1298 das

289 1265 504 1325 Eingebornen
544 1261 599 1321 des
638 1259 810 1319 Ländchens
849 1258 1009 1318 Gottschee
1043 1253 1070 1313 im
1121 1255 1364 1315 Wurstelprater
1403 1251 1458 1311 von

290 1314 370 1374 Tisch
405 1313 433 1373 zu
468 1310 548 1370 Tisch
578 1308 721 1368 getragen
763 1306 907 1366 wurden.
930 1304 993 1364 Der
1023 1303 1218 1363 Gottscheber
1248 1301 1340 1361 besitzt
1369 1298 1455 1358 einen
1490 1294 1616 1354 Mädel,
1663 1292 1714 1352 dem
1762 1291 1790 1351 er
1825 1291 1940 1351 erklärt
1969 1290 2067 1350 hatte,
2090 1288 2124 1348 er
2154 1288 2252 1348 werde
2287 1288 2356 1348 auch
2408 1287 2505 1347 diesen
2564 1286 2655 1346 letzten

292 1360 371 1420 Korb
400 1359 461 1419 mit
479 1355 710 1415 Zuckerwaren,
728 1353 880 1413 Bonbons
909 1349 965 1409 und
994 1350 1196 1410 Südfrüchten
1225 1350 1281 1410 und
1311 1348 1367 1408 alle
1395 1345 1463 1405 diese
1491 1340 1626 1400 Dukaten
1662 1339 1830 1399 riskieren,
1848 1340 1881 1400 sie
1910 1339 2000 1399 wolle
2024 1339 2051 1399 in
2086 1338 2136 1398 der
2165 1336 2419 1396 Stephanskirche
2448 1333 2475 1393 so
2504 1335 2594 1395 lange
2623 1333 2667 1393 für

287 1403 517 1463 Herrlichkeiten
558 1401 609 1461 sind
645 1398 835 1458 numeriert.
858 1401 898 1461 In
933 1400 1014 1460 einem
1060 1397 1198 1457 Säckchen
1234 1397 1371 1457 befinden
1407 1394 1452 1454 sich
1488 1391 1539 1451 ihn
1574 1386 1677 1446 beten,
1701 1386 1747 1446 als
1776 1386 1810 1446 er
1840 1385 1949 1445 spielen
1984 1384 2105 1444 würde.
2128 1384 2191 1444 Das
2227 1382 2330 1442 rührte
2359 1381 2411 1441 den
2452 1381 2613 1441 Leutnant
2637 1378 2659 1438 so

1496 1433 1570 1493 sehr,
1596 1433 1652 1493 daß
1690 1433 1721 1493 er
1753 1432 1796 1492 ihr
1834 1432 2002 1492 versprach,
2035 1432 2071 1492 sie
2097 1431 2234 1491 heiraten
2272 1431 2303 1491 zu
2341 1429 2466 1489 wollen,
2492 1427 2579 1487 wenn
2617 1426 2660 1486 ihr

289 1450 340 1510 die
357 1450 550 1510 Nummern,
567 1447 612 1507 die
635 1447 754 1507 Treffer
778 1444 833 1504 und
862 1445 964 1505 Nieten
993 1444 1157 1504 bedeuten.
1175 1445 1225 1505 Ich
1249 1443 1379 1503 glaube,
1397 1440 1458 1500 man

290 1502 390 1562 zahlte
414 1497 537 1557 damals
568 1495 632 1555 zehn
662 1494 798 1554 Kreuzer
822 1494 869 1554 für
899 1493 951 1553 das
982 1492 1088 1552 Recht,
1106 1492 1224 1552 einmal
1248 1491 1271 1551 in
1307 1490 1354 1550 den
1390 1484 1466 1544 Sack
1491 1478 1590 1538 Gebet
1615 1478 1720 1538 Erfolg
1751 1479 1850 1539 hätte.
1869 1478 1928 1538 Und
1958 1477 1987 1537 es
2017 1479 2093 1539 hatte
2117 1477 2246 1537 Erfolg!
2271 1477 2330 1537 Der
2360 1475 2519 1535 Leutnant
2537 1474 2660 1534 gewann

294 1553 325 1613 zu
357 1545 469 1605 greifen
501 1545 556 1605 und
613 1542 675 1602 eine
702 1542 858 1602 Nummer
884 1539 1097 1599 herausziehen
1135 1538 1159 1598 zu
1191 1536 1322 1596 dürfen.
1360 1533 1460 1593 Artur
1499 1527 1542 1587 ein
1574 1526 1680 1586 kleines
1712 1525 1880 1585 Vermögen
1913 1524 1975 1584 und
2007 1524 2082 1584 hielt
2107 1524 2138 1584 am
2183 1522 2314 1582 nächsten
2346 1521 2408 1581 Tag
2440 1521 2533 1581 seinem
2584 1522 2671 1582 Wort

297 1594 407 1654 machte
426 1593 474 1653 sich
500 1593 548 1653 gar
573 1590 665 1650 nichts
684 1589 739 1649 aus
764 1589 812 1649 den
838 1588 1058 1648 Süßigkeiten,
1071 1587 1114 1647 die
1133 1586 1188 1646 zur
1207 1584 1304 1644 Schau
1330 1583 1470 1643 standen,
1489 1579 1599 1639 gemäß
1643 1573 1704 1633 beim
1753 1572 1851 1632 Vater
1883 1572 1932 1632 des
1963 1572 2073 1632 jungen
2110 1571 2282 1631 Mädchens
2313 1569 2349 1629 um
2399 1569 2460 1629 ihre
2491 1569 2583 1629 Hand
2614 1571 2675 1631 an.

1489 1621 1593 1681 Dieser
1616 1621 1714 1681 Vater
1737 1619 1803 1679 war
1831 1617 1869 1677 ein
1903 1619 2179 1679 Strumpfwirker,
2202 1617 2245 1677 dem
2285 1617 2339 1677 der
2362 1616 2450 1676 noble
2478 1617 2665 1677 Schwieget¬

298 1642 365 1702 aber
394 1641 422 1701 er
450 1641 602 1701 versuchte
625 1638 687 1698 doch
721 1636 771 1696 sein
806 1636 913 1696 Glück.
931 1635 975 1695 Er
1004 1636 1049 1696 zog
1083 1635 1150 1695 aber
1179 1632 1241 1692 nur
1264 1631 1370 1691 Nieten
1405 1629 1461 1689 und

294 1689 341 1749 als
366 1689 389 1749 er
414 1688 467 1748 auf
486 1686 557 1746 diese
582 1686 671 1746 Weise
690 1684 774 1744 mehr
798 1683 870 1743 Geld
895 1683 1038 1743 verspielt
1057 1681 1152 1741 hatte,
1171 1680 1218 1740 als
1237 1680 1326 1740 unser
1345 1678 1459 1738 ganzes
1490 1672 1561 1732 sohn
1592 1668 1651 1728 sehr
1682 1668 1879 1728 willkommen
1910 1668 1994 1728 war.
2012 1666 2078 1726 Der
2103 1665 2258 1725 Leutnant
2283 1664 2444 1724 quittierte
2469 1663 2516 1723 den
2553 1666 2673 1726 Dienst,

1491 1715 1636 1775 heiratete
1670 1713 1723 1773 sein
1756 1713 1885 1773 Mädel,
1907 1713 1982 1773 blieb
2021 1713 2047 1773 in
2080 1713 2160 1773 Wien
2199 1713 2258 1773 und
2291 1710 2355 1770 trat
2382 1710 2409 1770 in
2442 1708 2495 1768 das
2528 1710 2668 1770 Geschäft

290 1736 476 1796 Nachtmahl
505 1734 623 1794 kostete,
647 1733 754 1793 schickte
783 1728 822 1788 ich
851 1730 964 1790 endlich
999 1727 1049 1787 den
1084 1727 1282 1787 Gottscheber
1311 1724 1378 1784 fort
1407 1725 1458 1785 und

1492 1763 1587 1823 seines
1622 1760 1909 1820 Schwiegervaters
1944 1760 2011 1820 ein.
2040 1760 2141 1820 Dieses
2181 1759 2321 1819 Geschäft
2350 1757 2457 1817 wurde
2497 1757 2519 1817 im
2576 1757 2666 1817 Laufe

295 1778 402 1838 konnte
430 1778 511 1838 nicht
533 1778 663 1838 umhin,
686 1777 783 1837 Artur
810 1775 908 1835 wegen
941 1775 1038 1835 seiner
1071 1773 1364 1833 Spielleidenschaft
1386 1770 1467 1830 Vor¬

291 1826 392 1886 würfe
459 1826 489 1886 zu
544 1824 687 1884 machen.
730 1824 910 1884 Daraufhin
965 1823 1043 1883 hielt
1086 1823 1151 1883 mir
1200 1823 1302 1883 Artur
1375 1818 1459 1878 einen
1496 1813 1543 1873 der
1574 1810 1676 1870 Jahre
1706 1808 1820 1868 immer
1851 1808 1959 1868 größer
1990 1808 2049 1868 und
2086 1806 2194 1866 größer
2225 1805 2284 1865 und
2315 1805 2380 1865 war
2411 1805 2447 1865 um
2496 1805 2543 1865 die
2574 1805 2670 1865 Mitte

300 1876 354 1936 sehr
380 1873 569 1933 tieffinnigen
600 1873 729 1933 Vortrag
754 1872 821 1932 über
846 1872 894 1932 die
913 1871 1158 1931 psychologischen
1190 1871 1348 1931 Urgründe
1368 1867 1459 1927 seiner
1497 1860 1546 1920 des
1595 1856 1840 1916 Jahrhunderts
1896 1856 1975 1916 eines
2031 1857 2086 1917 der
2135 1855 2270 1915 reichsten
2307 1853 2466 1913 Geschäfte
2516 1853 2577 1913 auf
2602 1853 2656 1913 dem

300 1925 412 1985 Passion
444 1922 512 1982 fürs
544 1922 669 1982 Hasard.
713 1921 806 1981 „Mein
845 1919 975 1979 Partner
1007 1919 1025 1979 in
1063 1919 1144 1979 diesem
1189 1919 1313 1979 Spiel",
1332 1920 1407 1980 sagte
1433 1914 1463 1974 er
1490 1904 1802 1964 Brillantengrund.
1840 1904 1908 1964 Der
1946 1904 2114 1964 Chronist,
2153 1901 2202 1961 der
2247 1902 2296 1962 die
2340 1902 2458 1962 hübsche
2503 1900 2671 1960 Geschichte

1495 1953 1624 2013 erzählt,
1649 1952 1719 2012 fügt
1744 1951 1855 2011 hinzu:
1886 1951 1998 2011 „Jedes
2034 1950 2110 2010 Kind
2146 1948 2240 2008 weiß,
2264 1948 2323 2008 wen
2360 1948 2394 2008 ich
2430 1948 2560 2008 meine."
2596 1945 2672 2005 Aber

300 1970 374 2030 mir,
395 1970 447 2030 „ist
469 1968 521 2028 das
548 1966 696 2026 Schicksal
718 1966 786 2026 oder
813 1966 897 2026 wenn
929 1965 960 2025 du
993 1964 1082 2024 willst
1104 1965 1150 2025 die
1172 1963 1283 2023 Göttin
1315 1963 1473 2023 Fortuna.

1494 1997 1561 2057 was
1590 1999 1635 2059 die
1663 1999 1782 2059 Kinder
1828 1997 1855 2057 in
1890 1998 1940 2058 den
1980 1998 2245 2058 Vierzigerjahren
2279 1996 2420 2056 wußten,
2466 1996 2561 2056 haben
2612 1993 2674 2053 wir

298 2016 358 2076 Und
387 2016 436 2076 der
464 2016 541 2076 Reiz
564 2014 614 2074 des
647 2014 768 2074 Spieles
797 2014 907 2074 besteht
936 2015 985 2075 für
1013 2014 1079 2074 mich
1107 2013 1134 2073 in
1168 2011 1218 2071 dem
1263 2011 1473 2071 Bewußtsein,

1495 2048 1598 2108 längst
1622 2047 1794 2107 vergessen.
1835 2047 1892 2107 Ich
1928 2046 2036 2106 konnte
2072 2044 2146 2104 nicht
2181 2044 2261 2104 mehr
2291 2043 2463 2103 feststellen,
2510 2042 2567 2102 wie
2620 2041 2671 2101 der

295 2065 372 2125 einen
406 2065 516 2125 solchen
550 2062 688 2122 Partner
733 2065 766 2125 zu
794 2062 888 2122 haben
944 2061 999 2121 und
1049 2061 1076 2121 in
1110 2059 1160 2119 der
1188 2062 1370 2122 Hoffnung,
1410 2061 1465 2121 das

1500 2095 1599 2155 Name
1633 2095 1725 2155 dieses
1759 2095 1930 2155 glücklichen
1970 2093 2222 2153 zugewanderten
2263 2092 2401 2152 Wieners
2441 2092 2467 2152 in
2508 2091 2672 2151 Wahrheit

299 2113 439 2173 Schicksal
474 2113 598 2173 besiegen
650 2112 677 2172 zu
712 2110 847 2170 können."
893 2113 943 2173 Ich
972 2110 1039 2170 weiß
1068 2109 1158 2169 nicht,
1199 2109 1227 2169 ob
1256 2109 1300 2169 die
1323 2107 1469 2167 Tausende

1501 2144 1582 2204 hieß.

290 2157 346 2217 und
375 2157 533 2217 Tausende
585 2157 641 2217 von
676 2157 937 2217 Glücksspielern,
961 2154 1005 2214 die
1035 2156 1062 2216 es
1091 2156 1113 2216 in
1148 2156 1199 2216 der
1234 2157 1313 2217 Welt
1336 2156 1460 2216 gibt,si

1605 2187 1714 2247 Sogar
1740 2189 1765 2249 im
1809 2190 2020 2250 Burgtheater
2064 2187 2182 2247 wurde
2225 2187 2293 2247 eine
2320 2185 2481 2245 Zeitlang,
2524 2184 2574 2244 als
2617 2184 2675 2244 die

290 2207 503 2267 philosophisch
557 2205 631 2265 über
661 2205 707 2265 die
736 2205 1026 2265 Anziehungskraft
1073 2203 1125 2263 des
1154 2203 1293 2263 Hasards
1346 2202 1472 2262 denken.

1501 2238 1654 2298 Geschäfte
1678 2239 1731 2299 gar
1755 2238 1784 2298 zu
1814 2238 1931 2298 schlecht
1955 2236 2061 2296 gingen
2103 2235 2156 2295 und
2186 2232 2239 2292 das
2269 2232 2445 2292 Repertoire
2476 2234 2552 2294 nicht
2576 2230 2670 2290 ziehen

290 2255 431 2315 Tatsache
455 2255 488 2315 ist
512 2253 699 2313 jedenfalls,
717 2254 773 2314 daß
802 2253 853 2313 der
876 2252 955 2312 echte
984 2250 1109 2310 Spieler
1138 2251 1217 2311 nicht
1246 2250 1279 2310 um
1326 2250 1376 2310 des
1405 2248 1467 2308 Ge¬

1503 2286 1616 2346 wollte,
1639 2285 1666 2345 im
1707 2285 1836 2345 Parkett
1865 2285 1949 2345 eifrig
1978 2283 2108 2343 Pharao
2143 2283 2283 2343 gespielt.
2306 2283 2362 2343 Die
2392 2280 2526 2340 Kaiserin
2567 2280 2668 2340 Maria

284 2304 403 2364 winnes
445 2304 540 2364 wegen
582 2303 688 2363 spielt,
719 2302 843 2362 sondern
886 2300 921 2360 um
976 2298 1023 2358 dem
1077 2301 1284 2361 dämonischen
1327 2302 1392 2362 Zug
1434 2299 1463 2359 zu

1501 2334 1638 2394 Theresia
1668 2331 1806 2391 erlaubte
1835 2331 1892 2391 mit
1916 2331 2048 2391 Bescheid
2077 2331 2134 2391 vom
2176 2329 2204 2389 9.
2227 2328 2302 2388 Mai
2325 2328 2400 2388 1759
2429 2328 2480 2388 das
2510 2328 2607 2388 Spiel
2631 2325 2653 2385 im

290 2352 411 2412 folgen,
452 2350 509 2410 der
556 2349 608 2409 ihn
684 2350 718 2410 an
770 2349 828 2409 den
898 2349 1019 2409 grünen
1072 2349 1152 2409 Tisch
1228 2347 1337 2407 treibt.

1501 2381 1708 2441 Burgtheater
1732 2379 1818 2439 gegen
1847 2378 1910 2438 eine
1934 2378 2060 2438 Abgabe
2084 2377 2135 2437 von
2165 2377 2240 2437 sechs
2264 2375 2401 2435 Dukaten
2425 2375 2477 2435 per
2501 2375 2598 2435 Tisch.
2610 2372 2673 2432 Und

293 2399 419 2459 Gewinn
475 2396 507 2456 ist
530 2396 590 2456 eine
613 2397 728 2457 schöne,
767 2396 811 2456 der
839 2396 960 2456 Verlust
1004 2396 1042 2456 ein
1087 2396 1313 2456 unangenehme
1336 2394 1467 2454 Begleit¬

1501 2429 1665 2489 tatsächlich
1702 2426 1783 2486 hielt
1813 2426 1907 2486 dieses
1949 2425 2048 2485 Spiel
2079 2423 2137 2483 das
2173 2423 2384 2483 Burgtheater
2426 2423 2490 2483 eine
2527 2421 2667 2481 Zeitlang

293 2445 490 2505 erscheinung,
514 2444 577 2504 aber
606 2444 786 2504 Hauptsache
810 2444 844 2504 ist
868 2444 920 2504 und
949 2444 1036 2504 bleibt
1066 2441 1164 2501 immer
1194 2441 1245 2501 das
1275 2441 1362 2501 Spiel
1386 2439 1466 2499 selbst

1498 2475 1574 2535 über
1604 2476 1734 2536 Wasser,
1758 2474 1805 2534 bis
1842 2474 1871 2534 es
1901 2474 2060 2534 schließlich
2096 2471 2279 2531 abgeschafft
2309 2472 2421 2532 werden
2463 2473 2587 2533 mußte,
2605 2468 2681 2528 weil

293 2501 333 2561 In
362 2492 442 2552 Wien
489 2492 547 2552 hat
565 2492 593 2552 es
640 2495 691 2555 seit
715 2492 958 2552 Jahrhunderten
1010 2492 1114 2552 immer
1155 2491 1322 2551 enragierte
1352 2489 1466 2549 Spieler

1498 2522 1549 2582 die
1572 2523 1786 2583 Schauspieler
1817 2522 1867 2582 sich
1898 2521 2081 2581 weigerten,
2105 2519 2156 2579 vor
2186 2520 2296 2580 Leuten
2327 2521 2355 2581 zu
2386 2521 2519 2581 spielen,
2542 2519 2592 2579 die
2615 2517 2674 2577 nur

294 2543 431 2603 gegeben.
474 2540 528 2600 Als
576 2540 624 2600 der
667 2540 823 2600 fanatische
853 2537 1172 2597 Franziskanermönch
1221 2539 1376 2599 Capistran
1425 2537 1455 2597 im

1501 2570 1529 2630 in
1564 2572 1604 2632 die
1633 2570 1749 2630 Karten
1778 2570 1864 2630 sahen
1905 2570 1962 2630 und
1992 2570 2072 2630 nicht
2101 2567 2153 2627 auf
2183 2567 2228 2627 die
2258 2567 2384 2627 Bühne.

296 2590 378 2650 Juni
402 2588 478 2648 1451
509 2588 573 2648 nach
603 2588 685 2648 Wien
715 2587 797 2647 kam,
833 2588 962 2648 predigte
992 2588 1021 2648 er
1045 2586 1127 2646 gegen
1163 2584 1204 2644 die
1234 2584 1387 2644 Spielwut
1411 2582 1463 2642 und

1597 2617 1684 2677 Aber
1712 2617 1792 2677 nicht
1840 2616 1887 2676 die
1921 2614 2130 2674 Spielpächter
2186 2614 2212 2674 im
2260 2614 2469 2674 Trattnerhof
2517 2614 2577 2674 und
2632 2611 2658 2671 im

299 2636 373 2696 hielt
391 2635 436 2695 dem
477 2635 598 2695 „Babel
622 2633 650 2693 an
680 2632 731 2692 der
754 2632 881 2692 Donau"
911 2632 962 2692 alle
986 2632 1060 2692 seine
1083 2632 1204 2692 Sünden
1234 2632 1302 2692 vor.
1320 2631 1452 2691 Trotzdem

1502 2668 1718 2728 Burgtheaters
1767 2665 1863 2725 waren
1894 2665 1935 2725 die
1960 2663 2134 2723 Ahnherren
2165 2662 2213 2722 des
2238 2662 2455 2722 Gottschebers;
2498 2661 2552 2721 das
2576 2659 2672 2719 waren

295 2683 453 2743 Capistran
499 2682 560 2742 nur
623 2680 769 2740 lateinisch
809 2680 961 2740 predigte,
1001 2680 1080 2740 hatte
1103 2680 1131 2740 er
1176 2677 1249 2737 einen
1284 2678 1464 2738 ungeheurer

1508 2713 1654 2773 vielmehr
1686 2713 1734 2773 die
1759 2713 1893 2773 Pächter
1925 2710 1973 2770 der
2005 2710 2225 2770 Glückshafen,
2250 2710 2298 2770 die
2330 2709 2353 2769 in
2391 2708 2476 2768 Wien
2520 2708 2580 2768 eine
2612 2707 2672 2767 sehr

296 2731 408 2791 Zulauf
432 2728 484 2788 und
515 2730 585 2790 seine
609 2728 703 2788 Reden
733 2728 844 2788 wirkten
898 2730 921 2790 so
945 2728 1080 2788 gewaltig
1111 2727 1163 2787 auf
1182 2725 1222 2785 die
1246 2725 1376 2785 Menge,
1412 2725 1464 2785 daß

1501 2761 1630 2821 beliebte
1654 2759 1884 2819 Unterhaltung
1915 2758 2026 2818 boten.
2062 2758 2150 2818 Diese
2198 2756 2398 2816 Glückshafen
2428 2756 2528 2816 waren
2582 2753 2681 2813 offene

294 2776 447 2836 förmliche
479 2776 642 2836 Autodafés
679 2776 731 2836 von
774 2773 959 2833 Spielkarten
997 2773 1186 2833 veranstaltet
1218 2773 1355 2833 wurden.
1403 2772 1465 2832 Das

1504 2809 1630 2869 Buden,
1654 2809 1682 2869 in
1717 2809 1809 2869 denen
1844 2807 2000 2867 entweder
2035 2806 2301 2866 Porzellansachen
2336 2805 2393 2865 aus
2423 2805 2474 2865 der
2509 2802 2670 2862 ärarischen

298 2823 481 2883 Tarokspiel,
519 2822 572 2882 das
600 2823 719 2883 damals
752 2822 811 2882 eben
865 2823 919 2883 von
946 2821 1059 2881 Italien
1098 2820 1157 2880 nach
1190 2820 1271 2880 Wien
1304 2818 1465 2878 gekommen

297 2871 357 2931 war
389 2871 437 2931 und
469 2871 702 2931 leidenschaftlich
733 2870 849 2930 gespielt
868 2868 991 2928 wurde,
1010 2867 1107 2927 wurde
1133 2865 1255 2925 beinahe
1280 2865 1372 2925 völlig
1397 2863 1470 2923 aus=
1501 2858 1617 2918 Fabrik
1649 2855 1673 2915 in
1711 2855 1759 2915 der
1797 2855 1900 2915 Roßau
1938 2853 2134 2913 ausgespielt
2159 2852 2306 2912 wurden,
2349 2852 2423 2912 oder
2454 2850 2687 2910 Silbersachen.

1504 2906 1567 2966 Das
1602 2904 1694 2964 ganze
1729 2901 1780 2961 18.
1804 2902 2029 2962 Jahrhundert
2059 2901 2202 2961 hindurch
2238 2902 2330 2962 haben
2365 2898 2445 2958 diese
2475 2897 2670 2957 Glückshafen

302 2919 434 2979 gerottet.
458 2919 608 2979 Nebenbei
631 2916 764 2976 bemerke
788 2917 839 2977 ich,
863 2918 909 2978 daß
944 2916 1100 2976 Capistran
1129 2915 1209 2975 durch
1245 2916 1314 2976 seine
1344 2913 1476 2973 Redner¬

1501 2952 1641 3012 floriert.
1659 2950 1715 3010 Sie
1744 2949 1884 3009 beruhten
1920 2950 2015 3010 genau
2049 2949 2100 3009 auf
2123 2949 2173 3009 dem
2219 2949 2343 3009 gleichen
2378 2946 2530 3006 Prinzip,
2547 2946 2603 3006 das
2632 2944 2676 3004 der

298 2970 369 3030 gabe
392 2967 446 3027 und
475 2966 518 3026 die
541 2964 629 3024 Kraft
652 2964 740 3024 seines
768 2963 889 3023 Gebetes
917 2964 988 3024 viele
1011 2964 1111 3024 reuige
1133 2963 1254 3023 Sünder
1283 2961 1414 3021 geradezu
1443 2958 1470 3018 in

300 3015 347 3075 den
378 3015 509 3075 Himmel
534 3013 659 3073 gestoßen
690 3012 756 3072 hat.
774 3012 834 3072 Und
858 3012 949 3072 darum
991 3012 1057 3072 soll,
1076 3011 1129 3071 wie
1154 3009 1195 3069 die
1220 3009 1339 3069 Wiener
1364 3007 1471 3067 Volks=
1503 3000 1701 3060 Gottscheber
1725 2997 1755 3057 im
1798 2997 1911 3057 Prater
1942 2997 2134 3057 praktiziert.
2159 2994 2218 3054 Die
2243 2994 2398 3054 Gewinne
2423 2994 2531 3054 hingen
2568 2993 2597 3053 in
2628 2992 2681 3052 der

1507 3045 1593 3105 Bude
1622 3047 1679 3107 zur
1709 3044 1829 3104 Schau,
1853 3044 1911 3104 aus
1946 3044 2032 3104 einem
2079 3044 2165 3104 Topf
2194 3041 2315 3101 wurden
2356 3043 2425 3103 Lose
2454 3043 2604 3103 gezogen.
2627 3040 2673 3100 In

295 3062 354 3122 sage
381 3062 500 3122 meldet,
533 3059 587 3119 das
609 3059 711 3119 Haus,
750 3059 777 3119 in
804 3059 847 3119 dem
886 3058 917 3118 er
940 3056 1075 3116 gewohnt
1097 3056 1156 3116 hat,
1195 3056 1427 3116 Salvatorgasse
1449 3053 1476 3113 6,

1506 3095 1585 3155 einem
1631 3093 1760 3153 einzigen
1795 3090 1992 3150 Glückshafen
2026 3089 2134 3149 wurde
2163 3089 2184 3149 im
2230 3091 2331 3151 Jahre
2360 3089 2433 3149 1776
2468 3088 2507 3148 um
2547 3087 2682 3147 vierzig¬

298 3107 590 3167 Stoß=im=Himmel
612 3107 750 3167 genannt
778 3104 888 3164 worden
922 3105 993 3165 sein.
1032 3104 1093 3164 Die
1121 3104 1275 3164 nüchterne
1308 3103 1468 3163 Forschung

291 3155 345 3215 hat
371 3155 475 3215 freilich
524 3154 597 3214 diese
629 3152 708 3212 Sage
759 3152 856 3212 längst
875 3153 1047 3213 widerlegt.
1084 3150 1163 3210 Karl
1189 3151 1250 3211 VI.
1288 3151 1373 3211 erließ
1429 3147 1453 3207 im
1503 3140 1625 3200 tausend
1657 3139 1779 3199 Gulden
1817 3137 1976 3197 Porzellan
2032 3136 2241 3196 ausgespielt.
2285 3134 2346 3194 Die
2377 3134 2671 3194 Silberglückshafen

1501 3192 1583 3252 zogen
1619 3188 1760 3248 natürlich
1808 3186 1884 3246 weit
1909 3188 2002 3248 mehr.
2044 3185 2120 3245 Man
2156 3185 2256 3245 konnte
2280 3184 2375 3244 ganze
2399 3184 2605 3244 Kaffeeservice
2629 3182 2675 3242 für

292 3200 433 3260 Februar
456 3202 529 3262 1714
552 3200 591 3260 ein
637 3200 767 3260 strenges
790 3198 902 3258 Verbot
948 3197 1015 3257 aller
1039 3196 1253 3256 Hasardspiele,
1270 3194 1473 3254 insbesondere

299 3248 436 3308 Pharao,
460 3247 655 3307 Landsknecht
679 3246 730 3306 und
760 3246 868 3306 Trente
893 3248 915 3308 et
939 3245 1105 3305 quarante.
1123 3242 1203 3302 Diese
1227 3242 1330 3302 Spiele
1353 3241 1462 3301 durften
1504 3238 1601 3298 zwölf
1631 3234 1803 3294 Personen,
1832 3233 1981 3293 Spiegel,
2011 3233 2137 3293 Tassen,
2167 3233 2339 3293 Schüsseln,
2369 3232 2489 3292 Teller,
2536 3229 2679 3289 Schreib¬

1504 3286 1610 3346 zeuge,
1634 3283 1786 3343 Schalen,
1811 3280 1929 3340 Löffel,
1947 3280 2106 3340 Leuchter,
2130 3277 2265 3337 Aufsätze
2289 3279 2371 3339 usw.
2396 3280 2484 3340 usw.,
2508 3276 2684 3336 gewinnen.

294 3295 386 3355 weder
408 3295 554 3355 öffentlich
582 3292 642 3352 noch
669 3292 772 3352 privat
795 3292 908 3352 gespielt
930 3292 1060 3352 werden,
1083 3289 1125 3349 dem
1164 3289 1349 3349 Bankhalter
1376 3288 1479 3348 drohte

1504 3328 1567 3388 Der
1596 3331 1741 3391 geringste
1770 3329 1891 3389 Treffer
1915 3328 2002 3388 hatte
2025 3327 2094 3387 zehn
2129 3325 2245 3385 Gulden
2280 3325 2378 3385 Wert.
2401 3325 2465 3385 Das
2495 3325 2552 3385 Los
2581 3323 2685 3383 kostete

301 3343 359 3403 eine
387 3342 494 3402 Strafe
538 3340 591 3400 von
646 3340 764 3400 tausend
792 3340 942 3400 Dukaten,
981 3339 1055 3399 jeder
1083 3337 1287 3397 Mitspielende
1315 3335 1395 3395 sollte
1423 3335 1476 3395 mit

299 3391 416 3451 tausend
434 3388 636 3448 Reichstalern
665 3388 783 3448 bestraft
806 3388 935 3448 werden.
958 3386 1014 3446 Der
1031 3385 1189 3445 Anzeiger,
1212 3385 1256 3445 der
1285 3385 1346 3445 eine
1375 3382 1476 3442 Spiel=
1499 3377 1572 3437 sechs
1606 3376 1758 3436 Kreuzer.
1781 3377 1820 3437 Es
1854 3377 1904 3437 gab
1939 3376 2006 3436 auch
2046 3373 2107 3433 noch
2147 3373 2271 3433 noblere
2300 3373 2524 3433 Glückshafen,
2548 3372 2592 3432 wo
2621 3372 2677 3432 das

296 3438 370 3498 bank
399 3436 451 3496 der
486 3436 623 3496 Behörde
653 3436 791 3496 meldete,
815 3433 923 3493 erhielt
947 3433 987 3493 ein
1028 3432 1142 3492 Drittel
1172 3430 1240 3490 aller
1276 3432 1477 3492 Strafgelder.
1501 3428 1563 3488 Los
1599 3424 1678 3484 einen
1714 3424 1840 3484 Gulden
1881 3424 1996 3484 kostete.
2025 3424 2082 3484 Die
2117 3421 2244 3481 Pächter
2279 3421 2371 3481 dieser
2406 3419 2515 3479 Buden
2556 3420 2676 3480 wurden

295 3483 379 3543 Aber
408 3483 458 3543 alle
487 3483 616 3543 Verbote
639 3482 745 3542 nutzten
780 3481 886 3541 nichts.
926 3481 982 3541 Als
1011 3480 1158 3540 Napoleon
1192 3477 1259 3537 nach
1288 3477 1366 3537 Wien
1400 3476 1479 3536 kam,
1502 3473 1591 3533 reiche
1620 3471 1715 3531 Leute
1767 3469 1822 3529 und
1857 3468 2060 3528 hinterließen
2117 3470 2212 3530 große
2246 3468 2437 3528 Vermögen.
2483 3468 2544 3528 Ein
2601 3468 2680 3528 ganz

299 3535 403 3595 fanden
431 3531 502 3591 seine
524 3531 667 3591 Offiziere
690 3529 805 3589 überall
827 3528 1031 3588 Gelegenheit,
1053 3525 1186 3585 Fortuna
1236 3525 1279 3585 als
1308 3522 1467 3582 Partnerin
1500 3520 1665 3580 besonders
1693 3516 1830 3576 genialer
1859 3516 2084 3576 Unternehmer
2113 3514 2178 3574 war
2206 3514 2244 3574 ein
2278 3515 2360 3575 Herr
2383 3516 2503 3576 Hackel,
2526 3513 2575 3573 der
2603 3514 2680 3574 nicht

298 3587 329 3647 zu
357 3580 464 3640 haben.
502 3578 593 3638 Ganz
632 3576 788 3636 besonders
815 3576 955 3636 gerühmt
977 3573 1073 3633 wurde
1117 3573 1159 3633 ein
1208 3573 1300 3633 höchst
1328 3569 1472 3629 elegantes
1505 3567 1564 3627 nur
1591 3564 1704 3624 Silber
1754 3564 1936 3624 ausspielte,
1985 3566 2108 3626 sondern
2163 3564 2222 3624 dem
2288 3561 2443 3621 verehrten
2514 3562 2664 3622 Publikum

1501 3618 1633 3678 folgende
1663 3612 1865 3672 Haupttreffer
1895 3612 2091 3672 ankündigte:
2138 3613 2247 3673 „Einen
2283 3612 2392 3672 hohen,
2439 3611 2490 3671 fein
2526 3607 2687 3667 lackierten,

295 3627 483 3687 Spielkasino
538 3626 558 3686 im
608 3624 817 3684 Trattnerhof.
840 3624 904 3684 Von
937 3621 1022 3681 diesem
1066 3620 1249 3680 Spielkasino
1304 3618 1400 3678 wußte
1433 3615 1470 3675 die

1498 3663 1526 3723 in
1579 3662 1700 3722 Federn
1753 3660 1955 3720 hängenden,
2001 3660 2065 3720 mit
2112 3659 2187 3719 zwei
2234 3660 2436 3720 Engländern
2488 3656 2673 3716 bespannten

295 3675 421 3735 Wiener
450 3672 576 3732 Chronik
599 3672 642 3732 ein
670 3671 802 3731 hübsches
825 3669 1028 3729 Geschichtchen
1062 3669 1089 3729 zu
1118 3667 1271 3727 erzählen.
1289 3666 1343 3726 Ein
1371 3665 1470 3725 junger

304 3722 497 3782 französischer
547 3719 697 3779 Leutnant
741 3717 815 3777 hatte
859 3717 939 3777 eines
967 3713 1079 3773 Abends
1107 3712 1338 3772 märchenhaftes
1381 3710 1472 3770 Glück
1495 3708 1683 3768 Phaethon,
1748 3707 1802 3767 die
1878 3704 1990 3764 Göttin
2055 3704 2108 3764 des
2190 3702 2297 3762 Glücks
2373 3704 2399 3764 in
2481 3703 2674 3763 vergoldeter

1495 3755 1778 3815 Bildhauerarbeit
1837 3752 1899 3812 mit
1952 3752 2050 3812 dabei
2115 3752 2166 3812 als
2231 3751 2386 3811 Inschrift
2457 3749 2670 3809 angebrachten

294 3768 356 3828 und
418 3767 543 3827 gewann
611 3765 693 3825 einen
767 3765 880 3825 riesigen
938 3762 1052 3822 Haufen
1115 3759 1171 3819 von
1240 3760 1389 3820 Dukaten.

299 3815 397 3875 feierte
431 3813 524 3873 seinen
563 3812 634 3872 Sieg
668 3812 695 3872 in
734 3812 784 3872 dem
828 3809 1081 3869 „Tractörhaus“
1121 3806 1142 3866 in
1176 3806 1225 3866 der
1259 3806 1479 3866 Herrengasse,
1496 3803 1688 3863 einhundert
1711 3800 2075 3860 Halbsouverän=d'ors,
2098 3800 2236 3860 mehrere
2258 3800 2324 3860 sehr
2352 3799 2555 3859 beträchtliche
2584 3796 2682 3856 Geld¬

295 3863 355 3923 das
383 3863 460 3923 zwei
482 3860 675 3920 französische
703 3860 812 3920 Köche,
835 3858 879 3918 die
912 3857 967 3917 mit
989 3857 1038 3917 dem
1084 3854 1166 3914 Heer
1189 3854 1370 3914 Napoleons
1403 3854 1469 3914 nach
1497 3853 1596 3913 preise
1618 3851 1645 3911 in
1685 3849 1871 3909 vergoldetem
1922 3848 2247 3908 Bildhauerrahmen,
2275 3845 2346 3905 zwei
2374 3845 2489 3905 schöne,
2512 3845 2594 3905 ganz
2622 3845 2671 3905 neu

298 3910 380 3970 Wien
414 3908 584 3968 gekommen
623 3906 745 3966 waren,
767 3905 833 3965 eben
866 3905 998 3965 eröffnet
1026 3905 1148 3965 hatten.
1170 3904 1241 3964 Man
1275 3903 1379 3963 speiste
1407 3902 1473 3962 dort
1502 3899 1672 3959 equipierte
1700 3896 1910 3956 Reitpferde.“
1938 3896 2003 3956 Und
2037 3896 2092 3956 das
2120 3894 2180 3954 Los
2208 3893 2313 3953 kostete
2341 3893 2401 3953 nur
2429 3893 2500 3953 sechs
2534 3892 2682 3952 Kreuzer!

296 3960 363 4020 sehr
392 3959 447 4019 gut
476 3957 532 4017 und
561 3956 628 4016 sehr
651 3955 757 4015 teuer.
781 3954 842 4014 Und
877 3953 944 4013 man
978 3951 1096 4011 bekam,
1119 3950 1175 4010 wie
1204 3949 1254 4009 der
1283 3950 1469 4010 Eipeldauer
1497 3947 1564 4007 Der
1593 3944 1824 4004 Haupttreffer,
1870 3943 1937 4003 eben
1971 3943 2021 4003 der
2050 3942 2174 4002 feudale
2202 3940 2383 4000 Phaethon,
2406 3939 2512 3999 wurde
2541 3939 2563 3999 in
2598 3938 2670 3998 allen

1534 3992 1635 4052 traßen
1675 3992 1726 4052 der
1761 3991 1862 4051 Stadt
1891 3991 2043 4051 spazieren
2084 3989 2225 4049 gefahren
2265 3986 2322 4046 und
2362 3985 2475 4045 bildete
2504 3987 2554 4047 die
2589 3988 2679 4048 große

298 4006 457 4066 bemerkte,
508 4006 629 4066 „unsere
684 4002 827 4062 deutschen
905 4000 1114 4060 Lungenbratl
1170 4000 1225 4060 und
1297 3997 1473 4057 Karwinadl

1504 4041 1671 4101 Attraktion
1706 4039 1758 4099 des
1793 4039 2030 4099 Glückshafens.
2060 4036 2163 4096 Hackel
2193 4037 2296 4097 führte
2326 4036 2436 4096 großes
2465 4036 2575 4096 Haus,
2604 4036 2679 4096 ganz

299 4055 357 4115 und
393 4051 558 4111 Rostbratl
588 4048 675 4108 unter
712 4048 753 4108 ein
789 4048 1000 4108 französischen
1036 4048 1154 4108 Namen
1190 4045 1260 4105 ums
1314 4043 1472 4103 sechsfache

290 4102 374 4162 Geld
425 4101 486 4161 auf
532 4099 763 4159 kleinwinzigen
803 4096 954 4156 Schüsseln
1006 4095 1174 4155 serviert“.
1214 4093 1275 4153 Ein
1332 4090 1467 4150 hübsches
1502 4088 1585 4148 Wien
1620 4087 1771 4147 verkehrte
1800 4085 1845 4145 bei
1874 4084 1918 4144 ihm
1964 4084 2019 4144 und
2054 4084 2104 4144 der
2133 4084 2250 4144 Dichter
2285 4084 2374 4144 Alois
2403 4081 2577 4141 Blumauer
2606 4081 2673 4141 war

295 4146 424 4206 Wiener
453 4146 599 4206 Mädchen
639 4142 780 4202 bediente
809 4142 859 4202 bei
888 4142 966 4202 Tisch
1001 4141 1056 4201 und
1091 4140 1146 4200 der
1175 4140 1282 4200 lustige
1317 4137 1474 4197 Leutnant
1497 4135 1547 4195 der
1571 4134 1802 4194 stadtbekannte
1830 4131 1965 4191 Geliebte
1994 4131 2089 4191 seiner
2118 4131 2219 4191 Frau.
2243 4128 2349 4188 Hackel
2372 4129 2428 4189 hat
2451 4130 2501 4190 sich
2530 4128 2608 4188 dann
2637 4128 2665 4188 in

292 4194 445 4254 verliebte
471 4194 521 4254 sich
554 4192 579 4252 in
612 4191 662 4251 die
688 4190 777 4250 fesche
803 4190 975 4250 Kellnerin.
995 4188 1045 4248 Er
1072 4188 1122 4248 kam
1168 4188 1345 4248 ihretwegen
1378 4186 1467 4246 jeden
1500 4185 1621 4245 allerlei
1641 4185 1793 4245 politische
1819 4182 1921 4242 Dinge
1947 4185 2145 4245 eingelassen,
2171 4182 2272 4242 verlor
2292 4181 2375 4241 Ehre
2401 4179 2464 4239 und
2490 4178 2662 4238 Vermögen
