3392 4320
1277 503 1474 563 onnerstag

2847 506 2910 566 22.
2936 506 3044 566 Oktol

1940 512 2025 572 DER
2076 512 2247 572 WIENER
2292 513 2384 573 TAG

1293 628 1520 688 melancholisch
1552 628 1739 688 angeschaut
1781 628 1841 688 und
1882 629 1963 689 dann
1999 628 2140 688 angeckel

2182 628 2292 688 begann
2343 631 2408 691 und
2454 629 2519 689 mit
2555 631 2721 691 Schnitzler
2772 630 2878 690 endete
2909 628 2923 688 —
2974 630 3029 690 das

1296 670 1379 730 fallen
1409 672 1561 732 gelassen.
1601 671 1674 731 Tas
1714 671 1752 731 ist
1782 672 1836 732 es:
1876 673 1993 733 immer
2028 673 2145 733 wieder
2180 673 2298 733 barocke
2323 673 2430 733 Wien.
2445 672 2489 732 Es
2519 672 2558 732 ist
2578 673 2690 733 dahin.
2711 673 2749 733 Es
2784 674 2857 734 wird
2887 674 2946 734 mit
2971 673 3015 733 ihm

1290 714 1406 774 geschoh
1447 715 1492 775 die
1528 715 1766 775 Überwindung
1802 717 1898 777 dieser
1934 715 2020 775 Welt
2056 718 2142 778 durch

2176 716 2345 776 begraben.
2389 716 2461 776 Das
2514 717 2727 777 ahnungslose
2756 718 2891 778 Sterben
2949 715 3036 775 einer

1304 757 1419 817 Worte,
1455 758 1499 818 die
1531 757 1621 817 einem
1677 759 1772 819 etwas
1813 763 1923 823 zagen,
1960 762 2150 822 unentschie¬

2180 761 2278 821 Welt,
2299 760 2428 820 Sterben
2465 760 2663 820 überhaupt,
2700 762 2756 822 hat
2804 761 2834 821 er
2866 762 2964 822 darum
3011 758 3037 818 so

1293 799 1385 859 denen
1411 801 1534 861 Gefühl
1556 801 1792 861 entstammten.
1808 804 1854 864 Er
1876 804 1973 864 fühlte
1999 804 2045 864 die
2066 804 2148 864 Not=
2169 804 2251 864 gern
2288 804 2431 864 gebildet.
2474 805 2607 865 Immer
2639 804 2700 864 war
2726 804 2757 864 es
2788 804 2834 864 bei
2860 802 2942 862 ihm,
2984 801 3030 861 als

1292 843 1474 903 wendigkeit
1519 846 1568 906 des
1623 846 1800 906 Kampfes,
1845 846 1874 906 in
1924 846 2022 906 seinem
2082 848 2150 908 ver¬

2180 849 2262 909 ginge
2294 849 2356 909 man
2393 849 2476 909 durch
2503 849 2710 909 abgefallenes
2737 847 2840 907 Laub.
2856 847 2919 907 Bei
2935 847 3017 907 jedem

1293 888 1468 948 borgensten
1500 889 1608 949 Wesen
1635 889 1727 949 steckte
1754 892 1800 952 ein
1832 891 2002 951 Kämpfer,
2018 891 2090 951 aber
2116 892 2147 952 er

2180 893 2300 953 Schritt
2326 892 2467 952 raschelte
2498 892 2548 952 es.
2589 890 2675 950 Aber
2706 888 2766 948 wie
2817 890 2878 950 aus
2909 890 3014 950 welkem

1297 931 1362 991 war
1393 933 1463 993 auch
1494 934 1539 994 ein
1575 933 1837 993 Melancholiker,
1873 935 1903 995 er
1934 935 2035 995 wollte
2071 936 2151 996 nicht

2182 936 2259 996 Laub
2290 936 2377 996 durch
2425 935 2533 995 irgend
2585 935 2632 995 ein
2673 934 3040 994 Inkommensurables,

1301 975 1343 1035 die
1371 978 1446 1038 Tat,
1468 977 1543 1037 weil
1570 975 1608 1035 sie
1630 977 1700 1037 auch
1733 978 1846 1038 Schuld
1890 978 1992 1038 heißen
2025 980 2154 1040 konnte.
2182 979 2235 1039 das
2269 978 2338 1038 man
2371 978 2451 1038 nicht
2474 977 2619 1037 nennen,
2641 977 2722 1037 nicht
2744 979 2836 1039 fassen
2869 979 2965 1039 kann,
2987 976 3030 1036 sich

1300 1018 1387 1078 Hier,
1413 1019 1439 1079 in
1475 1019 1568 1079 dieser
1600 1019 1712 1079 Flucht
1750 1019 1806 1079 vor
1848 1019 1899 1079 der
1935 1019 2054 1079 eigenen
2091 1019 2152 1079 Er¬

2180 1022 2301 1082 plötzlich
2334 1020 2381 1080 dem
2424 1020 2598 1080 Wanderer
2625 1019 2667 1079 die
2694 1019 2826 1079 Vision:
2848 1020 2911 1080 Der
2938 1019 3027 1079 Wald

2179 1064 2267 1124 oder:
2312 1065 2380 1125 Der
2405 1064 2562 1124 Sommer
2592 1064 2715 1124 ergeben
2770 1064 2857 1124 mag,
2908 1066 2932 1126 so
2962 1066 3030 1126 stieg

411 1065 500 1125 leisen
537 1067 734 1127 Zuversicht,
780 1069 833 1129 daß
870 1071 950 1131 dann
988 1071 1139 1131 vielleicht
1195 1070 1265 1130 auch
1302 1063 1463 1123 kenntnis,
1491 1063 1581 1123 endet
1609 1063 1788 1123 Schnitzlers
1825 1064 1932 1124 Reich,
1951 1063 2039 1123 endet
2067 1061 2147 1121 seine

1302 1107 1381 1167 Zeit.
1418 1106 1503 1166 Über
1541 1106 1593 1166 die
1630 1109 1969 1169 Jahrhundertwende
2013 1109 2060 1169 kam
2119 1108 2150 1168 er

2184 1109 2289 1169 immer
2320 1109 2430 1169 wieder
2456 1109 2556 1169 hinter
2587 1107 2678 1167 seinen
2714 1106 2839 1166 Bildern
2875 1108 2925 1168 der
2951 1108 3031 1168 Ver¬

413 1109 508 1169 etwas
541 1109 588 1169 für
615 1111 668 1171 das
695 1112 753 1172 Ich
780 1113 907 1173 abfalle.

1302 1151 1448 1211 innerlich
1474 1151 1525 1211 nie
1551 1151 1687 1211 hinaus.

2180 1151 2380 1211 gänglichkeit
2407 1151 2461 1211 das
2499 1151 2617 1211 Gesicht
2650 1151 2731 1211 eines
2769 1151 3033 1211 empfindsamen,

441 1160 492 1220 So
544 1161 612 1221 war
664 1162 737 1222 auch
794 1165 877 1225 seine
914 1169 1101 1229 Heiterkeit:
1154 1168 1273 1228 Bluts¬

1337 1190 1423 1250 Aber
1447 1192 1510 1252 wir
1534 1193 1643 1253 liebten
1679 1194 1724 1254 ihn
1760 1194 1823 1254 und
1853 1194 1927 1254 seine
1957 1193 2153 1253 Einsamkeit

2177 1195 2321 1255 gütigen,
2338 1195 2404 1255 noch
2431 1194 2456 1254 in
2489 1193 2540 1253 der
2561 1194 2764 1254 Abrechnung
2785 1195 2909 1255 zarten,
2925 1195 3029 1255 lyrisch

406 1204 578 1264 verwandt
602 1204 650 1264 der
679 1206 846 1266 Watteaus
880 1210 937 1270 und
971 1210 1196 1270 Fragonards,
1221 1211 1273 1271 der

1293 1234 1359 1294 und
1386 1235 1457 1295 seine
1483 1237 1643 1297 Noblesse.
1659 1237 1725 1297 Und
1757 1237 1813 1297 wir
1834 1237 1983 1297 verlieren
2015 1237 2071 1297 mit
2087 1236 2127 1296 ihm
2180 1237 2411 1297 umschleierten
2448 1237 2607 1297 Menschen
2654 1237 2710 1297 auf
2741 1237 2751 1297 -
2819 1239 2870 1299 das
2917 1238 3035 1298 Gesicht

404 1249 512 1309 Maler
539 1250 590 1310 der
616 1250 843 1310 Schäferspiele
870 1250 879 1310 —
937 1254 978 1314 ein
1015 1253 1273 1313 wenig-zynisch,

1297 1279 1351 1339 das
1378 1281 1464 1341 Letzte
1486 1282 1540 1342 von
1573 1281 1653 1341 jenem
1692 1281 1800 1341 Wien,
1822 1282 1870 1342 das
1897 1282 1957 1342 mit
1979 1282 2145 1342 Canaletto
2179 1282 2232 1342 des
2260 1282 2406 1342 Dichters
2433 1282 2557 1342 Arturs
2585 1282 2773 1342 Schnitzler.

402 1291 465 1351 sehr
492 1294 640 1354 ironisch,
662 1295 747 1355 leicht
769 1297 996 1357 melancholisch
1029 1297 1086 1357 und
1114 1300 1161 1360 sich
1193 1300 1272 1360 ganz

405 1333 431 1393 in
464 1336 512 1396 der
540 1338 654 1398 Maske
681 1339 729 1399 des
762 1340 870 1400 sexuell
899 1342 1071 1402 Blasierten
1104 1345 1272 1405 gefallend.

402 1377 466 1437 Von
512 1381 669 1441 Rousseau
710 1383 770 1443 und
801 1384 947 1444 Voltaire
988 1387 1093 1447 waren
1134 1387 1205 1447 jene
1241 1388 1270 1448 so

401 1422 479 1482 weit
500 1422 642 1482 entfernt
662 1424 720 1484 wie
745 1425 794 1485 der
819 1426 946 1486 Wiener
972 1429 1173 1489 Cottagesohn
1208 1430 1256 1490 von

404 1466 595 1526 Strindberg
621 1468 682 1528 und
709 1470 910 1530 Weininger.
927 1471 967 1531 Er
994 1473 1050 1533 wie
1071 1474 1138 1534 jene
1159 1473 1262 1533 waren

402 1510 537 1570 Rokoko,
583 1512 688 1572 waren
734 1515 855 1575 Zeugen
916 1517 1006 1577 einer
1047 1518 1162 1578 satten,
1198 1519 1248 1579 dem

1328 1537 1630 1597 Srope
1707 1542 2792 1602 Wierschaftsdebarte
2869 1542 2943 1602 la

402 1551 518 1611 Genuß
561 1551 619 1611 und
662 1554 714 1614 dem
768 1557 975 1617 Bewußtsein
1018 1560 1065 1620 des
1108 1562 1267 1622 Genusses

393 1596 563 1656 raffiniert
636 1599 868 1659 hingegebenen
947 1604 1091 1664 Kultur.
1154 1605 1267 1665 Dayer

397 1640 538 1700 stammte
582 1640 631 1700 die
658 1642 820 1702 Wachheit
860 1644 886 1704 in
936 1646 1032 1706 seinen
1083 1646 1272 1706 Menschen,

398 1682 493 1742 daher
520 1683 604 1743 seine
631 1685 721 1745 Liebe
753 1686 779 1746 zu
817 1684 869 1744 dem
918 1689 1092 1749 Leutnant,
1119 1689 1166 1749 der
1199 1690 1246 1750 ihm

1783 1722 2518 1782 Kakionaltat.

397 1727 538 1787 Symbol
582 1727 635 1787 für
690 1728 733 1788 ein
782 1730 906 1790 schönes
956 1733 1053 1793 Stück
1097 1733 1259 1793 zuckenden

395 1769 545 1829 Fleisches
584 1772 670 1832 war.
703 1772 815 1832 Dieser
855 1775 940 1835 allein
984 1777 1070 1837 hatte
1108 1778 1189 1838 nicht
1216 1778 1259 1838 die

395 1811 639 1871 Überlegenheit
666 1815 714 1875 des
747 1816 943 1876 Intellekts,
965 1819 1013 1879 die
1041 1820 1122 1880 sonst
1150 1821 1263 1881 immer

1330 1830 1625 1890 Dringliche
1670 1831 1943 1891 Anfragen
1999 1830 2086 1890 der
2131 1831 2658 1891 parlamentarischen
2714 1834 2986 1894 Parteien.

398 1853 443 1913 die
473 1856 633 1916 Monschen
681 1858 726 1918 bei
756 1860 928 1920 Schnitzler
963 1862 1084 1922 haben,
1102 1865 1176 1925 auch
1211 1864 1257 1924 die

1336 1903 1398 1963 Die
1424 1904 1555 1964 gestrige
1581 1903 1655 1963 erste
1681 1903 1812 1963 Sitzung
1844 1903 1894 1963 der
1926 1902 2138 1962 Herbstsession

391 1900 538 1960 Frauen.
566 1900 613 1960 In
650 1900 703 1960 den
741 1906 957 1966 Mittelpunkt
984 1906 1079 1966 seiner
1112 1909 1254 1969 Dramer

2218 1905 2475 1965 Credit-Anstalt
2522 1903 2567 1963 die
2607 1907 2840 1967 Entschuldung
2889 1908 3004 1968 erfolge

391 1940 452 2000 und
484 1945 634 2005 Novellen
686 1945 779 2005 stellte
811 1946 846 2006 er
873 1948 945 2008 gern
992 1951 1101 2011 Arzte,
1138 1951 1241 2011 Schau

1287 1947 1336 2007 des
1367 1948 1613 2008 Nationatrates
1644 1947 1709 2007 war
1735 1946 1790 2006 von
1820 1947 1890 2007 kaum
1936 1946 2142 2006 einstündiger

2220 1957 2343 2017 würde,
2362 1960 2545 2020 übertragen
2576 1958 2716 2018 werden?

391 1984 515 2044 spieler,
553 1987 795 2047 Schriftsteller.
833 1990 876 2050 Es
920 1992 1022 2052 waren
1077 1994 1265 2054 Menschen,
1287 1993 1416 2053 Dauer.
1449 1993 1513 2053 Sie
1540 1992 1648 2052 wurde
1681 1992 1735 2052 von
1768 1993 1821 2053 der
1848 1992 1934 2052 Rede
1962 1993 2150 2053 ausgefüllt,

2256 2012 2290 2072 4.
2319 2015 2374 2075 Ist
2403 2012 2451 2072 die
2480 2012 2780 2072 Bundesregierung
2816 2017 2935 2077 bereit,
2957 2013 3012 2073 der

392 2029 485 2089 denen
518 2031 567 2091 das
596 2033 689 2093 Wort
711 2034 800 2094 leicht
822 2034 921 2094 wird,
938 2036 982 2096 die
1004 2038 1070 2098 viel
1093 2039 1153 2099 und
1176 2040 1247 2100 gern
1286 2037 1352 2097 mit
1386 2034 1513 2094 welcher
1546 2036 1817 2096 Finanzminister
1850 2034 1921 2094 Dr.
1944 2037 2148 2097 Weiden¬

2215 2061 2423 2121 Nationalrat
2454 2064 2713 2124 Gesetzentwürfe
2750 2067 2823 2127 über
2861 2068 2903 2128 die
2935 2067 3008 2127 plan

389 2073 443 2133 von
486 2073 540 2133 sich
573 2076 724 2136 aussagen
773 2078 831 2138 und
875 2079 961 2139 deren
1005 2082 1150 2142 gescheite
1189 2081 1258 2141 An¬
1281 2079 1442 2139 hoffer
1475 2078 1528 2138 den
1561 2079 1718 2139 Entwurf
1756 2079 1809 2139 des
1848 2079 2150 2139 Bundesvor¬

2216 2116 2457 2176 wirtschaftliche
2493 2120 2692 2180 Umstellung
2741 2121 2872 2181 unserer
2915 2121 3010 2181 Volks

387 2117 573 2177 merkungen
613 2120 644 2180 zu
679 2119 729 2179 den
775 2123 997 2183 verworrenen
1033 2125 1249 2185 Beziehungen

1287 2122 1546 2182 anschlages
1587 2122 1662 2182 für
1703 2124 1784 2184 das
1813 2124 1934 2184 Jahr
1969 2124 2043 2184 1932
2079 2123 2147 2183 ein¬

384 2160 437 2220 des
465 2163 584 2223 Lebens
618 2161 677 2221 fast
699 2163 796 2223 etwas
830 2168 1025 2228 Berufliches
1059 2169 1172 2229 haben.
1194 2169 1253 2229 Sie

1287 2166 1463 2226 begleitete.
1486 2166 1551 2226 Der
1575 2166 1740 2226 Vorschlag
1774 2168 1856 2228 selbst
1880 2166 1956 2226 liegt
1985 2167 2006 2227 in
2040 2169 2139 2229 seinen

2213 2172 2384 2232 wirtschaft
2408 2172 2608 2232 vorzulegen,
2632 2175 2691 2235 und
2727 2173 2826 2233 zwar:

389 2205 489 2265 waren
521 2205 579 2265 auf
606 2207 685 2267 einen
717 2208 828 2268 Punkt
850 2209 971 2269 fixiert:
992 2211 1050 2271 auf
1066 2211 1113 2271 die
1140 2211 1256 2271 Erotik.

1286 2210 1497 2270 Einzelheiten
1536 2210 1607 2270 noch
1640 2210 1721 2270 nicht
1759 2210 1835 2270 vor.
1880 2211 1949 2271 Der
1994 2211 2145 2271 Minister

2248 2225 2293 2285 a)
2314 2225 2399 2285 einen
2439 2227 2682 2287 Gesetzentwurf
2709 2223 2788 2283 über
2815 2228 2866 2288 den
2901 2227 3024 2287 Aufbai

385 2248 449 2308 Die
475 2249 605 2309 erlebten
636 2249 670 2309 sie
696 2250 756 2310 und
777 2252 897 2312 erlitten
933 2253 968 2313 sie
988 2255 1103 2315 immer
1129 2256 1259 2316 wieder,

1286 2252 1497 2312 entschuldigte
1530 2254 1595 2314 dies
1628 2254 1687 2314 mit
1720 2252 1899 2312 technischen
1948 2253 2142 2313 Schwierig¬

2213 2276 2264 2336 der
2298 2275 2553 2335 österreichischen
2606 2276 2861 2336 Viehwirtschaft
2894 2277 2927 2337 in
2973 2279 3024 2339 der

381 2293 475 2353 Arzt,
498 2294 715 2354 Schauspieler
749 2296 810 2356 und
838 2297 1083 2357 Schriftsteller.
1106 2299 1150 2359 Es
1184 2297 1250 2357 war

1280 2297 1396 2357 keiten,
1434 2297 1476 2357 die
1508 2295 1555 2355 die
1588 2297 1800 2357 Drucklegung
1837 2298 1885 2358 der
1917 2297 2055 2357 Vorlage
2092 2300 2150 2360 erst

2213 2329 2327 2389 Weise,
2347 2330 2404 2390 daß
2437 2330 2500 2390 eine
2527 2333 2558 2393 zu
2591 2331 2782 2391 errichtende
2809 2331 3033 2391 gemeinwirt¬

390 2336 443 2396 das
508 2339 707 2399 Treibende,
768 2339 826 2399 das
892 2342 1129 2402 Schöpferische
1194 2342 1248 2402 der
1286 2339 1312 2399 in
1345 2339 1394 2399 den
1427 2341 1556 2401 nächsten
1589 2342 1626 2402 24
1653 2344 1799 2404 Stunden
1832 2342 2052 2402 ermöglichen.

380 2381 670 2441 Schnitzler=Welt,
699 2382 773 2442 aber
802 2385 876 2445 auch
911 2385 962 2445 ihr
991 2388 1258 2448 Vergängliches.

1325 2384 1389 2444 Die
1417 2382 1487 2442 erste
1520 2387 1634 2447 Lesung
1673 2387 1748 2447 wird
1781 2384 1808 2444 in
1846 2387 1900 2447 der
1928 2386 1981 2446 für
2015 2387 2139 2447 morgen

2215 2384 2375 2444 schaftliche
2420 2384 2547 2444 Anstalt
2587 2387 2785 2447 verpflichtet
2831 2387 2926 2447 wird,
2971 2386 3022 2446 den

1282 2428 1308 2488 in
1341 2428 1483 2488 Aussicht
1504 2428 1731 2488 genommenen
1763 2428 1890 2488 Sitzung
1922 2429 2143 2489 durchgeführt

2206 2437 2456 2497 österreichischen
2495 2437 2695 2497 Landwirten
2734 2439 2928 2499 Mastrinder
2967 2438 3022 2498 und

427 2441 617 2501 Schnitzlers
658 2446 918 2506 Grunderlebnis
959 2446 1028 2506 mag
1069 2449 1161 2509 dieses
1196 2449 1248 2509 ge¬

1276 2473 1424 2533 werden.
1445 2473 1504 2533 Die
1531 2473 1657 2533 heutige
1684 2475 1832 2535 Sitzung,
1854 2473 1900 2533 die
1928 2473 1965 2533 um
2007 2476 2044 2536 12
2076 2475 2139 2535 Uhr

379 2484 471 2544 wesen
510 2488 591 2548 sein:
625 2488 695 2548 Wie
723 2489 772 2549 sich
811 2490 926 2550 Schein
970 2491 1030 2551 mit
1058 2494 1139 2554 Sein
1184 2494 1254 2554 ver¬

2211 2488 2375 2548 Schweine
2402 2490 2427 2550 zu
2461 2489 2743 2549 auskömmlichen,
2763 2494 2789 2554 in
2823 2494 2907 2554 fester
2935 2491 3032 2551 Rela¬

1283 2518 1410 2578 mittags
1444 2516 1587 2576 beginnt,
1610 2516 1704 2576 bleibt
1732 2516 1782 2576 der
1805 2518 2032 2578 Verhandlung
2065 2518 2142 2578 über

382 2530 535 2590 tauschte,
595 2532 824 2592 verwechselte,

879 2534 925 2594 sich
990 2536 1136 2596 mengte,
1196 2538 1247 2598 sich

2209 2543 2268 2603 tion
2308 2542 2342 2602 zu
2382 2542 2428 2602 den
2469 2543 2642 2603 jeweiligen
2683 2545 3023 2605 Futtermittelpreisen

1283 2557 1448 2617 dringliche
1477 2559 1637 2619 Anfragen
1671 2560 1892 2620 vorbehalten,
1915 2560 1964 2620 die
1992 2561 2041 2621 die
2069 2562 2141 2622 par¬

380 2575 576 2635 ineinander
602 2575 726 2635 krallte,
753 2577 804 2637 daß
836 2578 939 2638 keiner
966 2580 1053 2640 mehr
1080 2581 1120 2641 am
1163 2581 1250 2641 End¬

2208 2600 2241 2660 zu
2268 2596 2434 2656 haltenden
2461 2599 2587 2659 Preisen
2622 2599 2641 2659 in
2675 2600 2727 2660 von
2762 2602 2848 2662 Jahr
2875 2603 2902 2663 zu
2936 2602 3028 2662 Jahr

1279 2603 1534 2663 lamentarischen
1568 2604 1715 2664 Parteien
1756 2604 1806 2664 zur
1835 2603 2140 2663 Wirtschafts¬

378 2617 526 2677 erlennen
558 2620 685 2680 konnte,
701 2618 764 2678 was
786 2621 954 2681 Wahrheit
976 2622 1039 2682 war
1066 2624 1124 2684 und
1151 2626 1235 2686 Trug

2208 2649 2374 2709 steigenden
2416 2650 2553 2710 Mengen
2590 2652 2821 2712 abzunehmen,
2852 2653 2952 2713 wobei
2983 2649 3029 2709 die

384 2664 516 2724 Taraus
559 2662 670 2722 wurde
699 2662 887 2722 Schnitzlers
930 2664 1056 2724 schönste
1085 2649 1981 2709 Bühnen¬eei
2038 2648 2114 2708 Reih

1280 2692 1353 2752 ganz
1386 2691 1575 2751 bestimmter
1607 2692 1835 2752 Forderungen
1867 2691 2019 2751 aufstellen
2057 2693 2141 2753 wer¬

2207 2703 2349 2763 Einfuhr
2383 2703 2437 2763 von
2479 2705 2750 2765 Schlachtrindern
2791 2706 2852 2766 und
2880 2705 3028 2765 Schwei¬

379 2705 541 2765 dichtung,
563 2707 606 2767 die
633 2706 687 2766 vom
731 2709 882 2769 „Grunen
915 2709 1082 2769 Kakadu",
1099 2712 1228 2772 geboren

1277 2736 1352 2796 den.
1374 2737 1417 2797 Zu
1450 2736 1546 2796 diesen
1579 2736 1735 2796 Anfragen
1774 2733 1849 2793 wird
1877 2733 2135 2793 Bundeskanzler

381 2748 425 2808 die
464 2749 546 2809 seine
586 2749 685 2809 ganze
735 2751 890 2811 elegische,
924 2754 1228 2814 zwischenlichtartig

2211 2754 2264 2814 nen
2300 2754 2352 2814 aus
2389 2756 2435 2816 dem
2483 2756 2643 2816 Auslande
2673 2757 2702 2817 in
2732 2757 2785 2817 dem
2827 2759 2927 2819 Maße
2957 2759 3021 2819 ein¬

382 2790 488 2850 Kunst
510 2794 538 2854 in
575 2793 660 2853 einen
703 2795 760 2855 Akt
782 2796 1095 2856 zusammenpreßte.
1117 2798 1245 2858 Unver¬
1268 2787 1346 2847 Dr.
1368 2780 1553 2840 Buresch
1583 2780 1610 2840 in
1654 2781 1717 2841 sehr
1761 2778 1996 2838 ausführlicher
2032 2779 2132 2839 Weis¬

2211 2808 2397 2868 zuschränken
2443 2810 2547 2870 wäre,
2570 2811 2621 2871 als
2652 2812 2704 2872 die
2727 2813 2920 2873 inländische
2951 2814 3018 2874 An¬

374 2836 518 2896 gänglich
547 2838 622 2898 auch
650 2838 705 2898 sein
740 2839 926 2899 „Reigen",
947 2840 1022 2900 diese
1051 2842 1236 2902 bitterbösen
1272 2824 1430 2884 Stellung
1458 2826 1609 2886 nehmen.

2204 2861 2357 2921 lieferung
2385 2860 2490 2920 steigt:

375 2879 569 2939 Gespräche,
598 2879 646 2939 die
679 2880 743 2940 aus
787 2881 874 2941 einer
918 2881 1048 2941 Stunde
1086 2884 1140 2944 des
1183 2885 1248 2945 Er¬

1278 2912 1348 2972 Die
1384 2912 1605 2972 dringliche
1642 2912 1828 2972 Anfrage
1873 2911 1944 2971 der
1980 2912 2121 2972 Sozial

2246 2912 2289 2972 b)
2316 2914 2358 2974 den
2394 2912 2552 2972 Entwurf
2579 2916 2666 2976 eines
2694 2918 2833 2978 Gesetzes
2861 2918 2938 2978 über
2974 2917 3017 2977 die

377 2921 511 2981 kennens
571 2923 641 2983 eine
690 2924 744 2984 des
798 2924 916 2984 ewigen
977 2930 1214 2990 Nichterkennen

378 2967 526 3027 machen.

2203 2963 2387 3023 Errichtung
2417 2968 2501 3028 eines
2523 2972 2943 3032 Außenhandelsmonopols
2965 2972 3014 3032 für

1562 2981 1851 3041 demokraten.

2205 3016 2364 3076 Getreide=
2403 3019 2457 3079 und
2495 3023 2753 3083 Mahlprodnkte;

422 3028 496 3088 Wer
526 3029 600 3089 wird
630 3029 756 3089 geliebt,
774 3032 837 3092 wer
861 3032 952 3092 liebt,
970 3033 1016 3093 wo
1045 3037 1079 3097 ist
1103 3035 1229 3095 Heimat

1316 3043 1380 3103 Die
1405 3042 1576 3102 dringliche
1609 3045 1747 3105 Aufrage
1780 3045 1828 3105 der
1862 3042 2137 3102 Tozialdemokra¬

380 3071 622 3131 Bestimmung,
648 3072 689 3132 wo
720 3070 792 3130 hört
818 3074 998 3134 Abenteuer
1025 3076 1081 3136 auf
1102 3076 1163 3136 und
1190 3076 1241 3136 be¬

2239 3071 2279 3131 o)
2305 3070 2471 3130 Entwürfe
2490 3074 2547 3134 von
2573 3074 2706 3134 Gesetzen
2732 3076 2807 3136 über
2825 3076 2874 3136 die
2892 3079 3016 3139 Errich¬

1267 3094 1316 3154 ten
1344 3096 1464 3156 lautet:

382 3112 477 3172 ginnt
523 3115 573 3175 der
604 3115 689 3175 Sinn
720 3117 805 3177 eines
836 3119 977 3179 Lebens?
1028 3121 1098 3181 Das
1134 3121 1234 3181 waren

2198 3124 2278 3184 tung
2306 3124 2359 3184 von
2387 3126 2801 3186 Großhaudelsmouopolen
2835 3129 2882 3189 für
2903 3130 3024 3190 Kohle,

1360 3158 1394 3218 1.
1416 3159 1477 3219 Ist
1506 3157 1554 3217 die
1582 3157 1887 3217 Bundesregierung
1923 3158 2040 3218 bereit,
2062 3157 2109 3217 dem

379 3157 566 3217 Schnitzlers
594 3158 715 3218 Fragen
749 3159 782 3219 an
816 3162 865 3222 sich
893 3161 953 3221 und
982 3162 1059 3222 seine
1087 3165 1241 3225 Umwelt.

2198 3178 2317 3238 Benzin
2352 3177 2414 3237 und
2443 3177 2573 3237 Zucker?

375 3199 422 3259 Er
449 3202 560 3262 wurde
592 3202 671 3262 nicht
699 3203 809 3263 müde,
831 3205 857 3265 zu
895 3205 1017 3265 zeigen,
1060 3208 1123 3268 wie
1155 3210 1234 3270 jeder

1312 3211 1522 3271 Nationalrat
1557 3214 1774 3274 unverzüglich
1809 3211 1978 3271 Entwürfe
2014 3211 2135 3271 folgen¬

2240 3229 2277 3289 5.
2303 3229 2360 3289 Ist
2392 3229 2435 3289 die
2467 3233 2770 3293 Bundesregierung
2808 3237 2921 3297 bereit,
2947 3237 2997 3297 dem

377 3244 479 3304 davon
512 3247 626 3307 sprach,
654 3247 691 3307 ein
724 3247 810 3307 jeder
838 3249 881 3309 ein
909 3249 1006 3309 Wort
1029 3250 1120 3310 dafür
1148 3252 1245 3312 hatte,

1306 3264 1357 3324 der
1383 3264 1505 3324 Gesetze
1524 3263 1736 3323 vorzulegen:

2196 3279 2411 3339 Nationalrat
2449 3279 2503 3339 den
2547 3283 2707 3343 Entwurf
2744 3288 2830 3348 eines
2874 3287 3015 3347 Kartell¬

378 3285 425 3345 die
452 3288 547 3348 Seele
569 3290 643 3350 aber
664 3290 727 3350 leer
755 3288 833 3348 blieb
860 3290 918 3350 und
945 3293 998 3353 ins
1025 3294 1114 3354 Leere
1141 3296 1241 3356 blickte

1381 3318 1427 3378 a)
1455 3318 1543 3378 eines
1577 3318 1712 3378 Gesetzes
1754 3317 1827 3377 über
1862 3316 1909 3376 die
1943 3316 2132 3376 Einschrän¬

376 3328 439 3388 und
466 3331 513 3391 ins
546 3331 636 3391 Leere
657 3333 753 3393 ging.
790 3333 885 3393 Wie?
913 3336 1029 3396 Wurde
1078 3339 1156 3399 alles
1183 3339 1236 3399 zur

2202 3334 2261 3394 und
2320 3336 2611 3396 Monopolgesetzes
2665 3340 2872 3400 vorzulegen,
2926 3342 3014 3402 durch

1343 3368 1421 3428 kung
1461 3371 1511 3431 des
1545 3372 1958 3432 Doppelverdienertums;

372 3375 485 3435 großen
525 3375 642 3435 Szene,
693 3378 850 3438 unwahr,
894 3380 1042 3440 verbogen
1086 3382 1145 3442 und
1180 3383 1238 3443 un¬

2196 3387 2320 3447 welches
2351 3388 2391 3448 die
2416 3390 2670 3450 Verkaufspreise
2695 3393 2771 3453 aller
2790 3394 2932 3454 Kartelle
2956 3395 3008 3455 und

374 3417 621 3477 wahrscheinlich
658 3421 720 3481 und
756 3420 823 3480 war
860 3423 988 3483 dennoch
1025 3424 1050 3484 im
1103 3426 1242 3486 tiefsten,

1393 3426 1434 3486 b)
1464 3423 1552 3483 eines
1588 3423 1717 3483 Gesetzes
1760 3423 1836 3483 über
1872 3424 1918 3484 die
1955 3425 2125 3485 Verpflich¬

2202 3441 2276 3501 aller
2300 3442 2734 3502 Privatunternehmungen,
2758 3447 2861 3507 welche
2885 3448 2926 3508 ein
2955 3447 3018 3507 tat¬

372 3461 457 3521 ganz
479 3461 696 3521 verschütteten
728 3463 844 3523 Grund
893 3467 1126 3527 wahrhaftiger
1153 3468 1243 3528 Aus¬

1344 3475 1423 3535 tung
1480 3477 1531 3537 der
1594 3476 1844 3536 Unternehmer,
1890 3476 2122 3536 freiwerdende

2210 3489 2360 3549 sächliches
2403 3492 2566 3552 Monopol
2603 3494 2657 3554 auf
2694 3494 2742 3554 dem
2797 3497 3002 3557 inländischen

370 3503 460 3563 druck
482 3504 567 3564 eines
594 3506 781 3566 Menschen,
804 3508 851 3568 der
879 3510 991 3570 einfach
1024 3512 1104 3572 nicht
1126 3512 1242 3572 anders

1343 3530 1581 3590 Arbeitsstellen
1643 3531 1876 3591 ausschließlich
1926 3533 2015 3593 durch
2077 3530 2126 3590 die

2196 3542 2319 3602 Markte
2369 3544 2487 3604 haben,
2530 3546 2580 3606 der
2630 3546 2803 3606 staatlichen
2847 3551 3014 3611 Kontrolle

376 3546 508 3606 konnte?
562 3548 668 3608 Sollte
700 3549 731 3609 es
764 3552 822 3612 das
854 3553 965 3613 geben,
992 3555 1071 3615 Lüge
1104 3556 1230 3616 zugleich

1353 3584 1560 3644 paritätischen
1602 3584 1792 3644 öffeutlichen
1827 3584 2121 3644 Arbeitsnachweis¬

370 3592 541 3652 Wahrheit
570 3593 624 3653 sein
658 3595 796 3655 können,
819 3596 940 3656 Armut
968 3599 1090 3659 zugleich
1124 3599 1234 3659 Reich¬

2193 3596 2410 3656 unterworfen
2442 3596 2590 3656 werden?

1353 3643 1377 3703 zu
1412 3638 1555 3698 besetzen;

376 3634 465 3694 tum?
496 3635 561 3695 Und
597 3638 722 3698 konnten
752 3639 857 3699 Worte
883 3641 958 3701 hin=
979 3642 1038 3702 und
1069 3644 1239 3704 hergehen,

2230 3648 2268 3708 6.
2294 3649 2358 3709 Ist
2391 3649 2441 3709 die
2468 3653 2776 3713 Bundesregierung
2815 3656 2930 3716 bereit,
2963 3656 3007 3716 die

369 3679 496 3739 Worte,
513 3678 560 3738 die
581 3679 629 3739 die
650 3680 782 3740 kostbare
810 3682 942 3742 Fassung
969 3684 1016 3744 des
1043 3685 1138 3745 Herrn
1171 3687 1223 3747 von

1385 3693 1425 3753 c)
1448 3691 1535 3751 eines
1565 3691 1698 3751 Gesetzes
1728 3691 1802 3751 über
1832 3691 1878 3751 die
1902 3691 2121 3751 Herabsetzung

2189 3701 2427 3761 österreichische
2474 3705 2740 3765 Warenausfuhr
2800 3709 2892 3769 durch
2945 3709 3014 3769 Ab¬

372 3721 452 3781 Sala
487 3723 547 3783 aus
578 3723 628 3783 dem
679 3724 865 3784 „Einsamen
900 3725 995 3785 Weg“
1031 3728 1131 3788 hatten
1167 3729 1227 3789 und

1344 3745 1391 3805 der
1422 3742 1605 3802 gesetzlichen
1641 3745 1932 3805 Höchstarbeitszeit
1956 3745 2015 3805 auf
2039 3745 2122 3805 vier¬

2196 3756 2369 3816 schließung

2463 3758 2551 3818 eines
2636 3760 3010 3820 Meistbegünstigungs¬

367 3763 418 3823 die
445 3766 580 3826 dennoch
616 3767 714 3827 nichts
746 3769 922 3829 bedeuteten
985 3771 1042 3831 und
1100 3772 1229 3832 zugleich

1343 3802 1387 3862 zig
1415 3799 1565 3859 Stunden
1593 3799 1809 3859 wöchentlich?

2195 3808 2350 3868 vertrages
2386 3810 2449 3870 mit
2478 3808 2524 3868 der
2559 3813 2657 3873 Union
2698 3814 2743 3874 der
2779 3817 2998 3877 sozialistischen

369 3808 448 3868 alles
480 3811 681 3871 bedeuteten,
725 3811 772 3871 die
804 3813 841 3873 am
890 3814 1112 3874 Tatsächlichen
1165 3817 1234 3877 sehr

1344 3853 1377 3913 2.
1401 3850 1480 3910 Was
1515 3853 1641 3913 gedenkt
1670 3850 1715 3910 die
1744 3853 2047 3913 Bundesregierung
2082 3852 2116 3912 zu

368 3852 476 3912 schnell
498 3854 800 3914 vorüberflatterten
832 3857 895 3917 und
921 3860 973 3920 den
1005 3859 1114 3919 Schein
1146 3859 1229 3919 eines

2194 3862 2495 3922 Sowjetrepubliken
2529 3865 2557 3925 zu
2592 3865 2739 3925 fördern?

369 3896 651 3956 bedeutungslosen
687 3897 838 3957 Friedens
894 3899 955 3959 und
1006 3903 1091 3963 einer
1122 3903 1232 3963 bedeu¬

1304 3905 1374 3965 tun,
1399 3906 1433 3966 um
1481 3906 1510 3966 zu
1546 3903 1718 3963 verhüten,
1742 3903 1794 3963 daß
1831 3903 1878 3963 die
1902 3903 2120 3963 Bewirtschaf¬

2156 3933 2217 3993 Die
2241 3936 2505 3996 Schuldfrage
2530 3938 2591 3998 bei
2608 3939 2669 3999 der
2694 3940 3004 4000 Credit=Anstalt

370 3939 548 3999 tungslosen
587 3941 705 4001 Würde
728 3942 846 4002 gaben,
869 3943 1020 4003 während
1048 3945 1145 4005 dessen
1178 3945 1226 4005 sich

1298 3957 1378 4017 tung
1408 3957 1454 4017 der
1477 3957 1610 4017 Devisen
1640 3956 1795 4016 einerseits
1819 3956 1871 4016 zur
1895 3957 2114 4017 Vertenerung

368 3978 416 4038 die
449 3984 840 4044 Zusammengehörigkeit
873 3987 927 4047 von
966 3990 1156 4050 Menschen,
1184 3991 1226 4051 die

2184 3988 2249 4048 Die
2274 3993 2703 4053 christlichsozialen
2740 3996 2896 4056 Agrarier
2927 3996 3005 4056 wer¬

1301 4008 1516 4068 notwendiger
1561 4008 1809 4068 Lebensmittel,
1843 4008 2014 4068 anderseits
2058 4009 2091 4069 zu

371 4025 468 4085 ewige
496 4026 696 4086 Entfernung
729 4029 783 4089 von
816 4029 983 4089 Menschen
1017 4033 1200 4093 entschied¬

2149 4041 2196 4101 den
2233 4044 2406 4104 gemeinsam
2456 4046 2521 4106 mit
2552 4047 2599 4107 den
2636 4050 2990 4110 Landbündlern

1301 4064 1488 4124 Stillegung
1511 4064 1567 4124 von
1596 4065 1760 4125 Betrieben
1794 4065 1879 4125 durch
1908 4065 1952 4125 den
1987 4063 2122 4123 Mangel

370 4068 410 4128 an
437 4070 484 4130 den
512 4070 639 4130 Worten
668 4071 788 4131 vorbei,
803 4074 876 4134 ohne
904 4074 1026 4134 Worte,
1040 4076 1134 4136 „Wir
1155 4075 1228 4135 spie¬

2141 4094 2189 4154 die
2224 4099 2402 4159 Regierung
2437 4100 2575 4160 darüber
2603 4103 2857 4163 interpellieren,
2878 4104 2912 4164 ob
2954 4103 3001 4163 die

365 4107 410 4167 len
440 4112 572 4172 immer,
590 4112 653 4172 wer
677 4112 705 4172 es
729 4113 827 4173 weiß,
845 4118 878 4178 ist
897 4118 1000 4178 klug."
1018 4118 1064 4178 Es
1088 4119 1156 4179 war
1180 4121 1226 4181 die

1304 4115 1338 4175 an
1375 4118 1552 4178 Rohstoffen
1590 4115 1695 4175 führt?

2148 4148 2451 4208 Schuldfrage
2495 4148 2570 4208 bei

2842 4160 2906 4220 Lit
