3248 4384
215 312 295 372 2.

364 312 936 372 Schnitzler's
1003 309 1240 369 Deatl

476 669 697 729 Ausschnitt

725 697 805 757 Mdè
833 697 931 757 Frele
950 694 1085 754 Presse,
1095 694 1112 754 V

479 894 590 954 vom:

792 905 810 965 2
849 900 897 960 9.
917 897 1052 957 OKT.
1072 894 1177 954 1997

519 1103 891 1163 Stimmen
978 1112 1095 1172 der
1160 1119 1468 1179 Jugend

470 1201 651 1261 über
720 1214 1015 1274 Arthur
1084 1223 1537 1283 Schnitzler.

563 1318 689 1378 Wir
744 1321 915 1381 haben
981 1327 1134 1387 einen
1199 1333 1416 1393 Freund

842 1412 1148 1472 verloren.

524 1492 565 1552 In
602 1492 649 1552 der
680 1496 915 1556 Erschütterung
952 1502 1011 1562 und
1042 1503 1090 1563 der
1120 1506 1241 1566 Trauer
1278 1510 1331 1570 des
1374 1514 1542 1574 ganzen

428 1540 652 1600 geistigen
688 1544 871 1604 Europa
907 1548 959 1608 hat
990 1550 1107 1610 Arthur
1137 1557 1326 1617 Schnitzler,
1350 1557 1396 1617 der
1427 1560 1544 1620 Mensch

435 1584 492 1644 und
521 1584 572 1644 sein
607 1587 717 1647 Werk,
735 1591 797 1651 eine
822 1593 850 1653 so
874 1597 1075 1657 endgültige,
1093 1602 1249 1662 bleibende
1278 1604 1335 1664 und
1359 1608 1549 1668 tiefgehende

430 1631 627 1691 Würdigung
664 1640 831 1700 erfahren,
868 1643 924 1703 daß
968 1645 1016 1705 ihr
1054 1647 1152 1707 nichts
1196 1650 1282 1710 mehr
1320 1655 1541 1715 hinzuzufügen

429 1677 545 1737 bleibt.

517 1751 617 1811 Wenn
649 1757 706 1817 wir
731 1760 863 1820 dennoch
895 1764 1001 1824 reden,
1041 1769 1065 1829 so
1097 1769 1134 1829 ist
1160 1771 1210 1831 es,
1248 1770 1285 1830 um
1330 1772 1380 1832 den
1412 1775 1543 1835 Dank

424 1799 498 1859 der
528 1804 713 1864 Jugend
743 1808 951 1868 abzustatten.
992 1814 1090 1874 Jener
1120 1817 1265 1877 Jugend,
1300 1820 1357 1880 von
1393 1821 1444 1881 der
1474 1823 1543 1883 man

424 1847 602 1907 behauptet,
632 1850 683 1910 daß
719 1854 759 1914 sie
788 1854 834 1914 ihm
880 1860 1065 1920 entfremdet
1095 1862 1152 1922 und
1187 1866 1343 1926 entglitten
1384 1870 1435 1930 sei,
1470 1869 1545 1929 weil

422 1896 478 1956 sie,
507 1897 698 1957 abgewandt
739 1901 795 1961 und
841 1905 982 1965 entfernt
1017 1908 1073 1968 von
1107 1911 1192 1971 jener
1221 1913 1305 1973 Zeit,
1340 1913 1368 1973 in
1414 1915 1470 1975 der
1510 1917 1543 1977 er

423 1940 578 2000 wurzelte,
614 1945 699 2005 durch
735 1948 897 2008 chaotische
920 1954 1064 2014 Wirrnis
1111 1956 1192 2016 einer
1233 1958 1365 2018 dunklen
1401 1961 1544 2021 Zukunft

422 1988 697 2048 entgegenwächst.
724 1995 886 2055 Sicherlich
919 1999 929 2059 —
989 2001 1048 2061 wir
1075 2002 1205 2062 kannten
1243 2005 1340 2065 nichts
1373 2007 1453 2067 mehr
1481 2008 1534 2068 von

420 2030 471 2090 dem
511 2036 624 2096 welken
653 2041 776 2101 Zauber
806 2043 862 2103 und
896 2046 941 2106 dem
987 2050 1219 2110 träumerischen
1248 2053 1429 2113 Rhythmus
1463 2056 1542 2116 jener

416 2080 517 2140 Welt,
541 2084 591 2144 der
620 2086 738 2146 Arthur
767 2091 936 2151 Schnitzler
965 2098 1225 2158 unvergängliche
1254 2098 1378 2158 Gestalt
1407 2104 1530 2164 gegeben

416 2128 484 2188 hat.
520 2130 594 2190 Wir
623 2134 709 2194 sahen
745 2137 796 2197 von
843 2140 894 2200 ihr
929 2141 986 2201 nur
1027 2143 1096 2203 noch
1137 2144 1217 2204 letzte
1252 2146 1425 2206 Auflösung
1472 2149 1528 2209 und

416 2175 574 2235 tragischen
608 2181 806 2241 Untergang,
823 2184 874 2244 den
909 2188 1134 2248 vernichtenden
1169 2190 1276 2250 Schlag
1304 2193 1389 2253 eines
1412 2193 1536 2253 Schick¬

410 2224 494 2284 sals,
517 2223 567 2283 das
602 2224 636 2284 sie
665 2228 732 2288 stets
766 2229 788 2289 in
823 2232 981 2292 wissender
1016 2235 1196 2295 Todesreife
1220 2238 1429 2298 umschwebte.
1458 2241 1536 2301 Aber

410 2268 472 2328 wer
501 2271 551 2331 von
586 2271 642 2331 uns
671 2273 698 2333 je
727 2275 772 2335 die
801 2280 930 2340 lässige,
948 2283 1174 2343 schwermütige
1203 2285 1315 2345 Grazie
1344 2289 1524 2349 empfunden

413 2316 480 2376 hat,
504 2317 548 2377 die
583 2321 644 2381 noch
679 2322 791 2382 immer
820 2324 892 2384 über
921 2325 971 2385 den
1012 2330 1146 2390 Straßen
1187 2331 1242 2391 und
1277 2334 1400 2394 Plätzen
1435 2334 1530 2394 dieser

414 2361 526 2421 Stadt,
561 2364 634 2424 über
674 2368 724 2428 den
770 2372 979 2432 silbergrauen
1019 2375 1137 2435 Nadeln
1173 2378 1257 2438 ihrer
1286 2380 1404 2440 Türme
1444 2381 1534 2441 ruht,

405 2407 481 2467 über
526 2411 609 2471 ihren
665 2416 981 2476 blauschimmernden
1037 2424 1264 2484 Hügelketten,
1309 2426 1369 2486 wer
1421 2428 1525 2488 Ahnen

409 2456 466 2516 und
501 2458 761 2518 Beschwingtheit
802 2465 882 2525 ihres
924 2470 1097 2530 Frühlings
1149 2474 1207 2534 und
1248 2472 1305 2532 den
1352 2474 1525 2534 glühenden

407 2506 631 2566 Farbenrausch
667 2510 747 2570 ihres
777 2513 921 2573 Herbstes
956 2516 1065 2576 kennt,
1089 2519 1187 2579 weiß,
1211 2521 1331 2581 wieviel
1355 2522 1528 2582 unlösbare

404 2552 506 2612 Fäden
550 2552 610 2612 uns
643 2553 702 2613 mit
724 2557 778 2617 der
806 2561 1065 2621 Vergangenheit
1098 2567 1315 2627 verknüpfen,
1349 2567 1434 2627 deren
1478 2568 1532 2628 be¬

400 2599 547 2659 rufenster
580 2602 702 2662 Mittler
735 2603 790 2663 uns
821 2608 1006 2668 Arthur
1038 2613 1286 2673 Schnitzler
1318 2614 1398 2674 war.
1417 2616 1534 2676 Des¬

404 2647 664 2707 halbehren
698 2653 782 2713 wir
802 2653 905 2713 ihn.

497 2710 576 2770 Aber
608 2711 638 2771 es
663 2713 705 2773 ist
731 2715 816 2775 mehr
841 2716 890 2776 als
933 2719 982 2779 der
1020 2723 1106 2783 sanft
1143 2725 1333 2785 betäubende
1377 2726 1431 2786 und
1475 2728 1518 2788 ein

401 2758 501 2818 wenig
525 2761 660 2821 modrige
684 2763 783 2823 Hauch
814 2764 860 2824 des
890 2766 1037 2826 Gestern,
1055 2769 1102 2829 der
1126 2772 1184 2832 uns
1209 2772 1267 2832 aus
1291 2773 1385 2833 seinem
1427 2775 1514 2835 Werk

398 2806 653 2866 entgegenweht.
676 2807 743 2867 Das
772 2810 890 2870 Leben,
914 2811 947 2871 an
982 2813 1038 2873 das
1067 2817 1123 2877 wir
1152 2817 1276 2877 Jungen
1310 2819 1372 2879 uns
1401 2822 1519 2882 suchend

399 2850 456 2910 und
491 2852 612 2912 zögernd
653 2855 862 2915 herantasten,
891 2862 954 2922 hier
978 2862 1081 2922 pocht,
1105 2864 1215 2924 atmet,
1239 2865 1348 2925 fiebert
1378 2866 1423 2926 es,
1447 2868 1527 2928 viel¬

395 2898 554 2958 gestaltig,
585 2900 655 2960 reich
691 2901 749 2961 und
786 2905 874 2965 heiß.
910 2907 986 2967 Sein
1022 2910 1228 2970 Geheimnis,
1271 2913 1347 2973 seine
1377 2914 1518 2974 seltsame

395 2946 504 3006 Süße,
527 2946 604 3006 seine
633 2949 776 3009 Schatten
815 2952 920 3012 rühren
960 2953 1020 3013 uns
1048 2955 1109 3015 an,
1143 2958 1253 3018 immer
1286 2961 1397 3021 wieder
1425 2964 1524 3024 fesselt

395 2991 455 3051 uns
483 2991 532 3051 sein
566 2993 661 3053 Spiel
678 2997 733 3057 von
761 2997 844 3057 Lüge
867 2999 922 3059 und
956 3001 1039 3061 Leid,
1061 3003 1111 3063 von
1145 3005 1228 3065 Liebe
1256 3006 1311 3066 und
1339 3007 1422 3067 Tod.
1440 3006 1522 3066 Ver¬

397 3039 526 3099 borgene
549 3040 661 3100 Gänge
690 3044 792 3104 öffnen
826 3044 899 3104 sich,
922 3047 1018 3107 Wege
1047 3049 1069 3109 in
1103 3050 1301 3110 unbehannte
1330 3053 1430 3113 Weite
1459 3053 1510 3113 tun

394 3086 441 3146 sich
478 3089 549 3149 auf.
586 3089 658 3149 Wie
689 3089 736 3149 nie
767 3092 862 3152 sonst,
887 3094 1001 3154 fühlten
1038 3095 1115 3155 wir,
1140 3098 1224 3158 wenn
1261 3098 1314 3158 wir
1345 3101 1513 3161 Schnitzler

390 3131 491 3191 lasen,
520 3134 559 3194 ein
588 3134 803 3194 sehnsüchtiges
832 3140 1001 3200 Brennen,
1019 3140 1058 3200 ein
1087 3143 1216 3203 dunkles
1245 3146 1380 3206 Fragen.
1404 3149 1516 3209 Unsere

389 3178 504 3238 ersten,
526 3179 631 3239 unsere
658 3182 889 3242 versunkensten
922 3187 1063 3247 Träume
1090 3191 1216 3251 gehören
1254 3191 1343 3251 diesem
1386 3194 1512 3254 Magier

388 3225 445 3285 der
465 3227 574 3287 Seele.
587 3233 984 3293 Deshalblieben
1017 3237 1100 3297 wir
1120 3239 1215 3299 ihn.

481 3289 543 3349 Nie
583 3293 684 3353 wurde
719 3293 746 3353 er
787 3295 843 3355 von
889 3298 1063 3358 wohlfeiler
1098 3301 1414 3361 Volkstümlichkeit,
1449 3304 1505 3364 von

386 3335 512 3395 billiger
542 3340 835 3400 Massenzuneigung
870 3343 1032 3403 getragen.
1061 3346 1101 3406 Um
1148 3348 1176 3408 so
1206 3349 1355 3409 einsamer
1384 3349 1447 3409 war
1477 3350 1511 3410 er

386 3382 414 3442 in
449 3384 544 3444 dieser
579 3384 777 3444 entgötterten
817 3391 879 3451 und
913 3393 1077 3453 verstörten
1118 3396 1202 3456 Zeit.
1237 3397 1327 3457 Aber
1368 3397 1491 3457 trotzdem

384 3433 457 3493 ging
482 3432 512 3492 er
538 3434 629 3494 seinen
667 3435 740 3495 Weg
766 3436 925 3496 unbeirrt,
950 3440 1023 3500 ohne
1049 3439 1103 3499 das
1135 3442 1282 3502 geringste
1313 3445 1510 3505 Zugeständ¬

383 3477 454 3537 nis.
487 3477 608 3537 Gerade
653 3480 680 3540 in
730 3482 824 3542 seinen
874 3483 967 3543 letzten
1006 3486 1155 3546 Werken,
1194 3489 1249 3549 dem
1293 3491 1414 3551 „Spiel
1454 3489 1503 3549 der

383 3522 630 3582 Sommerlüfte"
660 3527 717 3587 und
746 3527 792 3587 dem
833 3531 942 3591 „Gang
971 3533 1023 3593 zum
1064 3533 1225 3593 Weiher",
1243 3534 1288 3594 die
1312 3537 1415 3597 erfüllt
1439 3537 1496 3597 sind

380 3570 433 3630 von
469 3570 669 3630 wehmütiger
699 3573 757 3633 und
787 3576 1000 3636 verzeihender
1024 3579 1124 3639 Güte,
1148 3582 1224 3642 zeigt
1248 3582 1295 3642 sich
1331 3583 1383 3643 sein
1414 3584 1501 3644 tiefes

381 3615 491 3675 Wissen
542 3618 580 3678 um
630 3618 702 3678 #ie
741 3621 896 3681 Sendung
952 3624 1023 3684 Und
1068 3624 1112 3684 die
1157 3627 1300 3687 schönsten
1351 3628 1411 3688 und
1456 3630 1505 3690 er¬

382 3663 577 3723 greifendsten
618 3666 733 3726 Stellen
768 3668 860 3728 dieses
895 3671 993 3731 seines
1022 3674 1201 3734 Abschiedes
1230 3675 1293 3735 sind
1334 3675 1385 3735 an
1426 3678 1501 3738 die

381 3713 561 3773 Jugend
592 3713 748 3773 gerichtet.
767 3716 839 3776 Das
876 3718 977 3778 wollen
1008 3719 1069 3779 wir
1099 3721 1177 3781 nicht
1202 3722 1370 3782 vergessen.

467 3777 511 3837 In
544 3776 626 3836 einer
652 3778 792 3838 Epoche,
826 3779 850 3839 in
902 3782 953 3842 der
979 3784 1138 3844 Flachheit
1178 3782 1234 3842 und
1280 3787 1496 3847 betriebsamer

376 3821 458 3881 Lärm
506 3822 553 3882 des
583 3825 688 3885 Tages
719 3827 889 3887 herrschen,
914 3828 973 3888 hat
997 3830 1026 3890 er
1056 3830 1114 3890 uns
1145 3831 1185 3891 ein
1221 3833 1333 3893 großes
1364 3833 1504 3893 Beispiel

377 3869 523 3929 gegeben,
540 3870 624 3930 durch
653 3872 732 3932 seine
756 3872 947 3932 unbedingte
970 3878 1111 3938 Hingabe
1140 3879 1173 3939 an
1202 3880 1247 3940 die
1276 3881 1394 3941 Kunst,
1411 3881 1490 3941 durch

381 3913 468 3973 seinen
508 3916 635 3976 heiligen
669 3919 779 3979 Ernst,
802 3919 891 3979 durch
925 3920 979 3980 den
1013 3925 1257 3985 unantastbaren
1297 3925 1374 3985 Adel
1402 3928 1496 3988 seiner

370 3961 571 4021 Gesinnung.
607 3964 796 4024 Gegenüber
837 3967 923 4027 „eisch
953 3970 1114 4030 fröhlicher
1144 3972 1391 4032 Geschäftigkeit
1432 3973 1489 4033 und

373 4009 519 4069 mutloser
542 4011 949 4071 Kompromißbereitschaft
973 4014 1028 4074 hat
1052 4018 1079 4078 er
1102 4018 1164 4078 uns
1193 4018 1243 4078 den
1272 4018 1345 4078 Weg
1374 4018 1492 4078 wahrer

370 4054 529 4114 Dichtung
563 4057 734 4117 gewiesen:
768 4062 900 4122 Immer
940 4063 1056 4123 wieder
1095 4063 1150 4123 das
1194 4063 1283 4123 weite
1311 4066 1399 4126 Land
1444 4067 1493 4127 der

372 4102 463 4162 Seele
496 4104 523 4164 zu
556 4105 815 4165 durchwandern,
854 4108 940 4168 ihrem
989 4108 1135 4168 Dunkel,
1168 4111 1254 4171 ihren
1298 4111 1497 4171 verlorenen,

372 4149 636 4209 umdämmerten,
674 4154 847 4214 abwegigen
886 4155 1047 4215 Gegenden
1091 4159 1150 4219 das
1183 4158 1371 4218 gestaltende
1399 4158 1495 4218 Wort

1458 306 1588 366 box
1667 311 1897 371 43/10

1624 1088 1774 1148 Gegen
1814 1088 1914 1148 rote
1953 1088 2104 1148 Mände
2156 1098 2193 1158 on
2220 1100 2269 1160 ver

2139 1132 2264 1192 Creme
2285 1136 2436 1196 Leodor,
2457 1136 2537 1196 welche
2558 1138 2595 1198 den
2621 1139 2746 1199 Hanven¬

1617 1160 1658 1220 und
1684 1160 1721 1220 dem
1746 1161 1834 1221 Gesicht
1851 1163 1901 1223 jene
1922 1163 1989 1223 matte
2006 1164 2094 1224 Weiße
2111 1166 2223 1226 verleiht,
2236 1168 2269 1228 die
2286 1166 2328 1226 der
2345 1169 2487 1229 vornehmen
2508 1169 2588 1229 Dame
2601 1172 2734 1232 erwünscht

1612 1193 1649 1253 ist.
1666 1193 1707 1253 Ein
1728 1194 1869 1254 besonderer
1890 1196 1985 1256 Vorteil
2007 1197 2060 1257 liegt
2081 1199 2130 1259 auch
2152 1199 2235 1259 darin,
2256 1199 2297 1259 daß
2318 1201 2376 1261 diese
2397 1200 2468 1260 matte
2480 1202 2563 1262 Creme
2584 1204 2725 1264 wunder¬

1611 1226 1673 1286 voll
1691 1226 1815 1286 kühlend
1837 1226 1885 1286 bei
1904 1229 2040 1289 Juckreiz
2059 1230 2111 1290 der
2130 1230 2218 1290 Haut
2236 1232 2302 1292 wirkt
2321 1232 2364 1292 und
2387 1234 2528 1294 gleichzeitig
2551 1235 2599 1295 eine
2622 1236 2728 1296 vorzüg¬

1610 1259 1661 1319 liche
1679 1259 1808 1319 Unterlage
1821 1259 1856 1319 für
1874 1259 1955 1319 Puder
1977 1260 2015 1320 ist.
2033 1261 2085 1321 Der
2107 1265 2253 1325 nachhaltige
2275 1265 2344 1325 Duft
2358 1265 2430 1325 dieser
2448 1266 2534 1326 Creme
2552 1269 2634 1329 gleicht
2651 1270 2720 1330 einem

1608 1291 1717 1351 taufrisch
1736 1292 1872 1352 gepflükten
1899 1294 2115 1354 Frühlingsstrauß
2138 1296 2182 1356 von
2209 1296 2337 1356 Weilchen,
2359 1298 2522 1358 Maiglbächen
2554 1300 2597 1360 und
2620 1300 2730 1360 Flieder,

1609 1321 1690 1381 ohne
1712 1322 1776 1382 jenen
1803 1324 1952 1384 berüchtigten
1979 1328 2194 1388 Moschusgeruch,
2211 1330 2250 1390 den
2276 1330 2314 1390 die
2332 1330 2465 1390 vornehme
2482 1333 2551 1393 Welt
2569 1334 2727 1394 verabscheut.

1612 1357 1682 1417 Preis
1709 1357 1748 1417 der
1775 1357 1846 1417 Tube
1864 1357 1894 1417 S.
1912 1357 1965 1417 1.—-
1992 1359 2036 1419 und
2058 1360 2093 1420 S.
2107 1360 2177 1420 1.60,
2196 1361 2235 1421 die
2262 1366 2438 1426 dazugehörige
2456 1369 2633 1429 Leodor-Seife
2655 1369 2730 1429 Stück

1611 1390 1633 1450 S.
1652 1390 1733 1450 —.90.
1757 1391 1788 1451 In
1816 1393 1875 1453 allen
1898 1396 2267 1456 Chlorodont=Verkaufostellen
2290 1401 2317 1461 zu
2340 1399 2431 1459 haben.

2004 1531 2312 1591 Wien...

1708 1599 1791 1659 Dem
1854 1605 2082 1665 Andenken
2125 1611 2291 1671 Arthur
2326 1616 2610 1676 Schnitzlers.

1693 1662 1777 1722 Wien

1696 1710 1728 1770 ist
1749 1713 2059 1773 Bundeshauptstadt
2087 1715 2139 1775 von
2166 1720 2351 1780 Oesterreich
2378 1723 2437 1783 und
2465 1724 2510 1784 als
2537 1726 2629 1786 solche
2657 1727 2702 1787 der

1686 1757 1727 1817 der
1758 1760 1933 1820 Regierung
1964 1763 2018 1823 und
2055 1763 2104 1823 der
2128 1766 2262 1826 obersten
2299 1769 2437 1829 Aemter.

1690 1802 1780 1862 Wien

1684 1850 1733 1910 hat
1765 1853 2010 1913 einundzwanzig
2049 1859 2174 1919 Bezirke
2207 1861 2269 1921 und
2301 1863 2376 1923 etwa
2408 1865 2477 1925 eine
2503 1868 2596 1928 ganze
2641 1868 2703 1928 und

1589 1893 1662 1953 acht

1698 1895 1811 1955 Zehntel
1834 1900 1993 1960 Millionen
2028 1904 2215 1964 Bewohner.

1686 1939 1744 1999 Bist
1771 1941 1803 2001 du
1830 1943 1960 2003 darüber
1987 1950 2097 2010 hinaus
2131 1951 2195 2011 noch
2223 1955 2451 2015 wißbegierig:
2478 1957 2503 2017 im
2543 1957 2700 2017 Baedeker

1594 1987 1699 2047 findest
1729 1989 1758 2049 bu
1793 1990 1904 2050 nähere
1934 1993 2057 2053 Daten.

1677 2033 1761 2093 Dort
1782 2036 1847 2096 liest
1868 2038 1900 2098 du
1927 2041 2071 2101 zunächst
2092 2041 2117 2101 in
2151 2044 2229 2104 einem
2276 2049 2381 2109 kurzen
2408 2053 2591 2113 historischen
2625 2052 2709 2112 Auf¬

1675 2082 1731 2142 (die
1760 2081 1862 2141 Seiten
1897 2085 2004 2145 tragen
2039 2089 2181 2149 römische
2205 2094 2403 2154 Nummern)

1682 2126 1729 2186 von
1766 2129 1970 2189 Vindobona,
1995 2134 2043 2194 der
2067 2137 2187 2197 uralten
2225 2142 2398 2202 Siedlung,
2423 2143 2465 2203 die
2496 2143 2537 2203 die
2568 2145 2700 2205 Völker¬

1588 2171 1777 2231 wanderung
1806 2174 1928 2234 zerstört
1951 2177 2029 2237 hat:

1680 2220 1728 2280 vom
1778 2220 1863 2280 Wien
1901 2222 1949 2282 des
1981 2225 2207 2285 Mittelalters,
2239 2231 2293 2291 das
2325 2232 2373 2292 die
2398 2238 2618 2298 Babenberger
2650 2237 2698 2297 be¬

1586 2262 1709 2322 herrscht
1740 2265 1798 2325 und
1828 2265 1880 2325 das
1917 2268 1963 2328 sich
1993 2274 2169 2334 allmählich
2200 2277 2370 2337 erweitert,
2394 2280 2447 2340 das
2477 2283 2523 2343 die
2548 2283 2694 2343 Türken¬

1581 2309 1684 2369 kriege
1710 2312 1833 2372 bestand
1864 2314 1918 2374 und
1956 2316 2011 2376 aus
2043 2317 2091 2377 dem
2135 2320 2146 2380 —
2209 2323 2257 2383 als
2289 2330 2454 2390 schließlich
2486 2328 2529 2388 die
2560 2331 2688 2391 Mauern

1580 2357 1706 2417 gefallen
1742 2356 1752 2416 —
1811 2361 1857 2421 die
1881 2364 2001 2424 heutige
2031 2366 2129 2426 Stadt
2153 2370 2308 2430 erwuchs.

1677 2402 1747 2462 Und
1775 2405 1803 2465 in
1838 2405 1886 2465 der
1915 2408 2012 2468 Folge
2041 2414 2173 2474 erfährst
2202 2417 2229 2477 du
2265 2419 2341 2479 dann
2377 2423 2523 2483 alles,
2545 2426 2607 2486 was
2636 2425 2698 2485 mit

1583 2447 1665 2507 Wien
1707 2449 1730 2509 im
1784 2455 2055 2515 Zusammenhang
2091 2459 2185 2519 steht.

1673 2495 1780 2555 Alles,
1803 2498 1864 2558 was
1899 2504 2146 2564 sehenswürdig,
2170 2510 2237 2570 was
2272 2512 2322 2572 der
2351 2516 2480 2576 Fremde
2509 2519 2615 2579 immer
2650 2520 2694 2580 be¬

1583 2543 1695 2603 sichtigt
1725 2546 1783 2606 und
1820 2547 1866 2607 der
1896 2552 2120 2612 Einheimische
2150 2556 2291 2616 meistens
2327 2561 2403 2621 nicht
2433 2564 2545 2624 kennt,
2570 2567 2604 2627 ist
2634 2569 2687 2629 fein

1591 2591 1737 2651 äuberlich
1771 2594 1940 2654 angeführt
1963 2599 2019 2659 und
2054 2601 2110 2661 mit
2133 2604 2319 2664 mehrfachen
2348 2610 2511 2670 Sternchen
2546 2617 2697 2677 versehen.

1669 2638 1726 2698 Ein
1761 2643 2027 2703 Uebersichtsplan
2062 2649 2154 2709 sowie
2184 2654 2281 2714 einige
2317 2656 2426 2716 Karten
2467 2658 2496 2718 im
2543 2662 2618 2722 Text
2647 2663 2698 2723 er¬

1577 2686 1671 2746 höhen
1707 2688 1754 2748 die
1790 2693 2062 2753 Vollständigkeit
2092 2696 2192 2756 deiner
2229 2701 2382 2761 Kenntnis
2424 2705 2476 2765 von
2513 2709 2624 2769 Wien.

1670 2733 1732 2793 Von
1768 2737 1946 2797 Wien..?

1668 2782 1771 2842 Nein!
1797 2785 1937 2845 Nein!!
1963 2788 2134 2848 Nein!!!

1662 2825 1751 2885 Denn
1786 2829 1842 2889 das
1876 2832 1938 2892 sind
1972 2835 2028 2895 nur
2063 2835 2175 2895 Namen
2215 2840 2271 2900 und
2305 2844 2440 2904 Zahlen.

1660 2871 1704 2931 Es
1738 2874 1795 2934 gibt
1829 2878 1894 2938 noch
1920 2880 1965 2940 ein
1998 2883 2129 2943 anderes
2162 2886 2246 2946 Wien
2286 2890 2331 2950 als
2364 2893 2454 2953 dieses
2488 2897 2683 2957 systematisch

1570 2920 1708 2980 erfaßte,

1660 2968 1697 3028 ein
1730 2970 1838 3030 Wien,
1858 2973 1908 3033 das
1935 2975 1985 3035 sich
2011 2976 2094 3036 nicht
2114 2979 2189 3039 jedem
2229 2982 2343 3042 öffnet,
2363 2985 2413 3045 der
2433 2987 2496 3047 hier
2523 2991 2682 3051 polizeilich

1570 3013 1735 3073 gemeldet,
1765 3021 1889 3081 sondern
1931 3022 1995 3082 bloß
2038 3026 2120 3086 dem,
2150 3028 2203 3088 der
2245 3032 2274 3092 zu
2322 3032 2440 3092 schauen
2488 3035 2541 3095 und
2583 3039 2682 3099 fühlen

1566 3059 1724 3119 versteht!

1660 3107 1666 3167 O
1714 3107 1821 3167 Leser,

1653 3153 1720 3213 falls
1758 3156 1788 3216 du
1825 3159 1899 3219 nicht
1931 3161 1973 3221 als
2005 3164 2264 3224 Weichensteller,
2290 3176 2678 3236 Untersuchungshäftling

1559 3201 1626 3261 oder
1655 3203 1937 3263 Schalterbeamter
1960 3208 1993 3268 an
2028 3212 2202 3272 chronischem
2248 3218 2445 3278 Zeitmangel
2469 3223 2575 3283 leidest

1652 3246 1715 3306 oder
1745 3249 1808 3309 dein
1838 3252 1959 3312 Asthma
1995 3254 2087 3314 daran
2129 3259 2180 3319 dich
2216 3262 2354 3322 hindert,

1649 3293 1724 3353 dann
1760 3297 1858 3357 ersteig
1888 3300 1968 3360 eines
1998 3304 2160 3364 beliebigen
2190 3309 2393 3369 Vormittags
2422 3313 2445 3373 im
2486 3314 2596 3374 Herbst
2620 3317 2672 3377 des

1555 3339 1773 3399 Kahlenbergs
1803 3346 1908 3406 Gipel
1932 3349 1991 3409 und
2021 3351 2091 3411 blick
2121 3354 2209 3414 hinab
2245 3358 2297 3418 auf
2327 3358 2374 3418 den
2404 3361 2592 3421 Dunstbreis
2622 3365 2674 3425 der

1559 3382 1655 3442 Stadt

1646 3436 1717 3496 fahr
1742 3436 1856 3496 hinaus
1881 3439 1946 3499 nach
1977 3443 2175 3503 Schönbrunn
2206 3450 2266 3510 und
2291 3451 2411 3511 wandle
2441 3455 2520 3515 durch
2550 3457 2670 3517 Taxus¬

1550 3478 1676 3538 hechen,
1699 3483 1759 3543 die,
1793 3486 1991 3546 schnurgerad
2036 3492 2234 3552 geschnitten,
2274 3497 2301 3557 so
2329 3496 2461 3556 vornehm
2506 3501 2583 3561 sind,
2622 3503 2666 3563 als

1554 3525 1670 3585 wollten
1703 3526 1741 3586 sie
1768 3530 1885 3590 sagen:
1918 3532 1977 3592 sieh
2016 3537 2100 3597 her!
2134 3538 2198 3598 hier
2225 3540 2329 3600 wurde
2356 3543 2505 3603 Europas
2531 3547 2661 3607 Geschick

1550 3573 1629 3633 einst
1658 3573 1816 3633 bestimmt
1834 3579 1884 3639 ..

1645 3618 1715 3678 oder
1741 3622 1798 3682 such
1830 3624 1874 3684 dir
1901 3624 1925 3684 im
1965 3627 2079 3687 Prater
2106 3628 2143 3688 ein
2176 3632 2329 3692 Plätzchen
2362 3636 2489 3696 zwischen
2522 3640 2668 3700 hundert¬

1554 3666 1683 3726 jährigen
1718 3669 1876 3729 Bäumen,
1899 3672 2017 3732 schließe
2046 3675 2091 3735 die
2114 3678 2216 3738 Augen
2250 3681 2306 3741 und
2341 3684 2419 3744 atme
2443 3684 2487 3744 die
2511 3684 2584 3744 Luft
2607 3688 2657 3748 von

1543 3707 1654 3767 Wien,
1690 3714 1732 3774 die
1762 3716 1838 3776 einen
1885 3719 1962 3779 ganz
1998 3721 2116 3781 eigenen
2152 3725 2233 3785 Duft
2258 3728 2328 3788 hat,
2358 3730 2417 3790 wie
2441 3733 2576 3793 Veilchen
2624 3734 2647 3794 im

1543 3758 1639 3818 März
1668 3759 1736 3819 oder
1765 3761 1821 3821 wie
1850 3761 1901 3821 das
1935 3767 2026 3827 Haar
2055 3767 2105 3827 der
2134 3770 2287 3830 Geliebten

1642 3806 1892 3866 Möglicherweise
1930 3810 2017 3870 wirst
2043 3812 2080 3872 du
2118 3816 2193 3876 dann
2237 3821 2368 3881 plötzlich
2413 3824 2443 3884 zu
2475 3825 2575 3885 fühlen
2613 3825 2662 3885 be¬

1547 3851 1674 3911 ginnen,
1697 3854 1749 3914 daß
1790 3857 1905 3917 Namen
1940 3857 1997 3917 und
2033 3863 2148 3923 Zahlen

1638 3899 1756 3959 Wien
1789 3902 1868 3962 nicht
1895 3905 2059 3965 erschöpfen
2086 3913 2171 3973 ...

2298 3913 2413 3973 Paul
2436 3919 2616 3979 Kriser.

1595 4049 1844 4109 Abschied
1896 4054 1995 4114 von
2057 4060 2298 4120 unserem
2369 4063 2619 4123 Dichter.

1643 4119 1825 4179 Verregnete
1856 4125 2051 4185 Augusttage
2081 4128 2104 4188 im
2152 4131 2264 4191 reizend
2300 4134 2453 4194 gelegenen
2496 4137 2654 4197 Städtchen

1555 4167 1734 4227 Gmunden.
1756 4170 1819 4230 Auf
1846 4170 1892 4230 der
1914 4174 2168 4234 Kurpromenade
2195 4179 2237 4239 ist
2258 4179 2284 4239 es
2317 4181 2380 4241 trüb
2412 4182 2464 4242 und
2497 4184 2565 4244 kalt
2597 4185 2654 4245 und
