3436 4128
275 628 519 688 literarischer

227 673 249 733 s
277 676 315 736 ist
338 676 503 736 gestorben

218 724 293 784 nes
340 727 503 787 Lächelns

223 771 392 831 ngstvoll
413 772 507 832 süßen

240 821 518 881 verglühender

230 869 309 929 hied
338 870 457 930 nahm.

218 915 253 975 s
283 918 354 978 war
384 920 513 980 Arthur

221 965 280 1025 is,
322 966 382 1026 das
436 968 512 1028 war

234 1013 501 1073 Erschütterung

224 1062 290 1122 scher
341 1063 407 1123 und
458 1064 513 1124 be¬

218 1112 307 1172 ns,
355 1115 414 1175 daß
474 1115 509 1175 er

220 1164 254 1224 ß
282 1162 501 1222 hingegebene

252 1210 399 1270 anderes
456 1212 506 1272 ge¬

224 1259 292 1319 auf
315 1261 429 1321 Wien,
453 1261 510 1321 auf

227 1309 364 1369 mernde
406 1309 501 1369 Wien

280 1357 346 1417 auf
395 1356 503 1416 dieses

217 1404 412 1464 lühende,

235 1455 394 1515 Träume
440 1455 502 1515 und

212 1502 339 1562 Stadt.

214 1550 272 1610 er,
302 1550 401 1610 dafür
449 1549 506 1609 ge¬

214 1598 351 1658 Prechen
381 1598 443 1658 wir
467 1598 495 1658 es

210 1645 337 1705 Reben.
360 1647 403 1707 Er
432 1649 503 1709 war

211 1697 425 1757 Halanterie,
449 1697 496 1757 die

212 1747 344 1807 ganz,
364 1747 407 1807 die
433 1743 502 1803 jetzt

259 1794 389 1854 sinken,
428 1795 492 1855 sind

213 1890 317 1950 die
338 1893 498 1953 Freunde

214 1940 260 2000 rz
290 1938 360 1998 war
390 1941 466 2001 läng

206 1988 352 2048 Aufbruch
380 1988 435 2048 hat
464 1986 491 2046 es

204 2034 254 2094 es
282 2035 383 2095 unter
429 2037 490 2097 uns

215 2086 475 2146 vorzudringen

212 2132 247 2192 e
291 2133 389 2193 Welt
432 2134 487 2194 von

204 2180 385 2240 lmählich
421 2183 496 2243 aber

208 2231 237 2291 .
256 2228 303 2288 Er
327 2234 493 2294 entfernte

204 2279 286 2339 End,
306 2279 370 2339 mit
394 2282 483 2342 leisen

208 2329 257 2389 ho
301 2329 394 2389 griff
439 2331 480 2391 be

210 2424 251 2484 it
300 2426 368 2486 war
424 2428 492 2488 um.

262 2474 313 2534 die
346 2476 493 2536 „Gesell¬

228 2520 364 2580 schrieb,
403 2523 489 2583 nicht

212 2571 261 2631 b,
294 2573 382 2633 weil
421 2574 483 2634 sein

202 2621 490 2681 serettenseligkeit

231 2670 345 2730 längst
368 2670 476 2730 wegen

202 2717 250 2777 der
275 2717 323 2777 die
372 2717 487 2777 Musik

201 2765 248 2825 sich
280 2765 387 2825 sanfte
418 2768 483 2828 und

205 2813 289 2873 ieses
344 2816 477 2876 Adagio

210 2866 245 2926 en
282 2864 370 2924 hatte
395 2867 477 2927 keine

207 2911 285 2971 lang
340 2915 404 2975 sie,
447 2915 476 2975 in

208 2959 402 3019 istergeige,
421 2961 457 3021 un

279 3013 483 3073 Trommel¬

214 3060 474 3120 schwindenden

206 3154 286 3214 lick,
303 3156 416 3216 gerade
449 3159 472 3219 in

196 3203 328 3263 seutsche
369 3205 474 3265 Buch¬

226 3252 382 3312 kurzem,
424 3256 458 3316 di

190 3297 222 3357 r
243 3300 275 3360 in
310 3302 355 3362 die
383 3302 475 3362 Aus¬

198 3348 455 3408 Boykotteine

194 3395 260 3455 letzt
290 3401 469 3461 rechtzeitig

186 3446 350 3506 Aufsehen
386 3449 474 3509 wäre

192 3493 288 3553 Ziesen
319 3497 464 3557 einzigen

200 3542 364 3602 erfüllen.
407 3547 474 3607 Die

190 3590 268 3650 ung
349 3595 474 3655 brennt

202 3687 313 3747 wird
339 3691 369 3751 ja
395 3694 456 3754 nun

201 3736 254 3796 sich
286 3738 383 3798 sogar
415 3741 469 3801 der

194 3786 293 3846 ßten
330 3789 444 3849 Seelen

200 3837 345 3897 rößten,
363 3838 465 3898 seinen

186 3884 325 3944 unktur
372 3888 465 3948 hatte

582 125 713 185 immer
736 130 855 190 wieder
879 133 1031 193 Abschied
1054 136 1184 196 nehmen
1218 139 1338 199 mußte,
1361 137 1425 197 denn

1479 142 1651 202 schatteten
1681 148 1882 208 Bitterfüße
1921 149 1987 209 auf
2018 150 2065 210 dem
2114 155 2324 215 Tagesreper

575 170 662 230 seine
694 176 824 236 eigene,
850 179 953 239 heiter
980 183 1166 243 gaukelnde
1198 186 1332 246 Jugend
1369 182 1436 242 ent¬

1471 189 1564 249 toire
1591 189 1647 249 der
1668 194 1834 254 Jeunesse
1861 195 1959 255 dorè.

2442 213 2467 273 2

2666 218 2965 278 Vanzpalast

567 219 738 279 schwand,
759 225 848 285 ganz
874 228 999 288 anders
1035 228 1087 288 als
1119 232 1207 292 sonst
1229 234 1369 294 Jugend
1400 232 1426 292 zu

3077 231 3105 291 2

1558 237 1689 297 Arthur
1715 241 1892 301 Schnitzler
1918 245 2019 305 selbst
2040 246 2202 306 entwuchs
2239 249 2339 309 dieser

562 268 809 328 entschwinden
867 275 995 335 pflegt.
1037 278 1129 338 Denn
1192 282 1295 342 dieses
1331 282 1439 342 heiße,

1475 286 1724 346 schicksalhaften
1761 291 1995 351 Popularität
2038 297 2233 357 allerdings
2265 297 2334 357 sehr

562 315 757 375 heimliche,
800 321 905 381 dieses
958 326 1164 386 himmlische
1191 329 1322 389 Lächeln
1376 328 1433 388 auf

1471 336 1579 396 rasch.
1615 335 1723 395 Seine
1755 339 1945 399 Tragödien
2002 342 2115 402 reiften
2147 345 2177 405 in
2208 346 2337 406 histori¬

2722 348 3080 408 VILLON

562 362 706 422 tausend
742 368 1042 428 Mädchenlippen,
1063 374 1166 434 dessen
1202 377 1341 437 Sänger
1368 375 1424 435 und

1475 383 1557 443 sches
1593 383 1670 443 Maß
1708 384 1769 444 und
1805 386 1831 446 in
1867 389 2126 449 psychologische
2157 392 2337 452 Abgrund¬

2485 380 2522 440 I.
2544 386 2761 446 Walfischgasse
2790 395 2832 455 11.
2883 398 2932 458 Tel
2962 399 2974 459 R
3004 401 3125 461 21-0-29

565 408 725 468 Causeur
772 414 803 474 er
829 416 994 476 gewesen,
1031 422 1207 482 erneuerte
1249 424 1300 484 sich
1347 422 1429 482 nicht

1466 429 1561 489 tiefe.
1604 431 1679 491 Nur
1727 434 1791 494 das
1840 436 1977 496 richtige
2005 440 2154 500 gesalbte
2182 443 2341 503 Theater¬

564 455 679 515 mehr.
707 461 790 521 War
817 463 870 523 die
902 465 997 525 Welt
1024 469 1108 529 älter
1141 471 1315 531 geworden
1353 470 1410 530 ode

1471 479 1590 539 pathos
1621 480 1678 540 hat
1704 482 1735 542 er
1761 483 1813 543 nie
1839 485 1984 545 gelernt.
2005 487 2124 547 Selbst
2145 489 2227 549 seine
2254 490 2336 550 Her¬

558 502 643 562 war
668 509 769 569 dieses
805 511 891 571 Wien
931 513 981 573 der
1008 517 1083 577 hold
1113 521 1411 581 besinnungslosen

1466 527 1546 587 zöge
1572 527 1698 587 blieben
1730 531 1938 591 Charmeure
1964 534 2024 594 vom
2070 536 2202 596 Wiener
2228 539 2329 599 Korso

2679 536 2904 596 TANZ

558 551 621 611 der
653 556 785 616 tragisch
817 562 1043 622 leichtfertigen
1081 565 1170 625 Liebe
1202 569 1334 629 wirklich
1366 568 1424 628 nur

1465 572 1526 632 der
1553 576 1656 636 Seele
1709 577 1771 637 und
1802 579 1890 639 seine
1917 583 2160 643 leidgekrönten
2202 586 2327 646 Frauen

566 598 682 658 Vision
715 604 817 664 seines
849 607 1030 667 Dichters:

1463 623 1607 683 machten
1644 625 1720 685 fünf
1747 628 1901 688 Minuten
1943 630 2004 690 vor
2035 631 2086 691 dem
2133 637 2324 697 Untergang

2434 637 3164 697 AITRARNNONEN

630 652 811 712 Tausende
885 657 994 717 haben
1072 661 1181 721 daran
1250 664 1421 724 geglaubt

1465 668 1540 728 noch
1576 672 1625 732 die
1656 676 1964 736 einwandfreiesten
2000 682 2201 742 Honneurs.

2423 682 2536 742 Larys
2568 682 2609 742 de
2635 688 2733 748 Roy.
2755 690 2827 750 Lise
2853 690 2925 750 otte
2962 694 3055 754 Arfl,
3081 694 3174 754 Ellen

558 699 743 759 Schnitzler
790 703 867 763 war
914 707 1002 767 keine
1034 709 1152 769 Mode,
1194 712 1229 772 er
1277 715 1348 775 war
1375 715 1426 775 die

1549 720 1651 780 Diese
1701 727 1863 787 tadellose
1891 730 2043 790 Eleganz
2092 733 2146 793 des
2179 734 2325 794 Herzens

2429 731 2591 791 Gadeau.
2619 736 2721 796 Lilian
2760 739 2879 799 Vally.
2902 741 2944 801 La
2978 742 3043 802 Lea
3076 745 3189 805 Litta,

2422 780 2497 840 Lily
2541 783 2676 843 Rejan.
2709 783 2779 843 Joe
2818 786 2958 846 Sarsky
3002 789 3072 849 und
3116 791 3180 851 das

660 788 810 848 Mrgen
847 793 987 853 soricht
1014 795 1055 855 an
1092 795 1210 855 dieser
1232 799 1336 859 Stelle
1373 803 1429 863 der
1456 809 1684 869 Modenchef
1711 812 1773 872 der
1794 813 1887 873 Tiller
1914 814 2012 874 A-G.
2028 816 2100 876 Mai
2122 819 2220 879 ahilf,
2241 819 2282 879 0b

2612 834 2729 894 große
2762 834 2965 894 Programm

665 839 695 899 „1
717 837 809 897 Rese
841 842 965 902 va-Kra
996 846 1058 906 en,
1089 846 1104 906 2
1141 849 1395 909 Manschetten
1442 853 1509 913 aus
1540 857 1602 917 der
1639 863 1851 923 englischen
1888 866 2053 926 Tasche"
2089 869 2156 929 und
2203 872 2332 932 „5mal

2444 885 2565 945 Kapelle
2590 888 2705 948 Astorla
2730 891 2802 951 Band
2828 891 2882 951 mit
2901 894 3028 954 Maestro
3053 894 3162 954 Dublni

663 885 897 945 Hangarbelt
923 889 938 949 —
995 888 1010 948 —
1067 894 1143 954 Dis
1174 900 1434 960 ,uosichtbare'
1460 905 1603 965 Hemd"

2452 932 2677 992 räglich
2730 936 3146 996 Fünt-Uhr-Tee

588 1129 1058 1189 Arthur
1143 1141 1882 1201 Schnitzlers
1967 1154 2664 1214 Darsteller
2749 1166 2869 1226 an
2996 1168 3178 1228 der

1089 1311 1506 1371 Dähre
1598 1318 1940 1378 ihres
2063 1328 2630 1388 Sichlert

1455 1404 1488 1464 in
1517 1407 1567 1467 dem
1607 1409 1652 1469 die
1675 1407 1822 1467 Freunde
1845 1412 2048 1472 Schnitzlers,
2065 1416 2155 1476 unter
2178 1419 2307 1479 anderen

803 1416 961 1476 Raoul
1001 1419 1140 1479 As'an

2361 1417 2419 1477 als
2446 1420 2516 1480 auch
2562 1424 2620 1484 den
2653 1427 2794 1487 Theodor
2853 1429 2879 1489 in
2918 1431 3209 1491 „Lebendigen

1455 1449 1573 1509 Namen
1612 1453 1781 1513 natürlich,
1807 1455 1976 1515 austreten.

2361 1464 2592 1524 Stunden"
2621 1466 2677 1526 und
2712 1469 2757 1529 als
2791 1471 2955 1531 Regisseur
2984 1474 3056 1534 habe
3080 1473 3119 1533 ich
3148 1476 3215 1536 auch

625 1464 690 1524 Die
718 1467 878 1527 Nachricht
906 1469 960 1529 vom
1005 1470 1088 1530 Tode
1122 1476 1308 1536 Schnitzlers
1359 1482 1413 1542 hat

2365 1505 2439 1565 noch
2485 1510 2837 1570 „Marionetten"
2882 1516 2941 1576 und
2987 1519 3099 1579 „Ruf
3137 1520 3211 1580 des

551 1512 624 1572 mich
672 1512 698 1572 so
730 1512 787 1572 wie
814 1513 898 1573 jeden
941 1515 1072 1575 anderen
1105 1518 1246 1578 Künstler
1274 1524 1410 1584 schmerz¬

1722 1530 1803 1590 Lilt
1832 1534 2041 1594 Marberg

2349 1547 2550 1607 Lebens"
2584 1553 2769 1613 inszeniert.

541 1551 600 1611 lich
633 1556 708 1616 nahe
736 1556 881 1616 berührt.
914 1558 957 1618 Es
990 1559 1022 1619 ist
1049 1561 1114 1621 eine
1141 1565 1216 1625 ganz
1244 1569 1406 1629 besondere

1520 1575 1582 1635 Nie
1611 1579 1708 1639 werde
1738 1580 1771 1640 ich
1800 1581 1845 1641 die
1875 1584 2052 1644 Gestalten,
2070 1587 2115 1647 die
2145 1589 2310 1649 Schnitzler

2439 1594 2609 1654 Schnitzler
2633 1597 2695 1657 war
2719 1600 2772 1660 mir
2796 1600 2835 1660 ein
2859 1600 2959 1660 lieber
2976 1603 3060 1663 guter
3084 1604 3223 1664 Freund,

543 1598 677 1658 Tragik,
716 1601 769 1661 daß
808 1601 835 1661 in
868 1601 965 1661 dieser
992 1605 1078 1665 Zeit,
1100 1607 1128 1667 in
1161 1609 1209 1669 der
1242 1612 1295 1672 wir
1323 1615 1409 1675 mehr

1453 1619 1535 1679 schuf
1567 1621 1623 1681 und
1660 1621 1706 1681 die
1738 1623 1779 1683 ich
1810 1624 1841 1684 in
1878 1628 2032 1688 mehreren
2074 1633 2173 1693 seiner
2204 1634 2312 1694 Stücke

2357 1632 2420 1692 mit
2441 1634 2489 1694 dem
2532 1637 2568 1697 ich
2595 1637 2648 1697 von
2681 1642 2803 1702 Jugend
2830 1642 2866 1702 an
2898 1643 2957 1703 viel
2978 1647 3217 1707 Gemeinsames

546 1642 624 1702 denn
654 1646 684 1706 je
709 1646 861 1706 Menschen
896 1650 1044 1710 brauchen
1079 1651 1133 1711 und
1168 1655 1226 1715 uns
1256 1657 1290 1717 an
1320 1660 1389 1720 Men

1455 1661 1542 1721 geben
1574 1663 1692 1723 durfte,
1713 1667 1883 1727 vergessen.
1904 1673 1960 1733 Ich
1987 1673 2094 1733 spielte
2126 1676 2182 1736 mit
2209 1679 2285 1739 Harr

2357 1679 2473 1739 gehabt
2495 1681 2584 1741 habe.
2601 1682 2654 1742 Ich
2681 1684 2818 1744 entsinne
2840 1685 2908 1745 mich
2936 1687 2967 1747 an
3000 1688 3063 1748 eine
3090 1690 3222 1750 Privat¬

545 1688 619 1748 schen
656 1691 751 1751 halten
804 1692 941 1752 müssen,
979 1696 1025 1756 die
1053 1697 1158 1757 geistig
1185 1700 1247 1760 und
1290 1704 1401 1764 seelisck

1452 1706 1625 1766 Walden
1658 1712 1827 1772 gemeinsam
1866 1713 1892 1773 in
1925 1719 2301 1779 „Zwischenspie!“

2353 1721 2544 1781 vorstellung
2575 1724 2606 1784 in
2642 1726 2694 1786 der
2725 1727 2890 1787 Wohnung
2922 1730 3108 1790 Schnitzlers
3160 1732 3216 1792 vor

538 1732 724 1792 Oesterreich
761 1737 958 1797 angehören,
990 1739 1054 1799 eine
1091 1743 1181 1803 solche
1219 1747 1394 1807 Persönlich

1445 1747 1520 1807 dann
1562 1749 1612 1809 bei
1643 1750 1693 1810 der
1729 1756 1974 1816 Uraufführung
2030 1759 2080 1819 des
2122 1762 2299 1822 „Weiten

2354 1759 2391 1819 36
2424 1765 2565 1825 Jahren.
2593 1767 2728 1827 Damals
2767 1770 2891 1830 spielten
2930 1772 2988 1832 wir
3022 1774 3222 1834 „Abschieds¬

542 1780 601 1840 keit
628 1780 773 1840 verlieren
811 1783 951 1843 müssen.

1439 1792 1584 1852 Land"
1623 1795 1681 1855 und
1736 1798 1898 1858 schließlich
1936 1802 1963 1862 in
2007 1804 2298 1864 „Schwestern"

2350 1807 2500 1867 souper",
2516 1808 2565 1868 die
2588 1813 2673 1873 Rolle
2703 1815 2752 1875 der
2775 1815 2860 1875 Anni
2890 1816 2940 1876 gab
2962 1818 3055 1878 Adele
3077 1818 3213 1878 Sand¬

614 1834 676 1894 Als
705 1836 927 1896 Schauspieler
968 1840 1047 1900 habe
1070 1841 1110 1901 ich
1157 1841 1184 1901 in
1219 1846 1401 1906 Schnitzlers

1448 1830 1515 1890 Alle
1546 1835 1702 1895 Figuren,
1728 1840 1769 1900 die
1801 1842 1837 1902 ich
1869 1845 2049 1905 verkörpern
2082 1848 2184 1908 sollte,
2206 1849 2304 1909 waren

2351 1852 2457 1912 rock.

542 1879 669 1939 Stücken
701 1882 991 1942 verhältnismäßig
1019 1888 1118 1948 wenig
1151 1888 1293 1948 gespielt.
1325 1893 1404 1953 Aber

1445 1878 1631 1938 unheimlich
1663 1882 1835 1942 lebensnah
1871 1887 1932 1947 und
1968 1890 2048 1950 nicht
2079 1891 2140 1951 nur
2171 1891 2221 1951 für
2252 1894 2302 1954 das

2428 1896 2524 1956 Heute
2547 1897 2591 1957 ist
2614 1897 2666 1957 das
2697 1900 2771 1960 alles
2802 1902 2950 1962 vorüber.
2967 1903 3010 1963 Es
3041 1906 3107 1966 gibt
3131 1907 3212 1967 keine

1451 1923 1637 1983 Publikum,
1663 1925 1788 1985 sondern
1825 1927 1890 1987 auch
1926 1930 1976 1990 für
2007 1932 2056 1992 den
2093 1935 2309 1995 Schauspieler

544 1924 573 1984 es
603 1925 666 1985 war
691 1926 750 1986 mir
775 1926 888 1986 immer
913 1928 976 1988 eine
1001 1930 1168 1990 besondere
1193 1934 1330 1994 Freude,
1350 1938 1403 1998 mit

2351 1938 2617 1998 Süßen=Mädel=
2641 1942 2696 2002 und
2731 1943 2805 2003 keine
2834 1945 3128 2005 Anatol=Naturen.
3146 1948 3213 2008 Und

1448 1962 1503 2022 tief
1523 1967 1710 2027 ergreifend.
1732 1968 1848 2028 Arthur
1869 1974 2041 2034 Schnitzler
2062 1977 2112 2037 hat
2137 1977 2193 2037 mit
2214 1979 2289 2039 jeden

542 1969 706 2029 Schnitzler
733 1971 758 2031 zu
795 1974 949 2034 arbeiten.
970 1974 1011 2034 Er
1032 1976 1088 2036 hat
1110 1977 1155 2037 sich
1182 1980 1228 2040 als
1254 1983 1403 2043 außer¬

2355 1983 2419 2043 jetzt
2466 1986 2537 2046 gibt
2583 1983 2615 2043 es
2655 1988 2719 2048 auch
2759 1989 2850 2049 keinen
2890 1990 3013 2050 Arthur
3046 1994 3209 2054 Schnitzler

1444 2006 1542 2066 seiner
1568 2010 1676 2070 Stucke
1706 2012 1805 2072 meine
1830 2017 2033 2077 künstlerische
2063 2022 2309 2082 Vervollkomm¬

532 2016 839 2076 ordentlicher
877 2021 1120 2081 Regisseur
1157 2025 1321 2085 erwiesen,
1354 2026 1401 2086 als

2351 2025 2507 2085 mehr...

1441 2049 1522 2109 nung
1548 2052 1705 2112 gefördert
1726 2057 1786 2117 und
1812 2058 1894 2118 einen
1920 2064 2199 2124 unauslöschlichen
2230 2067 2306 2127 Ein¬

540 2060 705 2120 wirklicher
731 2062 855 2122 Führer
902 2064 953 2124 der
985 2069 1217 2129 Schauspieler,
1259 2071 1310 2131 der
1352 2073 1392 2133 ein

1439 2094 1529 2154 druck
1558 2099 1783 2159 hinterlassen.

2614 2109 2765 2169 Maria
2802 2109 2962 2169 Mayen

538 2105 640 2165 feines
672 2106 738 2166 Ohr
770 2108 852 2168 hatte
883 2108 934 2168 für
966 2111 1017 2171 den
1054 2112 1161 2172 Willen
1198 2115 1249 2175 des
1286 2116 1399 2176 Schau¬

538 2150 685 2210 spielers.
734 2151 791 2211 Ich
823 2153 966 2213 erinnere
998 2154 1066 2214 mich
1104 2158 1188 2218 noch,
1215 2159 1267 2219 daß
1299 2161 1336 2221 ich
1368 2160 1394 2220 in

2425 2153 2506 2213 Mein
2565 2158 2666 2218 letztes
2705 2160 2985 2220 Schnitzler=Stück
3011 2165 3080 2225 war
3114 2168 3214 2228 „Ko¬

1446 2174 1622 2234 Leopold
1659 2177 1872 2237 Kramer,
1899 2180 1960 2240 der
1997 2183 2103 2243 erste
2139 2186 2280 2246 Analo

539 2194 635 2254 seiner
690 2198 922 2258 „Komödie
967 2198 1042 2258 der
1080 2204 1367 2264 Verführung

2349 2198 2496 2258 mödie
2520 2199 2584 2259 der
2614 2206 2938 2266 Verführung".
2956 2210 3121 2270 Schnitzler
3145 2213 3209 2273 war

1509 2225 1562 2285 Ich
1589 2226 1664 2286 habe
1691 2229 1771 2289 viel,
1788 2231 1830 2291 ost
1858 2231 1916 2291 und
1943 2234 2034 2294 gerne
2062 2237 2088 2297 in
2121 2240 2302 2300 Schnitzler¬

544 2238 601 2298 nur
633 2240 696 2300 sehr
723 2243 923 2303 widerwillig
955 2243 1003 2303 die
1035 2246 1119 2306 Rolle
1151 2248 1204 2308 des
1236 2252 1394 2312 Falkenier

2351 2238 2400 2298 bei
2421 2243 2471 2303 den
2502 2243 2623 2303 Proben
2659 2248 2820 2308 anwesend
2846 2250 2906 2310 und
2937 2250 2962 2310 es
2993 2253 3057 2313 war
3084 2253 3124 2313 ein
3154 2253 3214 2313 un¬

1438 2267 1562 2327 Stücken
1594 2272 1739 2332 gespielt.
1761 2271 1813 2331 Ich
1839 2274 1906 2334 war
1927 2277 2016 2337 sein
2047 2282 2177 2342 erster
2204 2284 2302 2344 Ana¬

537 2285 757 2345 übernommen
793 2287 878 2347 habe.
909 2289 1029 2349 Arthur
1055 2293 1225 2353 Schnitzler
1251 2295 1306 2355 hat
1326 2297 1391 2357 mich

2350 2285 2487 2345 erhörtes
2519 2288 2667 2348 Erlebnis
2694 2291 2747 2351 für
2769 2294 2826 2354 uns
2854 2294 2912 2354 alle
2944 2294 3002 2354 Die
3024 2296 3135 2356 Arbeit
3157 2298 3209 2358 mit

1430 2310 1513 2370 tol,
1539 2314 1596 2374 und
1633 2313 1680 2373 die
1712 2316 1894 2376 Gestaltung
1931 2320 2029 2380 dieser
2061 2323 2150 2383 Rolle
2182 2324 2217 2384 ist
2244 2325 2301 2385 mir

2348 2326 2399 2386 ihm
2446 2330 2518 2390 war
2549 2330 2580 2390 so
2617 2333 2777 2393 wertvoll,
2819 2337 2890 2397 man
2948 2337 3061 2397 konnte
3093 2341 3190 2401 seinem

537 2329 608 2389 nach
640 2331 696 2391 und
727 2331 794 2391 nach
825 2332 922 2392 davon
960 2335 1139 2395 überzeugt,
1165 2339 1216 2399 daß
1253 2340 1288 2400 ich
1320 2340 1391 2400 diese

1441 2351 1485 2411 ein
1516 2356 1768 2416 unvergeßliches
1798 2362 1965 2422 Erlebnis.
1985 2365 2060 2425 Auch
2086 2368 2111 2428 in
2147 2368 2201 2428 fast
2222 2368 2292 2428 allen

2352 2371 2465 2431 Wollen
2498 2374 2524 2434 so
2552 2377 2605 2437 gut
2628 2378 2751 2438 folgen,
2774 2377 2822 2437 daß
2855 2378 2903 2438 die
2930 2380 3016 2440 Rolle
3039 2383 3065 2443 in
3098 2383 3189 2443 diesem

537 2374 627 2434 Rolle
653 2374 728 2434 ganz
753 2377 874 2437 meiner
900 2380 1161 2440 Individualität
1187 2384 1388 2444 entsprechen.

1437 2398 1569 2458 übrigen
1606 2401 1733 2461 Stücken
1766 2404 1951 2464 Schnitzlers
1988 2409 2067 2469 habe
2095 2412 2131 2472 ich
2169 2414 2306 2474 gespielt.

2343 2412 2440 2472 Stück
2482 2421 2513 2481 zu
2565 2419 2616 2479 den
2668 2422 2802 2482 stärksten
2849 2425 3034 2485 Eindrücken
3086 2428 3204 2488 meiner

539 2420 677 2480 gestalten
711 2421 771 2481 und
805 2422 905 2482 etwas
933 2425 1065 2485 wirklich
1099 2430 1238 2490 Schönes
1271 2434 1387 2494 schaffer

1442 2438 1486 2498 In
1520 2445 1780 2505 „Professor
1809 2451 2102 2511 Bernhardi",
2119 2456 2147 2516 in
2181 2458 2268 2518 „Fin

2339 2461 2633 2521 Bühnenlaufbahn
2667 2465 2786 2525 gehört.
2803 2465 2846 2525 Es
2880 2467 2912 2527 ist
2934 2468 2983 2528 für
3011 2470 3065 2530 uns
3098 2471 3207 2531 Künst¬

536 2464 663 2524 könnte.

1439 2485 1520 2545 und
1558 2488 1912 2548 Fliederbusch",
1956 2494 1988 2554 in
2033 2497 2288 2557 „Freiwild"

2344 2500 2389 2560 ler
2414 2502 2459 2562 ein
2490 2506 2712 2566 unersetzlicher
2738 2509 2874 2569 Verlust,
2900 2512 2980 2572 einen
3011 2513 3111 2573 Antor
3142 2513 3207 2573 ver¬

1437 2526 1489 2586 bei
1511 2529 1558 2589 der
1580 2529 1664 2589 ersten
1697 2532 1903 2592 Aufführung
1931 2536 1978 2596 des
2010 2539 2200 2599 „Grünen
2233 2542 2301 2602 Ka¬

2348 2542 2427 2602 loren
2465 2546 2491 2606 zu
2528 2547 2644 2607 haben,
2671 2550 2718 2610 der
2750 2551 2797 2611 die
2824 2554 2930 2614 Rollen
2967 2556 3025 2616 mit
3052 2559 3078 2619 so
3110 2560 3194 2620 selten

767 2558 923 2618 Gustav
970 2559 1153 2619 Waldau

1433 2571 1557 2631 kadu"
1581 2574 1643 2634 und
1673 2576 1695 2636 in
1730 2577 1970 2637 „Liebelei"
1993 2583 2118 2643 sowohl
2142 2585 2187 2645 den
2222 2586 2301 2646 Fritz

2348 2589 2550 2649 feinfühliger
2582 2595 2779 2655 Psychologie
2804 2599 2946 2659 gestaltet
2971 2601 3038 2661 hat.

676 2611 788 2671 Gustav
822 2616 951 2676 Waldau
985 2618 1024 2678 ist
1047 2619 1102 2679 seit
1131 2622 1248 2682 einigen
1283 2628 1377 2688 Tagen

634 2652 657 2712 in
691 2655 800 2715 Wien,
820 2656 881 2716 war
910 2658 995 2718 aber,
1015 2660 1072 2720 wie
1101 2661 1153 2721 von
1187 2664 1243 2724 uns
1273 2666 1382 2726 bereits

642 2694 803 2754 gemeldet,
824 2697 1026 2757 bettlägerig.
1062 2698 1112 2758 So
1144 2705 1249 2765 konnte
1296 2706 1386 2766 unser

1567 2709 1690 2769 Iin
1774 2717 2065 2777 Hause
2135 2717 2272 2777 des

2351 2722 2559 2782 toten
2645 2732 3037 2792 Dichters

645 2734 847 2794 Mitarbeiter
873 2738 928 2798 erst
949 2738 1040 2798 heute
1066 2741 1121 2801 mit
1146 2741 1191 2801 ihm
1238 2745 1389 2805 sprechen:

634 2771 691 2831 das
726 2774 842 2834 Thema
877 2776 944 2836 war
979 2778 1061 2838 durch
1100 2780 1144 2840 die
1178 2786 1386 2846 Trauernach¬

1497 2799 1588 2859 Der
1627 2800 1710 2860 Ma
1738 2803 1784 2863 er
1822 2804 1960 2864 Delitz
1989 2807 2062 2867 hat
2100 2807 2163 2867 die
2203 2809 2489 2869 Totenmaske
2518 2819 2767 2879 Schnitzlers
2805 2824 3119 2884 abgenommen

636 2813 708 2873 richt
731 2813 787 2873 von
821 2816 927 2876 gestern
961 2817 1016 2877 wie
1045 2820 1094 2880 von
1129 2824 1218 2884 selbst
1246 2825 1386 2885 gegeben.

1502 2857 1573 2917 Leo
1625 2863 1775 2923 Delitz
1820 2866 1982 2926 nimmt
2032 2870 2294 2930 Schnitzlers

609 2869 718 2929 Meine
752 2875 957 2935 Verbindung
996 2879 1023 2939 zu
1068 2882 1190 2942 Arthur
1223 2882 1389 2942 Schnitzler

2333 2875 2512 2935 nungen
2547 2879 2738 2939 angefertigt
2767 2881 2830 2941 hat,
2855 2884 2900 2944 die
2930 2887 2981 2947 vor
3011 2888 3063 2948 ihm
3104 2888 3196 2948 stehen

1422 2903 1730 2963 Totenmaske
1757 2907 1811 2967 ab.
1850 2911 2185 2971 Wunderbares
2218 2914 2293 2974 und

528 2912 593 2972 war
623 2914 688 2974 eine
714 2918 850 2978 überaus
881 2921 1041 2981 herzliche.
1062 2923 1117 2983 Ich
1148 2926 1293 2986 verdanke
1324 2925 1369 2985 ihm

2341 2915 2400 2975 und
2431 2918 2477 2978 die
2507 2920 2537 2980 er
2563 2922 2673 2982 immer
2705 2925 2815 2985 wieder
2841 2928 2972 2988 ansieht.
2993 2929 3089 2989 „Ein
3119 2930 3199 2990 tie¬

1422 2947 1800 3007 unvergeßliches
1834 2948 1958 3008 Bild,
2007 2956 2082 3016 trotz
2115 2956 2164 3016 der
2197 2958 2293 3018 Kürze

528 2959 553 3019 ja
591 2959 617 3019 so
649 2959 728 3019 viel,
750 2959 803 3019 daß
841 2963 877 3023 ich
909 2965 973 3025 jetzt
1005 2966 1084 3026 nicht
1112 2966 1169 3026 nur
1201 2968 1244 3028 ein
1281 2968 1371 3028 dichte

2332 2957 2403 3017 fer
2432 2961 2509 3021 und
2537 2968 2843 3028 umfassender
2871 2971 2988 3031 Geist
3010 2974 3060 3034 hat
3083 2975 3110 3035 in
3144 2975 3199 3035 die¬

1426 2987 1480 3047 des
1511 2992 1697 3052 Eindruckes
1728 2994 1773 3054 (da
1804 2995 1848 3055 der
1875 2997 2020 3057 Künstler
2046 2997 2091 3057 bei
2117 2999 2161 3059 der
2187 3001 2282 3061 Arbei

526 3001 634 3061 risches
664 3003 771 3063 Ideal,
791 3007 914 3067 sondern
949 3009 1017 3069 auch
1047 3010 1126 3070 einen
1161 3013 1386 3073 wohlmeinen¬

2336 3004 2375 3064 sem
2421 3007 2540 3067 Gesicht
2569 3010 2654 3070 seine
2683 3013 2785 3073 Züge.
2825 3013 2927 3073 Alle
2962 3019 3195 3079 Gütigkeit

1425 3032 1505 3092 nicht
1531 3037 1643 3097 gestört
1674 3036 1789 3096 werden
1831 3038 1901 3098 soll)
1933 3042 1998 3102 voll
2024 3043 2206 3103 besonderer
2237 3043 2292 3103 Ge¬

522 3043 576 3103 den
611 3046 733 3106 Freund
764 3050 901 3110 verloren
931 3054 1025 3114 habe.
1045 3055 1099 3115 Er
1124 3057 1212 3117 war
1232 3058 1296 3118 es,
1316 3058 1384 3118 der

2331 3048 2416 3108 und
2443 3052 2601 3112 Milde,
2618 3053 2670 3113 das
2697 3055 2793 3115 große
2815 3058 2994 3118 Verstehen,
3016 3060 3063 3120 das
3091 3062 3127 3122 ich
3154 3063 3185 3123 an

1427 3076 1525 3136 walt:
1545 3078 1604 3138 Die
1629 3081 1816 3141 Frühsonne
1841 3083 1866 3143 in
1901 3085 1949 3145 dem
1994 3088 2088 3148 hellen
2123 3089 2240 3149 Raum,

515 3087 617 3147 mich
644 3091 716 3151 vor
732 3094 923 3154 sechzehn
955 3097 1120 3157 Jahren
1147 3100 1276 3160 unter
1302 3100 1369 3160 den

2331 3091 2376 3151 ihm
2427 3096 2599 3156 ebensogut
2626 3100 2742 3160 immer
2773 3100 2889 3160 wieder
2920 3105 3067 3165 gefunden
3108 3107 3199 3167 habe,

1420 3117 1474 3177 dem
1519 3121 1568 3181 der
1618 3122 1682 3182 tote
1727 3126 1850 3186 Dichter
1895 3128 1988 3188 liegt,
2013 3129 2057 3189 die
2087 3132 2284 3192 behutsamer

518 3132 730 3192 Eindruck
751 3138 917 3198 meines
949 3140 1120 3200 Anatol
1141 3144 1216 3204 ans
1247 3144 1383 3204 Burg¬

2331 3133 2391 3193 wie
2422 3136 2482 3196 alle
2514 3139 2564 3199 die
2600 3141 2752 3201 anderen,
2783 3144 2828 3204 die
2860 3147 3032 3207 Schnitzler
3063 3150 3194 3210 gekannt

1420 3165 1633 3225 Malerhände
1688 3167 1747 3227 und
1787 3169 1831 3229 die
1867 3170 1975 3230 Hände
2025 3174 2124 3234 seines
2164 3177 2282 3237 Helfer¬

513 3174 691 3234 theater
719 3183 907 3243 bringen
946 3186 1102 3246 wollte

2333 3180 2453 3240 haben,
2468 3181 2533 3241 war
2560 3183 2584 3243 im
2625 3186 2761 3246 Leuchten
2797 3186 2841 3246 der
2867 3189 2972 3249 Augen
3004 3191 3058 3251 und
3089 3192 3114 3252 in
3144 3192 3194 3252 der

1419 3206 1502 3266 über
1532 3209 1580 3269 dem
1630 3210 1698 3270 eben
1738 3215 1939 3275 unsichtbaren
1984 3219 2096 3279 Gesicht
2126 3219 2180 3279 des
2214 3219 2292 3279 Ver¬

2328 3224 2421 3284 Linie
2447 3225 2499 3285 des
2531 3228 2691 3288 Mundes.
2712 3231 2815 3291 Dabei
2842 3231 2909 3291 aber
2936 3233 3008 3293 fand
3034 3236 3101 3296 sich,
3122 3237 3189 3297 auch

592 3228 649 3288 Die
676 3235 941 3295 Todesnachricht
968 3237 1072 3297 mußte
1104 3238 1135 3298 um
1182 3239 1213 3299 so
1240 3240 1364 3300 schmerz

1415 3251 1598 3311 storbenen,
1618 3255 1667 3315 die
1697 3256 1786 3316 hellen
1826 3258 1944 3318 Farben
1985 3261 2034 3321 der
2064 3264 2281 3324 Arbeitskittel

2331 3267 2484 3327 äußerlich
2516 3271 2659 3331 sichtbar,
2697 3273 2733 3333 da
2765 3275 2823 3335 und
2876 3276 2950 3336 dort
2978 3277 3019 3337 ein
3073 3281 3199 3341 kleiner,

519 3270 612 3330 licher
642 3275 765 3335 wirken,
790 3279 833 3339 als
868 3280 926 3340 wir
957 3282 981 3342 ja
1011 3282 1118 3342 mitten
1153 3283 1178 3343 in
1213 3285 1266 3345 den
1301 3284 1364 3344 Vor

1420 3294 1469 3354 der
1499 3297 1627 3357 Möbel,
1647 3298 1696 3358 der
1726 3301 1844 3361 Wände
1874 3303 1933 3363 und
1963 3305 2017 3365 das
2052 3306 2120 3366 leise
2150 3308 2283 3368 Funkeln

2331 3310 2426 3370 feiner
2453 3314 2517 3374 Zug
2544 3316 2596 3376 von
2623 3317 2734 3377 großer
2762 3317 2852 3377 Kraft
2873 3318 2931 3378 und
2953 3320 3069 3380 sicherem
3112 3321 3197 3381 Wil¬

515 3314 716 3374 bereitungen
747 3320 797 3380 für
828 3321 873 3381 die
904 3324 995 3384 Feier
1021 3325 1116 3385 seines
1152 3324 1197 3384 70.
1223 3326 1379 3386 Geburts¬

1420 3338 1476 3398 des
1508 3341 1621 3401 großen
1658 3344 1972 3404 Vormittagslichtes
2008 3349 2034 3409 in
2070 3350 2121 3410 der
2153 3352 2292 3412 Wasser¬

2334 3351 2395 3411 len,
2422 3356 2473 3416 den
2509 3358 2710 3418 begonnenen
2747 3360 2819 3420 Weg
2871 3362 2938 3422 nach
2975 3364 3072 3424 keiner
3099 3367 3191 3427 Seite

514 3356 598 3416 tages
628 3362 747 3422 waren.
773 3365 812 3425 Im
858 3368 1066 3428 Josefstädter
1092 3371 1225 3431 Theater
1251 3371 1369 3431 wollten

1421 3383 1547 3443 schüssel
1574 3383 1626 3443 der
1653 3389 1869 3449 Dienerin...

2328 3396 2563 3456 ausweichend,
2588 3403 2616 3463 zu
2650 3404 2808 3464 gehen...

522 3399 580 3459 und
615 3404 728 3464 werden
768 3409 822 3469 wir
852 3411 1093 3471 „Liebelei"
1123 3413 1211 3473 geben
1246 3413 1305 3473 und
1340 3413 1373 3473 ich

1488 3428 1561 3488 Leo
1593 3430 1750 3490 Delitz,
1771 3431 1828 3491 seit
1855 3434 1975 3494 Jahren
2012 3436 2069 3496 mit
2096 3437 2148 3497 der
2180 3440 2289 3500 Fami¬

2401 3441 2475 3501 Wir
2502 3442 2597 3502 haben
2634 3446 2687 3506 alle
2719 3446 2750 3506 an
2788 3449 2836 3509 ihm
2884 3449 3037 3509 gehängt,
3059 3452 3132 3512 weil
3159 3454 3185 3514 er

517 3448 615 3508 hoffe,
637 3449 688 3509 daß
714 3450 751 3510 ich
782 3452 828 3512 die
855 3454 943 3514 Rolle
969 3455 1021 3515 des
1053 3458 1250 3518 Weiring
1282 3458 1359 3518 werd

1415 3469 1455 3529 lie
1481 3470 1669 3530 Schnitzlers
1705 3473 1730 3533 in
1766 3479 2040 3539 gesellschaftlicher
2072 3479 2132 3539 und
2163 3482 2274 3542 künstle

2326 3483 2405 3543 über
2431 3487 2476 3547 die
2502 3488 2622 3548 tieferen
2653 3489 2784 3549 Gründe
2805 3491 2855 3551 der
2880 3493 2976 3553 Kunst
2997 3495 3021 3555 in
3052 3495 3102 3555 der
3127 3497 3192 3557 ein¬

514 3491 623 3551 spielen
658 3493 792 3553 können.
817 3497 1006 3557 Allerdings
1041 3499 1075 3559 ist
1106 3498 1160 3558 das
1200 3498 1264 3558 noch
1300 3499 1378 3559 nicht

1415 3511 1527 3571 rischer
1558 3515 1778 3575 Verbindung,
1803 3520 1911 3580 möchte
1936 3521 2005 3581 gern
2035 3523 2093 3583 aus
2123 3523 2172 3583 der
2197 3523 2270 3583 Füll

2322 3526 2445 3586 sachsten
2480 3529 2534 3589 und
2570 3531 2687 3591 klarsten
2722 3532 2821 3592 Weise
2851 3535 2875 3595 zu
2910 3535 3043 3595 sprechen
3074 3541 3196 3601 wußte,

518 3535 593 3595 ganz
619 3535 720 3595 sicher,
735 3537 770 3597 da
802 3540 867 3600 auch
897 3541 983 3601 Hugo
1014 3543 1191 3603 Thimig
1217 3541 1272 3601 auf
1298 3544 1373 3604 diese

1420 3553 1520 3613 seiner
1539 3559 1779 3619 Erinnerungen
1813 3562 1870 3622 und
1895 3562 1952 3622 aus
1981 3563 2028 3623 dem
2067 3566 2177 3626 großen
2207 3568 2278 3628 Mas

2323 3570 2403 3630 weil
2423 3571 2484 3631 wir
2509 3571 2560 3631 den
2591 3573 2741 3633 Eindruck
2767 3577 2883 3637 hatten,
2904 3577 2954 3637 daß
2985 3582 3086 3642 ihm,
3106 3585 3171 3645 dem

513 3574 602 3634 Rolle
630 3582 798 3642 aspiriert;
837 3581 876 3641 da
910 3586 1088 3646 Reinhardt
1139 3583 1211 3643 aber
1262 3586 1350 3646 darau

1414 3598 1513 3658 seiner
1543 3603 1756 3663 Dankbarkeit
1801 3605 1880 3665 jetzt,
1900 3605 1934 3665 da
1995 3606 2044 3666 die
2074 3610 2281 3670 Totenmaske

2318 3613 2513 3673 Dichter,
2541 3616 2683 3676 Musik
2715 3620 2794 3680 und
2832 3622 3027 3682 Malerei
3059 3626 3191 3686 durch¬

514 3620 650 3680 drängt,
672 3624 724 3684 daß
762 3626 798 3686 er
830 3626 883 3686 den
925 3629 1152 3689 Malvolio
1189 3628 1215 3688 in
1253 3631 1363 3691 „Was

1412 3641 1545 3701 trocknet
1565 3645 1627 3705 und
1666 3648 1718 3708 das
1747 3649 1987 3709 bildhauerische
2011 3652 2098 3712 Werk
2117 3652 2179 3712 noch
2208 3655 2265 3715 nich

2312 3653 2394 3713 aus
2428 3658 2534 3718 nahe
2563 3661 2800 3721 verwandt
2825 3665 3027 3725 waren...
3052 3670 3187 3730 Schnitz¬

518 3661 597 3721 Ihr
629 3665 771 3725 wollt"
804 3670 909 3730 spielt,
930 3672 1030 3732 werde
1063 3672 1210 3732 vielleicht
1237 3673 1300 3733 doch
1332 3673 1368 3733 ich

1410 3688 1439 3748 zu
1474 3685 1553 3745 sehen
1588 3690 1647 3750 und
1677 3691 1706 3751 zu
1737 3693 1899 3753 erkennen,
1919 3694 1988 3754 noch
2009 3694 2067 3754 viel
2083 3695 2220 3755 weniger
2245 3696 2269 3756 zu

2321 3699 2365 3759 ler
2396 3699 2477 3759 hatte
2503 3699 2548 3759 die
2579 3701 2776 3761 Eigenschaft
2802 3705 2848 3765 der
2879 3708 3040 3768 wirklichen
3077 3712 3187 3772 bedeu¬

515 3707 562 3767 die
593 3705 646 3765 von
683 3711 743 3771 mir
775 3713 804 3773 so
835 3716 967 3776 geliebte
998 3715 1088 3775 Rolle
1119 3714 1245 3774 spielen.

1404 3728 1585 3788 beurteilen
1615 3734 1664 3794 ist,
1684 3735 1846 3795 erzählen;
1871 3735 1900 3795 er
1925 3737 1998 3797 kann
2028 3738 2057 3798 es
2087 3738 2179 3798 nicht.
2200 3740 2273 3800 Auch

2319 3741 2429 3801 tenden
2460 3744 2514 3804 und
2540 3744 2645 3804 großen
2676 3749 2832 3809 Männer:
2853 3750 2917 3810 man
2943 3753 3013 3813 ging
3039 3754 3089 3814 von
3119 3756 3164 3816 ihm

586 3760 734 3820 Direktor
774 3764 917 3824 Geyer
962 3767 1033 3827 will
1072 3768 1281 3828 anschließend

1411 3770 1442 3830 in
1480 3770 1527 3830 ihm
1575 3777 1701 3837 schieben
1739 3778 1786 3838 sich
1818 3778 1865 3838 die
1897 3779 2002 3839 Dinge
2035 3780 2256 3840 durcheinande

2318 3786 2431 3846 immer
2468 3786 2493 3846 in
2530 3788 2638 3848 irgend
2680 3791 2762 3851 einer
2794 3792 2892 3852 Weise
2923 3796 3073 3856 beschenkt
3104 3802 3186 3862 weg.

511 3804 683 3864 „Liebelei"
709 3807 776 3867 auch
801 3810 986 3870 Schnitzlers
1011 3810 1251 3870 Lieblingsstück
1270 3813 1343 3873 „De

1410 3813 1474 3873 und
1510 3817 1571 3877 nur
1601 3817 1661 3877 mit
1693 3821 1787 3881 Mühe
1818 3821 1919 3881 findet
1950 3820 1979 3880 er
2016 3822 2060 3882 die
2091 3824 2197 3884 Worte
2228 3825 2277 3885 für

2318 3828 2424 3888 Dabei
2445 3828 2514 3888 war
2536 3833 2567 3893 es
2600 3834 2695 3894 gewiß
2727 3837 2806 3897 nicht
2828 3837 2892 3897 stets
2924 3839 2987 3899 eine
3014 3842 3184 3902 besondere

512 3846 644 3906 große
693 3854 909 3914 Wurstel",
964 3855 1005 3915 ein
1064 3855 1366 3915 Marionettenspiel

1411 3858 1460 3918 die
1486 3861 1692 3921 Schilderung
1723 3861 1773 3921 des
1799 3864 1949 3924 Gesichtes
1980 3866 2030 3926 des
2061 3868 2176 3928 Toten,
2212 3868 2267 3928 von

2316 3871 2382 3931 und
2414 3873 2578 3933 geistreiche
2625 3879 2873 3939 Formulierung
2925 3882 3007 3942 eines
3044 3886 3172 3946 Urteiles

510 3891 625 3951 geben.
643 3893 682 3953 Es
706 3896 833 3956 handelt
857 3899 903 3959 sich
932 3900 961 3960 da
991 3900 1025 3960 um
1066 3899 1106 3959 ein
1135 3899 1378 3959 Schlüsselstück,

1412 3902 1465 3962 dem
1514 3902 1546 3962 er
1579 3904 1633 3964 vor
1671 3907 1719 3967 der
1752 3910 1968 3970 Totenmaske
2001 3913 2103 3973 zwei
2136 3914 2276 3974 Zeich¬

2310 3914 2393 3974 über
2430 3918 2508 3978 einen
2551 3923 2731 3983 Menschen,
2757 3925 2835 3985 über
2866 3925 2931 3985 eine
2962 3928 3076 3988 Arbeit
3107 3933 3179 3993 oder

1619 4005 1698 4065 Das
1739 4007 1830 4067 geht
1859 4010 1944 4070 nur,
1973 4011 2075 4071 wenn
2116 4013 2194 4073 man
