3392 4352
2160 129 2388 189 Unternehmen
2414 133 2460 193 für
2486 144 2850 204 Zeitungs-Ausschnitte

2208 188 2352 248 WIEN,
2379 192 2422 252 I.,
2442 201 2719 261 WOLLZEILE
2765 213 2808 273 11

2293 242 2506 302 TELEPHON
2549 255 2719 315 R-23-0-43

2793 336 2862 396 25

1921 342 1961 402 8.
1987 337 2185 397 November
2219 334 2310 394 1931

844 354 1002 414 Neue
1042 351 1209 411 Freie
1249 351 1455 411 Presse

731 779 857 839 der
950 782 1333 842 „Neuen
1439 775 1745 835 vreien
1849 770 2311 830 Presse.

2439 919 2531 979 A.

1181 974 1309 1034 0

143 1216 915 1276 nnerungen
1046 1210 1173 1270 an
1304 1207 1820 1267 Arthur
1933 1202 2686 1262 Schnitzler.

1027 1282 1072 1342 n
1093 1279 1103 1339 V

994 1331 1058 1391 Von
1098 1339 1221 1399 Paul
1255 1336 1547 1396 Goldmann.

1879 1446 2008 1506 Ludwig
2036 1448 2239 1508 Speidel
2267 1446 2321 1506 hat
2349 1446 2403 1506 das
2431 1446 2525 1506 Werk
2560 1446 2586 1506 im
2628 1443 2838 1503 Manuskript
2867 1444 2995 1504 gelesen.

720 1461 765 1521 Er
795 1460 928 1520 glaubte
963 1458 997 1518 an
1038 1455 1125 1515 keine
1166 1455 1350 1515 unsehlbare
1386 1454 1611 1514 Wissenschaft,
1652 1453 1710 1513 ließ
1756 1451 1842 1511 keine

106 1470 144 1530 t
189 1470 253 1530 mir
298 1467 349 1527 die
389 1467 554 1527 Nachricht
600 1464 656 1524 vom

1889 1494 1929 1554 Es
1958 1497 2067 1557 machte
2097 1494 2183 1554 tiefen
2213 1494 2363 1554 Eindruck
2398 1494 2449 1554 auf
2473 1494 2548 1554 ihn,
2566 1493 2623 1553 und
2653 1493 2681 1553 er
2711 1491 2809 1551 schrieb
2844 1491 2878 1551 an
2908 1488 2988 1548 einen

716 1509 1003 1569 erbarmungslosen
1048 1503 1227 1563 Diagnosen
1271 1503 1369 1563 gelten
1413 1500 1473 1560 und
1517 1500 1636 1560 bestritt
1669 1499 1734 1559 sehr
1773 1498 1843 1558 ent¬

112 1521 195 1581 gen.
220 1515 274 1575 Ist
299 1515 328 1575 es
365 1515 437 1575 denn
474 1515 600 1575 möglich
631 1509 643 1569 —

1895 1540 2030 1600 Freund,
2051 1542 2104 1602 daß
2139 1542 2165 1602 in
2193 1542 2288 1602 diesem
2330 1541 2451 1601 Drama
2479 1539 2539 1599 aus
2567 1539 2655 1599 engen
2690 1538 2920 1598 Verhältnissen
2955 1534 2994 1594 die

721 1555 849 1615 schieden
887 1553 941 1613 dem
979 1549 1058 1609 Arzt
1090 1549 1145 1609 das
1170 1550 1280 1610 Recht,
1311 1548 1366 1608 dem
1404 1547 1551 1607 Kranken
1594 1547 1637 1607 die
1674 1545 1834 1605 Hoffnung

111 1565 185 1625 hinem
233 1561 424 1621 Bewußtsein
460 1559 523 1619 lebt
552 1559 581 1619 er
605 1556 674 1616 doch

1881 1586 1966 1646 Liebe
1997 1589 2052 1649 wie
2083 1589 2143 1649 eine
2175 1586 2321 1646 Flamme
2353 1586 2578 1646 hervorbreche.

725 1606 756 1666 zu
789 1601 917 1661 rauben.

109 1613 246 1673 saßen
277 1611 332 1671 wir
356 1610 416 1670 uns
459 1607 537 1667 nicht
556 1606 664 1666 gestern

1986 1650 2047 1710 Die
2071 1652 2194 1712 Frauen
2226 1652 2256 1712 im
2304 1651 2404 1711 Hause
2436 1650 2482 1710 des
2514 1652 2684 1712 Professors
2724 1649 2917 1709 Schnitzler:
2941 1646 3002 1706 Die

118 1658 268 1718 genüber,
292 1658 365 1718 zwei
384 1657 473 1717 junge
505 1655 679 1715 Menschen,

814 1665 878 1725 Der
926 1664 990 1724 alte
1044 1661 1202 1721 Professor
1249 1663 1419 1723 Schnitzler
1473 1661 1537 1721 war
1591 1661 1649 1721 mit
1697 1660 1831 1720 Arthurs

1889 1696 2022 1756 Mutter,
2040 1699 2109 1759 klug
2139 1698 2196 1758 und
2226 1698 2306 1758 gütig
2336 1697 2347 1757 —
2400 1699 2649 1759 ausgezeichnete
2673 1695 2847 1755 Pianistin.
2865 1696 2911 1756 Es
2935 1692 2998 1752 war

114 1709 364 1769 Interessierten?
394 1705 446 1765 Ich
476 1703 580 1763 rechne
605 1700 673 1760 nach

724 1715 928 1775 literarischen
961 1710 1143 1770 Neigungen
1183 1711 1243 1771 gar
1272 1709 1354 1769 nicht
1383 1709 1609 1769 einverstanden
1648 1708 1709 1768 und
1743 1706 1841 1766 wollte

1893 1742 1956 1802 eine
1985 1744 2118 1804 Freude,
2147 1744 2187 1804 die
2217 1744 2338 1804 Mutter
2373 1744 2424 1804 und
2460 1744 2512 1804 den
2547 1744 2633 1804 Sohn
2669 1741 2789 1801 Arthur
2819 1741 2998 1801 vierhändig

157 1756 255 1816 Jahre
279 1753 324 1813 her
348 1753 362 1813 —
416 1750 476 1810 doch
500 1750 529 1810 es
553 1750 605 1810 ist,
629 1749 666 1809 als

723 1759 767 1819 ihm
808 1762 887 1822 nicht
910 1757 1075 1817 erlauben,
1098 1756 1143 1816 den
1173 1756 1331 1816 ärztlichen
1366 1756 1462 1816 Beruf
1486 1754 1696 1814 aufzugeben.
1714 1753 1759 1813 Es
1788 1752 1838 1812 gab

1893 1790 2000 1850 spielen
2034 1792 2062 1852 zu
2091 1792 2204 1852 hören.
2239 1792 2300 1852 Die
2329 1791 2516 1851 Schwester,
2551 1789 2590 1849 ein
2625 1789 2795 1849 weiblicher
2824 1789 2914 1849 Geist
2948 1786 2998 1846 von

723 1807 883 1867 Konflikte
907 1806 1037 1866 zwischen
1073 1804 1166 1864 Vater
1191 1801 1250 1861 und
1274 1803 1380 1863 Sohn.
1399 1803 1469 1863 Erst
1493 1803 1535 1863 die
1559 1801 1664 1861 großen
1695 1799 1842 1859 Bühnen¬

1900 1837 2018 1897 seltener
2035 1837 2194 1897 Feinheit,
2211 1837 2352 1897 verstand
2381 1840 2426 1900 sich
2456 1837 2517 1897 mit
2535 1837 2613 1897 ihrem
2648 1835 2772 1895 Bruder
2789 1836 2908 1896 Arthur
2931 1830 3010 1890 aus¬

725 1855 835 1915 erfolge
869 1855 918 1915 des
951 1851 1061 1911 jungen
1101 1849 1244 1909 Dichters
1278 1852 1371 1912 haben
1410 1848 1459 1908 den
1494 1848 1593 1908 Vater
1621 1848 1720 1908 dapon
1753 1845 1847 1905 über¬

123 1869 178 1929 ger
203 1865 322 1925 Jahre,
347 1864 426 1924 lebte
451 1861 490 1921 ich
523 1861 546 1921 in
579 1858 666 1918 Wien

1896 1885 2057 1945 gezeichnet
2087 1885 2144 1945 und
2173 1885 2236 1945 war
2267 1885 2347 1945 seine
2376 1884 2561 1944 Vertraute.
2579 1884 2677 1944 Dann
2712 1883 2775 1943 noch
2810 1882 2857 1942 der
2886 1880 3007 1940 Bruder

724 1904 827 1964 zeugt,
867 1900 921 1960 daß
966 1899 1103 1959 Arthurs
1147 1895 1285 1955 Dramen
1335 1897 1395 1957 und
1434 1897 1582 1957 Novellen
1633 1896 1698 1956 doch
1743 1894 1836 1954 etwas

108 1912 165 1972 Hor
189 1912 444 1972 Mamroth,
468 1909 519 1969 der
561 1907 584 1967 in
625 1904 676 1964 der

1893 1930 2078 1990 Julius,
2102 1930 2148 1990 der
2177 1930 2252 1990 trotz
2276 1930 2328 1990 des
2357 1930 2484 1990 eisernen
2520 1930 2664 1990 Fleißes,
2694 1930 2751 1990 mit
2775 1930 2827 1990 dem
2868 1930 2896 1990 er
2926 1927 3007 1987 seine

729 1946 858 2006 anderes
885 1947 1009 2007 waren,
1042 1944 1090 2004 als
1129 1941 1188 2001 mit
1226 1942 1274 2002 dem
1318 1944 1414 2004 Ernst
1442 1941 1490 2001 des
1524 1942 1674 2002 ärztlichen
1707 1941 1841 2001 Berufes

105 1959 331 2019 burnalismus
372 1956 451 2016 einer
491 1953 542 2013 der
566 1953 672 2013 Besten

1895 1977 2119 2037 medizinischen
2154 1977 2286 2037 Studien
2321 1977 2454 2037 betrieb,
2483 1977 2592 2037 immer
2633 1977 2701 2037 noch
2737 1975 2805 2035 Zeit
2840 1974 2892 2034 für
2927 1971 3007 2031 seine

722 1993 799 2053 nicht
839 1994 866 2054 zu
905 1990 1138 2050 vereinbarende
1172 1990 1433 2050 Schöngeisterei.
1473 1988 1644 2048 Uebrigens
1689 1987 1755 2047 war
1795 1986 1844 2046 der

104 2007 264 2067 henblatt
288 2004 365 2064 „An
395 2004 472 2064 der
490 2001 673 2061 schönen

1893 2024 2020 2084 Violine
2044 2025 2119 2085 fand
2148 2022 2159 2082 —
2218 2025 2270 2085 für
2299 2025 2415 2085 Arthur
2445 2025 2525 2085 nicht
2555 2024 2612 2084 nur
2642 2022 2682 2082 ein
2718 2022 2856 2082 Bruder,
2880 2021 3002 2081 sondern

724 2040 783 2100 alte
808 2040 965 2100 Professor
989 2037 1153 2097 Schnitzler
1184 2037 1273 2097 selbst
1299 2040 1341 2100 ein
1372 2035 1558 2095 geistreicher
1584 2037 1704 2097 Mann,
1723 2035 1782 2095 und
1813 2034 1843 2094 es

154 2052 213 2112 das
257 2052 304 2112 als
335 2052 462 2112 Beilage
499 2051 553 2111 der
590 2047 668 2107 alten

1894 2071 1965 2131 auch
1990 2072 2032 2132 ein
2062 2070 2206 2130 Freund,
2225 2073 2286 2133 und
2317 2070 2418 2130 später
2443 2070 2491 2130 der
2516 2070 2763 2130 Schwiegersohn
2794 2067 2974 2127 Hajek¬

726 2088 760 2148 ist
784 2088 1016 2148 anzunehmen,
1039 2085 1091 2145 daß
1121 2085 1173 2145 der
1197 2085 1283 2145 Geist
1301 2085 1446 2145 Arthurs
1470 2082 1521 2142 zum
1562 2082 1632 2142 Teil
1656 2082 1707 2142 vom
1748 2082 1846 2142 Vater

99 2102 140 2162 or
183 2101 236 2161 sein
267 2100 405 2160 Gehilfe.
436 2100 496 2160 Die
533 2096 677 2156 „Schöne

1901 2116 1985 2176 heute
2012 2118 2076 2178 alle
2096 2118 2181 2178 beide
2215 2120 2305 2180 große
2332 2118 2462 2178 Wiener
2489 2118 2593 2178 Aerzte
2627 2118 2684 2178 und
2718 2115 2920 2175 Zelebritäten
2953 2115 3004 2175 von

736 2136 839 2196 geerbt
857 2136 942 2196 war,
961 2133 1012 2193 der
1036 2133 1093 2193 also
1122 2131 1214 2191 wider
1238 2132 1353 2192 Willen
1382 2130 1451 2190 dazu
1481 2130 1671 2190 beigetragen
1700 2130 1769 2190 hat,
1787 2128 1844 2188 aus

119 2150 228 2210 Jahre
254 2147 413 2207 existiert;
440 2144 484 2204 ihr
510 2144 657 2204 Verhäng

1902 2165 2165 2225 internationalem
2212 2165 2293 2225 Ruf.

730 2180 827 2240 seinem
880 2180 973 2240 Sohn
1014 2177 1100 2237 einen
1141 2177 1366 2237 Schriftsteller
1413 2177 1494 2237 statt
1541 2176 1621 2236 eines
1662 2175 1771 2235 Arztes
1818 2175 1847 2235 zu

109 2195 176 2255 sicht
207 2195 293 2255 mehr
325 2192 559 2252 lebensfähigen
590 2188 663 2248 Blat

730 2227 865 2287 machen.
883 2228 996 2288 Manch
1019 2227 1065 2287 ein
1094 2223 1258 2283 treffendes
1281 2225 1372 2285 Wort
1396 2225 1469 2285 wird
1498 2225 1549 2285 vom
1589 2222 1662 2282 alten
1697 2224 1850 2284 Professor

1985 2233 2037 2293 In
2076 2229 2228 2289 derselben
2268 2228 2558 2288 Redaktionsstube
2597 2228 2649 2288 der
2688 2226 2848 2286 „Schönen
2895 2223 3001 2283 blauen

112 2243 199 2303 tesse"
238 2243 319 2303 starb
358 2243 414 2303 ab,
453 2240 477 2300 je
515 2237 597 2297 mehr
635 2237 679 2297 die

733 2276 899 2336 Schnitzler
923 2273 1061 2333 erzählt.
1079 2273 1211 2333 Einmal
1241 2271 1338 2331 wurde
1368 2273 1396 2333 er
1426 2273 1454 2333 zu
1490 2270 1570 2330 einer
1599 2269 1841 2329 Schauspielerin

1895 2277 2060 2337 Donau",
2086 2276 2168 2336 durch
2207 2276 2251 2336 die
2284 2276 2405 2336 Arthur
2437 2274 2622 2334 Schnitzlers
2654 2274 2730 2334 Weg
2769 2273 2820 2333 zur
2852 2271 3011 2331 Literatur

106 2295 171 2355 yte,
214 2291 274 2351 und
311 2290 371 2350 mit
409 2288 456 2348 ihr
493 2288 602 2348 mußte
632 2285 680 2345 die

731 2321 880 2381 gerufen,
899 2321 946 2381 die
965 2320 1013 2380 sich
1043 2319 1127 2379 mehr
1152 2318 1235 2378 durch
1260 2318 1434 2378 Schönheit
1453 2318 1512 2378 und
1537 2318 1650 2378 Talent
1687 2318 1735 2378 als
1759 2316 1843 2376 durch

1902 2325 2025 2385 geführt
2055 2324 2155 2384 hatte,
2179 2322 2297 2382 erschien
2339 2322 2420 2382 nicht
2445 2321 2532 2381 lange
2568 2321 2680 2381 danach
2716 2319 2756 2379 ein
2798 2318 3016 2378 Gymnasiast.

115 2337 216 2397 gehen,
235 2336 283 2396 die
308 2338 337 2398 es
362 2334 500 2394 verdient
525 2333 626 2393 hätte,
645 2334 675 2394 zu

729 2361 780 2421 die
809 2367 1040 2427 Sittenstrenge
1069 2365 1147 2425 ihres
1183 2365 1448 2425 Lebenswandels
1483 2365 1709 2425 auszeichnete.
1732 2362 1788 2422 Als
1822 2363 1850 2423 er

1907 2365 1946 2425 Er
1969 2370 2025 2430 kam
2065 2368 2171 2428 gerade
2195 2368 2251 2428 aus
2280 2368 2330 2428 der
2353 2368 2483 2428 Schule,
2500 2368 2567 2428 trug
2596 2365 2668 2425 seine
2692 2365 2810 2425 Bücher
2833 2363 2923 2423 unter
2946 2361 2996 2421 dem

108 2385 311 2445 milienblatt
343 2383 429 2443 eines
473 2380 546 2440 ganz
584 2378 676 2438 neuen

1892 2414 1965 2474 Arm
2005 2416 2061 2476 und
2091 2414 2203 2474 brachte
2232 2416 2367 2476 Gedichte
2396 2410 2407 2470 —
2465 2413 2662 2473 hochbegabte
2685 2410 2826 2470 Gedichte
2850 2410 2906 2470 von
2934 2407 3013 2467 einer

733 2413 780 2473 ihr
810 2413 856 2473 die
881 2414 974 2474 Bluse
1005 2413 1104 2473 öffnen
1134 2413 1257 2473 wollte,
1288 2413 1322 2473 um
1376 2413 1422 2473 ihr
1453 2413 1534 2473 Herz
1571 2413 1599 2473 zu
1641 2411 1853 2471 untersuchen,

112 2431 124 2491 r
150 2433 200 2493 als
226 2434 270 2494 ein
303 2428 563 2488 Familienblatt.

736 2461 821 2521 hatte
845 2461 879 2521 sie
903 2461 965 2521 eine
989 2461 1075 2521 Geste
1099 2461 1318 2521 abwehrender
1341 2460 1537 2520 Keuschheit,
1555 2458 1675 2518 worauf
1699 2458 1848 2518 Professor

1894 2464 2116 2524 erstaunlichen
2153 2461 2333 2521 Frühreife.
2359 2460 2424 2520 Der
2455 2461 2606 2521 dichtende
2637 2460 2792 2520 Schulbub
2830 2458 2896 2518 war
2920 2456 3010 2516 Hugo

92 2506 156 2566 Der
192 2506 370 2566 Redaktion
423 2503 476 2563 der
518 2500 677 2560 „Schönen

742 2509 903 2569 Schnitzler
924 2506 1038 2566 sagte:
1066 2509 1147 2569 „Tun
1182 2509 1242 2569 Sie
1270 2509 1350 2569 doch,
1371 2509 1465 2569 bitte,
1479 2506 1526 2566 als
1554 2506 1634 2566 wenn
1662 2506 1715 2566 ich
1737 2507 1844 2567 kein

1896 2512 1931 2572 v.
1955 2509 2356 2569 Hofmannsthal.
2386 2507 2479 2567 Weil
2515 2508 2544 2568 er
2586 2506 2934 2566 Unannehmlichkeiten
2982 2501 3010 2561 in

96 2556 145 2616 te
178 2553 385 2613 eingesendet,
411 2551 455 2611 die
487 2547 656 2607 „Amerika

736 2552 814 2612 Arzt
845 2553 928 2613 wäre

1908 2556 1955 2616 der
1979 2556 2091 2616 Schule
2115 2555 2310 2615 befürchtete,
2328 2553 2381 2613 bat
2405 2554 2452 2614 er,
2470 2553 2517 2613 die
2541 2552 2665 2612 Poesien
2695 2550 2771 2610 nicht
2796 2550 2884 2610 unter
2908 2550 3002 2610 seinem

95 2601 136 2661 Ae
166 2601 189 2661 in
226 2601 278 2661 der
303 2598 487 2658 Erzählung
517 2596 570 2656 der
600 2592 682 2652 Lieb¬

1904 2604 2017 2664 Namen
2064 2603 2097 2663 zu
2138 2601 2403 2661 veröffentlichen.
2444 2599 2577 2659 „Gut",
2605 2599 2691 2659 sagte
2732 2598 2797 2658 man
2845 2599 2931 2659 ihm,
2965 2597 3011 2657 „st

826 2616 955 2676 Wieder
986 2616 1026 2676 ein
1056 2616 1381 2676 Erinnerungsbild:
1399 2616 1718 2676 Gesellschaftsabend
1748 2616 1771 2676 in
1807 2613 1853 2673 der

1909 2651 2026 2711 wählen
2062 2646 2121 2706 Sie
2152 2647 2192 2707 ein
2228 2646 2470 2706 Pseudonym!"
2506 2647 2546 2707 Er
2577 2645 2694 2705 wählte
2725 2643 2937 2703 irdendeines,
2961 2642 3013 2702 das

108 2651 184 2711 Ohr
227 2649 274 2709 der
298 2646 476 2706 Gelicbten,
506 2643 564 2703 auf
584 2643 630 2703 die
654 2641 683 2701 er

737 2664 904 2724 Wohnung
941 2664 989 2724 des
1020 2665 1195 2725 Professors
1226 2665 1394 2725 Schnitzler
1419 2664 1455 2724 am
1498 2664 1678 2724 Burgring.
1715 2662 1853 2722 Eifriges

1905 2697 1956 2757 ihm
1996 2696 2102 2756 gerade
2132 2694 2154 2754 in
2188 2694 2239 2754 den
2273 2694 2352 2754 Sinn
2387 2694 2437 2754 kam
2483 2691 2493 2751 —
2550 2693 2601 2753 den
2636 2691 2754 2751 Namen
2783 2691 2833 2751 des
2862 2690 3014 2750 russischen

137 2697 180 2757 ein
218 2694 466 2754 Familienblatt
499 2690 542 2750 ein
586 2689 677 2749 etwas

732 2712 886 2772 Gespräch
920 2713 941 2773 in
969 2712 1051 2772 einer
1074 2712 1222 2772 Gruppe,
1239 2712 1295 2772 aus
1328 2712 1377 2772 dem
1417 2711 1466 2771 der
1488 2711 1559 2771 tiefe
1582 2709 1763 2769 Glockenton
1797 2709 1846 2769 von

1908 2742 2060 2802 Generals
2095 2741 2185 2801 Loris
2213 2741 2388 2801 Melikow,
2411 2739 2461 2799 von
2496 2738 2546 2798 dem
2592 2738 2619 2798 in
2654 2736 2738 2796 jenen
2773 2738 2874 2798 Tagen
2908 2735 3015 2795 gerade

105 2744 139 2804 hie
163 2744 332 2804 Geschichte
362 2741 425 2801 war
456 2738 589 2798 überaus
619 2737 676 2797 reiz

738 2759 1075 2819 Sonnenthals
1103 2759 1240 2819 Stimme
1269 2757 1517 2817 herauszuhören
1551 2758 1601 2818 ist.
1623 2756 1683 2816 Mit
1712 2756 1761 2816 den
1795 2756 1838 2816 ihm

1902 2786 1947 2846 die
1977 2789 2144 2849 Zeitungen
2180 2786 2336 2846 sprachen.
2354 2786 2422 2846 Der
2446 2785 2626 2845 Redakteur
2655 2784 2741 2844 erhob
2772 2783 2823 2843 den
2853 2781 3025 2841 Einwand,

99 2794 146 2854 in
177 2792 267 2852 Arzt.
298 2790 353 2850 Ich
384 2788 486 2848 schrieb
523 2783 571 2843 ihm
626 2783 686 2843 uno

738 2806 987 2866 eigentümlichen
1039 2804 1174 2864 langen,
1214 2804 1378 2864 federnden
1435 2806 1588 2866 Schritten
1645 2804 1719 2864 geht
1764 2804 1860 2864 Ernst

1906 2837 1957 2897 daß
1998 2835 2044 2895 der
2073 2834 2171 2894 Name
2201 2834 2281 2894 eines
2310 2831 2466 2891 russischen
2501 2831 2656 2891 Generals
2686 2832 2749 2892 doch
2778 2830 2859 2890 nicht
2888 2828 2963 2888 recht
2986 2828 3015 2888 zu

95 2840 210 2900 Tages
239 2838 302 2898 trat
326 2837 366 2897 ein
395 2834 505 2894 junger
529 2832 626 2892 Mann
655 2832 678 2892 in

739 2852 997 2912 Hartmann
1058 2852 1145 2912 durch
1199 2852 1245 2912 die
1293 2852 1429 2912 Räume
1482 2852 1546 2912 (der
1589 2852 1689 2912 junge
1736 2849 1859 2909 Arthur

1903 2882 2053 2942 deutschen
2086 2882 2242 2942 Gedichten
2274 2880 2374 2940 passe.
2393 2879 2525 2939 Worauf
2551 2876 2820 2936 Hofmannsthal,
2840 2876 2890 2936 der
2909 2873 3021 2933 bereits

117 2888 248 2948 blondem
296 2884 391 2944 Haar
422 2882 480 2942 und
517 2879 695 2939 Spitzbart,

735 2899 906 2959 Schnitzler
940 2900 1077 2960 kopierte
1117 2900 1161 2960 ihn
1205 2900 1376 2960 glänzend,
1399 2899 1454 2959 wie
1482 2897 1509 2957 er
1537 2900 1653 2960 sprach,
1676 2897 1736 2957 und
1775 2897 1852 2957 seine

1910 2929 2020 2989 „Loris
2045 2927 2216 2987 Melikow"
2248 2927 2333 2987 unter
2365 2926 2438 2986 seine
2463 2926 2555 2986 Verse
2580 2926 2757 2986 geschrieben
2789 2924 2886 2984 hatte,
2906 2922 3016 2982 einfach

134 2934 158 2994 in
201 2932 250 2992 die
275 2932 354 2992 Welt
385 2931 496 2991 blickte
533 2927 588 2987 und
631 2927 686 2987 mit

739 2946 824 3006 Rede
852 2947 912 3007 mit
939 2947 1011 3007 zwei
1038 2947 1198 3007 erhobenen
1232 2947 1371 3007 Fingern
1405 2947 1591 3007 begleitete).
1611 2946 1684 3006 Und
1712 2945 1784 3005 dort
1805 2947 1864 3007 auf

1907 2977 1956 3037 den
1994 2974 2189 3034 Nachnamen
2227 2974 2421 3034 durchstrich.
2453 2972 2521 3032 Auf
2547 2971 2629 3031 diese
2655 2970 2754 3030 Weise
2793 2968 2930 3028 entstand
2969 2965 3018 3025 das

128 2980 270 3040 Stimme
302 2980 419 3040 sprach.
444 2977 493 3037 So
525 2976 618 3036 lernte
650 2973 686 3033 ich

1910 3022 2167 3082 geheimnisvolle
2210 3020 2263 3080 und
2312 3019 2539 3079 wohllautende
2582 3017 2767 3077 Pseudonym
2828 3014 2983 3074 „Loris

192 3026 267 3086 Wir
315 3025 531 3085 verabredeten
591 3022 689 3082 einige

1907 3065 1980 3125 über
2011 3065 2102 3125 dessen
2134 3064 2311 3124 Bedeutung
2348 3067 2372 3127 in
2403 3064 2458 3124 der
2484 3064 2643 3124 Literatur
2668 3064 2747 3124 über
2772 3062 3023 3122 Hofmannsthal

104 3076 130 3136 Am
194 3073 237 3133 die
265 3073 408 3133 „Schöne
436 3069 516 3129 bigue
544 3067 685 3127 Tonau¬

1898 3112 2081 3172 tiefsinnige
2108 3112 2347 3172 Vermutungen
2380 3109 2530 3169 geäußert
2553 3109 2672 3169 worden
2705 3109 2785 3169 sind.
2808 3108 2883 3168 Eine
2911 3104 3029 3164 Photo¬

109 3121 318 3181 nilienblatt,
343 3118 417 3178 aber
449 3118 485 3178 sie
523 3118 584 3178 war
622 3115 689 3175 doch

841 3154 1034 3214 Wiener
1061 3152 1382 3212 Strickkunst
1410 3152 1510 3212 fürs
1537 3150 1654 3210 Kind

1903 3158 2037 3218 graphie
2069 3155 2118 3215 des
2149 3156 2389 3216 Gymnasiasten
2420 3156 2678 3216 Hofmannsthal
2703 3153 2758 3213 mit
2789 3150 2838 3210 der
2864 3150 3035 3210 Aufschrift

106 3167 225 3227 schien.
251 3167 294 3227 In
327 3163 579 3223 Abhändlungen
618 3159 692 3219 über

2134 3201 2229 3261 seinem
2275 3201 2485 3261 Entdecker",
2512 3201 2556 3261 die
2590 3202 2640 3262 sich
2679 3201 2743 3261 noch
2782 3201 2807 3261 im
2852 3198 2948 3258 Besitz
2974 3194 3025 3254 des

1905 3203 2038 3263 „Loxis

123 3215 323 3275 angegeben
361 3213 497 3273 worden,
525 3208 682 3268 Hermann

1180 3231 1651 3291 Rodelgarnituren

1910 3252 2098 3312 ehemaligen
2130 3249 2331 3309 Redakteurs
2369 3246 2419 3306 der
2451 3247 2614 3307 „Schönen
2652 3246 2758 3306 blauen
2797 3245 2940 3305 Donau"
2979 3241 3028 3301 be¬

101 3264 227 3324 rmann
262 3261 348 3321 Bahr
378 3258 435 3318 kam
476 3261 533 3321 erst
562 3255 688 3315 später;

1912 3297 2027 3357 findet,
2045 3296 2183 3356 erinnert
2207 3296 2235 3356 an
2271 3296 2346 3356 diese
2369 3294 2513 3354 Episode.

1290 3306 1656 3366 Westerin

102 3311 161 3371 has
192 3309 313 3369 Arthur
338 3309 500 3369 Schnitzler
525 3303 694 3363 bedeutete,

101 3359 135 3419 n
165 3355 482 3415 propagandistischen
512 3352 615 3412 Elan,
633 3349 690 3409 mit

2001 3358 2051 3418 So
2083 3358 2151 3418 fand
2183 3356 2232 3416 sich
2264 3357 2439 3417 allmählich
2471 3356 2527 3416 das
2559 3354 2752 3414 zusammen,
2772 3354 2840 3414 was
2866 3354 2959 3414 man,
2978 3351 3009 3411 zu

1380 3380 1669 3440 Pullover

111 3407 168 3467 fluß
209 3405 261 3465 für
302 3402 347 3462 ihn
389 3401 562 3461 eingesetzt,
598 3396 684 3456 allein

1907 3406 2019 3466 nächst
2043 3405 2098 3465 mit
2116 3404 2200 3464 einem
2235 3404 2381 3464 Anklang
2410 3402 2460 3462 von
2494 3404 2606 3464 Spott,
2624 3400 2866 3460 „Jung=Wien"
2889 3396 3030 3456 genannt

112 3449 153 3509 die
178 3452 250 3512 erste
281 3446 559 3506 schriftstellerische
584 3444 680 3504 Arbei

1914 3454 1985 3514 hat.
2010 3452 2075 3512 Der
2112 3451 2310 3511 Spottname
2340 3449 2382 3509 ist
2413 3449 2520 3509 längst
2557 3449 2598 3509 ein
2641 3446 2821 3506 Ehrentitel
2851 3445 3031 3505 geworden.

137 3498 188 3558 der
219 3497 375 3557 „Schönen
412 3494 522 3554 blauen
552 3491 662 3551 Donau

1915 3499 2186 3559 „Jung=Wien“.
2204 3497 2273 3557 Auf
2296 3497 2376 3557 einem
2417 3497 2539 3557 Urlaub
2574 3495 2596 3555 in
2632 3494 2805 3554 Pörtschach
2840 3492 2943 3552 wurde
2973 3488 3030 3548 mir

1912 3544 1958 3604 ein
1983 3544 2259 3604 hochgewachsener
2277 3544 2382 3604 junger
2407 3541 2500 3601 Mann
2530 3540 2659 3600 gezeigt,
2672 3538 2718 3598 der
2742 3537 3030 3597 Reserveoffiziers¬

1912 3592 2041 3652 uniform
2089 3592 2177 3652 trug,
2207 3589 2283 3649 weil
2313 3589 2348 3649 er
2384 3588 2490 3648 gerade
2520 3589 2549 3649 zu
2585 3586 2661 3646 einer
2691 3586 2926 3646 Waffenübung
2962 3580 3032 3640 ein¬

113 3610 151 3670 te
168 3607 334 3667 Schnitzler
366 3604 412 3664 als
437 3605 649 3665 Assistenzarzt
666 3601 689 3661 in

1913 3639 2036 3699 gezogen
2071 3640 2155 3700 war.
2189 3637 2273 3697 „Den
2309 3634 2421 3694 müssen
2456 3634 2511 3694 Sie
2535 3632 2811 3692 kennenlernen",
2840 3631 2941 3691 wurde
2970 3625 3031 3685 mir

101 3658 136 3718 s
160 3655 337 3715 Professors
380 3652 433 3712 und
475 3649 699 3709 Regierungs¬

1045 3658 1365 3718 Leopold
1412 3651 1769 3711 Feldstein

1915 3685 2033 3745 gesagt,
2081 3685 2139 3745 „er
2169 3683 2204 3743 ist
2234 3682 2275 3742 ein
2311 3682 2523 3742 interessanter
2554 3679 2706 3739 Mensch."
2760 3680 2813 3740 Ich
2849 3676 2948 3736 lernte
2979 3675 3019 3735 ihn

108 3703 270 3763 litzler,
300 3703 368 3763 der,
398 3700 456 3760 wie
491 3697 561 3757 man
602 3698 699 3758 weiß,

1039 3715 1084 3775 IX
1149 3719 1712 3779 Währingerstrasse
1771 3712 1790 3772 6

1913 3729 2050 3789 kennen,
2073 3729 2130 3789 und
2157 3729 2188 3789 er
2210 3727 2273 3787 war
2301 3727 2326 3787 in
2353 3726 2401 3786 der
2428 3726 2491 3786 Tat
2518 3723 2560 3783 ein
2587 3723 2804 3783 interessanter
2826 3723 2963 3783 Mensch,
2985 3718 3027 3778 ein

95 3747 224 3807 Wiener
255 3747 484 3807 Laryngologen
521 3741 608 3801 war.
633 3741 685 3801 Ein

1915 3777 1980 3837 sehr
2008 3774 2219 3834 interessanter
2246 3772 2385 3832 Mensch,
2412 3774 2464 3834 und
2498 3772 2557 3832 hieß
2591 3769 2723 3829 Richard
2750 3769 3034 3829 Beer=Hoff¬

112 3798 191 3858 gen,
213 3795 260 3855 die
287 3795 419 3855 Lampen
457 3792 610 3852 brennen,
637 3789 689 3849 und

1903 3822 2046 3882 mann

105 3843 286 3903 lopfspiegel
310 3843 342 3903 an
376 3840 431 3900 der
459 3840 570 3900 Stirn,
593 3837 697 3897 unter¬

2007 3875 2246 3935 „Jung=Wien"
2298 3873 2398 3933 wuchs
2443 3870 2644 3930 allmählich,
2683 3870 2732 3930 der
2777 3868 2871 3928 Kreis
2916 3867 3029 3927 junger

751 3883 837 3943 einem
878 3882 957 3942 Sofa
985 3881 1044 3941 sitzt
1071 3881 1117 3941 die
1138 3879 1338 3939 Wolter.
1358 3881 1511 3941 Professor
1538 3876 1704 3936 Schnitzler
1731 3874 1791 3934 war
1818 3875 1871 3935 der

111 3889 170 3949 sen.
194 3890 258 3950 Dr.
282 3888 400 3948 Arthur
430 3885 594 3945 Schnitzler
619 3885 694 3945 ging

1919 3921 2138 3981 Schriftsteller
2168 3917 2335 3977 erweiterte
2370 3918 2416 3978 sich
2451 3917 2538 3977 durch
2567 3917 2624 3977 das
2660 3915 2903 3975 Hinzukommen
2944 3913 3035 3973 neuer

745 3927 822 3987 Arzt
851 3928 900 3988 der
934 3926 1244 3986 Burgschauspieler,
1273 3926 1327 3986 und
1367 3926 1400 3986 sie
1433 3926 1539 3986 kamen
1578 3923 1622 3983 als
1656 3920 1799 3980 Freunde
1833 3920 1860 3980 in

113 3938 210 3998 flößte
238 3933 325 3993 ihnen
358 3932 532 3992 Vertrauen
565 3932 602 3992 ein
641 3929 695 3989 und

1918 3968 2061 4028 Talente.
2084 3968 2161 4028 Aber
2184 3965 2217 4025 es
2239 3965 2305 4025 war
2328 3965 2410 4025 keine
2433 3962 2676 4022 Gruppierung,
2699 3962 2743 4022 die
2766 3962 2815 4022 sich
2843 3962 2898 4022 auf
2921 3959 3025 4019 Grund

753 3974 803 4034 sein
838 3976 944 4036 Haus.
968 3974 1171 4034 Sonnenthal
1195 3974 1279 4034 hatte
1302 3974 1421 4034 Arthur
1450 3971 1613 4031 Schnitzler
1636 3968 1857 4028 heranwachser

98 3983 136 4043 r
164 3983 242 4043 Arzt
275 3982 453 4042 geworden.
487 3980 564 4040 Auch
598 3977 642 4037 als
670 3977 697 4037 er

1918 4014 2000 4074 einer
2029 4013 2249 4073 gemeinsamen
2289 4010 2366 4070 Idee
2400 4009 2532 4069 gebildet
2566 4010 2665 4070 hatte.
2705 4007 2947 4067 „Jung=Wien"
2981 4002 3036 4062 be¬

747 4019 846 4079 sehen,
869 4022 985 4082 nannte
1008 4022 1057 4082 ihn
1091 4022 1252 4082 „Arthur"
1280 4020 1335 4080 und
1364 4019 1435 4079 ging
1464 4019 1607 4079 väterlich
1636 4016 1691 4076 mit
1714 4015 1757 4075 ihm
1803 4013 1835 4073 um

98 4031 311 4091 chriftsteller
335 4029 416 4089 war,
434 4025 526 4085 haben
556 4027 699 4087 Freunde

1918 4060 2036 4120 deutete
2065 4061 2149 4121 keine
2184 4059 2257 4119 neue
2286 4058 2416 4118 Schule,
2439 4055 2524 4115 keine
2553 4055 2625 4115 neue
2654 4053 2835 4113 literarische
2864 4052 3038 4112 Richtung,

748 4069 845 4129 Eines
889 4067 997 4127 Tages
1051 4067 1175 4127 brachte
1214 4065 1338 4125 Arthur
1388 4064 1441 4124 dem
1501 4064 1679 4124 väterlichen
1729 4061 1869 4121 Freunde

105 4077 187 4137 fiert.
235 4076 282 4136 Er
318 4076 424 4136 wußte
467 4074 495 4134 so
532 4075 614 4135 schön
662 4072 690 4132 zu

746 4114 953 4174 Sonnenthal
994 4113 1034 4173 ein
1069 4113 1276 4173 Manuskript
1312 4112 1323 4172 —
1393 4113 1427 4173 es
1456 4114 1519 4174 war
1555 4111 1744 4171 „Liebelei“.
1774 4109 1860 4169 Auch
1913 4109 1976 4169 wie
2011 4107 2166 4167 seinerzeit
2196 4106 2241 4166 die
2277 4106 2508 4166 Romantiker,
2531 4103 2635 4163 später
2670 4103 2715 4163 die
2751 4102 2963 4162 Naturalisten
2999 4100 3027 4160 in

99 4126 303 4186 Kröstlichsten
346 4121 411 4181 war
448 4118 526 4178 seine
551 4119 701 4179 Skepsis.
