3392 4352
226 382 319 442 2.
385 386 976 446 Schnitzler's
1043 391 1275 451 Death

1500 392 1625 452 box
1700 395 1878 455 42/9

2167 245 2664 305 E

2149 282 2169 342 1.
2181 285 2304 345 österr.
2317 291 2468 351 behördl.
2480 301 2783 361 konzessioniertes

2103 325 2338 385 Unternehmen
2367 332 2415 392 für
2444 342 2830 402 Zeitungs-Ausschnitte

2158 378 2303 438 WIEN,
2329 392 2378 452 I.,
2405 401 2689 461 WOLLZEILE
2740 409 2777 469 11

2249 440 2465 500 TELEPHON
2500 449 2677 509 R-23-0-43

2570 525 2642 585 naat

2424 551 2655 611 Reichspost,

2044 571 2263 631 Ausschnitt
2289 581 2383 641 aus:

2378 670 2448 730 93
2493 670 2634 730 OKT.
2652 681 2758 741 1931

2035 792 2152 852 vom:

2208 924 2276 984 Der
2316 927 2564 987 Dramatiker
2605 928 2836 988 Schnitzler.

2035 983 2096 1043 Als
2121 985 2157 1045 am
2207 986 2250 1046 9.
2270 986 2410 1046 Oktober
2449 987 2504 1047 des
2535 989 2657 1049 Jahres
2690 987 2769 1047 1895
2807 989 2868 1049 auf
2900 989 2955 1049 dem
3011 988 3065 1048 von

1954 1031 2155 1091 Burckhardt
2202 1031 2372 1091 geleiteten
2424 1034 2651 1094 Burgtheater
2703 1032 2832 1092 Arthur
2884 1034 3075 1094 Schnitzlers

1952 1073 2142 1133 Schauspiel
2174 1073 2349 1133 „Liebelei“
2380 1073 2406 1133 in
2442 1074 2551 1134 Szene
2577 1076 2675 1136 ging,
2696 1075 2732 1135 da
2763 1073 2892 1133 erklang
2923 1076 2980 1136 auf
3006 1073 3057 1133 dem

1951 1115 2089 1175 Theater
2131 1116 2187 1176 zum
2245 1117 2342 1177 ersten
2389 1118 2482 1178 Male
2529 1118 2621 1178 jener
2657 1118 2879 1178 wienerische,
2910 1118 3085 1178 herbsüße,

1959 1157 2122 1217 spielerisch
2155 1160 2302 1220 tragische
2330 1162 2424 1222 Ton,
2461 1161 2519 1221 den
2562 1159 2630 1219 man
2673 1161 2757 1221 schon
2805 1159 2868 1219 aus
2912 1160 2953 1220 ein
3001 1159 3080 1219 paar

1949 1203 2100 1263 Novellen
2139 1203 2187 1263 des
2220 1204 2378 1264 gleichen,
2406 1204 2530 1264 damals
2563 1204 2753 1264 33jährigen
2792 1201 2916 1261 Autors
2950 1203 3085 1263 kannte.

1953 1243 2085 1303 Gewiß,
2106 1246 2135 1306 es
2165 1246 2228 1306 war
2258 1246 2302 1306 ein
2332 1248 2449 1308 neuer,
2469 1246 2690 1306 eigenartiger
2715 1247 2783 1307 Ton
2818 1246 2876 1306 und
2906 1246 2935 1306 er
2965 1246 3078 1306 machte

1955 1287 2165 1347 aufhorchen,
2190 1288 2224 1348 er
2254 1288 2332 1348 fand
2367 1288 2494 1348 sogleich
2529 1288 2612 1348 seine
2647 1287 2808 1347 Schätzer.
2853 1286 2916 1346 Ein
2951 1287 3088 1347 drama¬

1957 1330 2059 1390 tischer
2086 1332 2264 1392 Vorgang,
2280 1333 2334 1393 der
2356 1333 2523 1393 schließlich
2556 1331 2679 1391 überall
2701 1333 2728 1393 in
2761 1331 2814 1391 der
2836 1330 2927 1390 Welt
2949 1333 3078 1393 möglich

1957 1371 2059 1431 wäre,
2081 1374 2173 1434 schien
2206 1374 2276 1434 hier
2309 1374 2394 1434 durch
2427 1374 2476 1434 die
2509 1374 2730 1434 Stimmung,
2753 1374 2780 1434 in
2818 1374 2866 1434 die
2894 1374 2925 1434 er
2954 1374 3088 1434 hinein¬

1958 1416 2161 1476 komponiert
2184 1416 2268 1476 war,
2291 1417 2353 1477 mit
2376 1418 2602 1478 erstaunlicher
2625 1417 2811 1477 Sicherheit
2834 1417 2941 1477 örtlich
2970 1416 3082 1476 fixiert

1959 1458 2015 1518 und
2072 1460 2293 1520 unmittelbar
2345 1462 2437 1522 durch
2489 1460 2710 1520 wienerisches
2767 1458 2874 1518 Wesen
2932 1461 3085 1521 bedingt.

1959 1501 2088 1561 Wenige
2116 1504 2223 1564 Jahre
2251 1506 2353 1566 später
2381 1506 2489 1566 führte
2517 1505 2575 1565 das
2603 1505 2825 1565 Burgtheater
2858 1505 2905 1565 die
2928 1503 3084 1563 Einakter

1971 1546 2201 1606 „Paracelsus"
2230 1548 2295 1608 und
2329 1548 2411 1608 „Der
2439 1549 2544 1609 grüne
2572 1547 2732 1607 Kakadu“
2760 1547 2836 1607 auf.
2859 1547 2980 1607 Damit
3003 1548 3074 1608 grif

1957 1589 2130 1649 Schnitzler
2157 1589 2325 1649 bedeutsam
2373 1592 2399 1652 in
2437 1590 2484 1650 die
2511 1590 2615 1650 Weite
2643 1589 2695 1649 der
2722 1589 2811 1649 Welt
2838 1589 2901 1649 und
2933 1591 3006 1651 löste
3033 1590 3080 1650 sich

1956 1629 2014 1689 von
2051 1631 2103 1691 der
2136 1631 2293 1691 Bindung
2331 1634 2362 1694 an
2405 1634 2604 1694 wienerische
2631 1634 2857 1694 Gegenwart.
2900 1633 2984 1693 Aber
3021 1633 3084 1693 nur

1956 1673 2056 1733 dieses
2104 1673 2177 1733 eine
2226 1676 2320 1736 Mal.
2363 1678 2558 1738 Inzwischen
2617 1676 2685 1736 war
2733 1677 2806 1737 auch
2860 1676 2912 1736 der
2960 1674 3081 1734 Zyklus

1962 1718 2121 1778 „Anatol“
2153 1718 2364 1778 entstanden,
2395 1721 2451 1781 der
2493 1720 2704 1780 bestimmend
2741 1718 2864 1778 werden
2901 1718 2988 1778 sollte
3030 1717 3086 1777 für

1959 1759 2153 1819 Schnitzlers
2185 1762 2333 1822 weiteres
2365 1762 2538 1822 Schaffen.
2587 1762 2681 1822 Denn
2718 1762 2749 1822 es
2781 1759 2823 1819 ist
2850 1762 2929 1822 schon
2961 1762 3092 1822 richtig,

1959 1804 2027 1864 was
2054 1804 2175 1864 Julius
2207 1804 2275 1864 Bab
2302 1804 2391 1864 sagt:
2413 1806 2502 1866 „Von
2534 1806 2587 1866 dem
2635 1803 2867 1863 leichtsinnigen
2904 1803 3093 1863 Melancho¬

1958 1846 2034 1906 liker
2062 1847 2206 1907 Anatol,
2223 1846 2272 1906 dem
2323 1849 2472 1909 Manne,
2490 1850 2544 1910 der
2572 1849 2599 1909 zu
2639 1846 2766 1906 wissend
2794 1849 2849 1909 ist,
2872 1849 2904 1909 um
2955 1849 2999 1909 sich
3033 1847 3093 1907 mit

1957 1888 2075 1948 Genuß
2109 1892 2140 1952 zu
2173 1891 2351 1951 betrügen,
2373 1893 2432 1953 und
2465 1894 2491 1954 zu
2530 1891 2767 1951 glaubenslos,
2789 1891 2826 1951 um
2870 1891 2999 1951 jenseits
3032 1889 3085 1949 des

1962 1933 2121 1993 Genusses
2152 1933 2252 1993 etwas
2288 1935 2312 1995 zu
2348 1933 2483 1993 wollen,
2503 1936 2558 1996 von
2594 1936 2644 1996 ihm
2689 1935 2840 1995 stammen
2875 1935 2905 1995 im
2946 1934 3085 1994 Grunde

1960 1975 2020 2035 alle
2053 1977 2312 2037 Schnitzlerschen
2351 1977 2539 2037 Gestalten,
2573 1977 2633 2037 alle
2672 1977 2937 2037 Schnitzlerschen
2970 1977 3086 2037 Stücke

1955 2019 2015 2079 ab.
2076 2020 2125 2080 Im
2176 2019 2318 2079 Grunde
2347 2019 2451 2079 stellen
2496 2022 2546 2082 sich
2579 2022 2629 2082 die
2657 2021 2800 2081 späteren
2839 2019 3087 2079 Bühnenwerke

1962 2062 2150 2122 Schnitzlers
2200 2056 2215 2116 —
2291 2063 2355 2123 mit
2383 2065 2463 2125 ganz
2491 2067 2637 2127 wenigen
2675 2064 2890 2124 Ausnahmen
2940 2062 2955 2122 —
3031 2062 3085 2122 als

1964 2106 2176 2166 Variationen
2212 2106 2309 2166 dieser
2339 2108 2482 2168 Melodie
2506 2109 2580 2169 dar.
2598 2111 2661 2171 Oft
2685 2109 2753 2169 sehr
2783 2107 2984 2167 melodische,
3002 2108 3088 2168 ihrer

1960 2149 2040 2209 Form
2095 2150 2165 2210 nach
2198 2152 2349 2212 reizvolle
2382 2150 2626 2210 Variationen.
2675 2150 2744 2210 Wie
2783 2151 2859 2211 denn
2903 2150 3091 2210 überhaupt

1960 2192 2157 2252 Schnitzlers
2191 2192 2406 2252 Formkunst,
2435 2195 2480 2255 die
2514 2194 2598 2254 seine
2633 2193 2842 2253 Prosawerke
2876 2194 3096 2254 auszeichnet,

1965 2235 2009 2295 ihm
2053 2237 2124 2297 auch
2153 2237 2208 2297 auf
2231 2237 2285 2297 dem
2330 2237 2468 2297 Theater
2496 2237 2562 2297 treu
2590 2237 2695 2297 blieb.
2712 2237 2756 2297 Es
2784 2239 2850 2299 gibt
2878 2237 2939 2297 kein
2967 2236 3099 2296 Schau¬

1968 2279 2043 2339 spiel
2071 2279 2124 2339 von
2157 2279 2243 2339 ihm,
2260 2280 2286 2340 in
2325 2280 2373 2340 dem
2422 2282 2470 2342 sich
2497 2282 2578 2342 nicht
2606 2280 2881 2340 wirkungsvolle,
2903 2282 3091 2342 dramatisch

1966 2323 2061 2383 höchst
2079 2321 2221 2381 bewegte
2250 2324 2374 2384 Szenen
2403 2324 2545 2384 fänden,
2562 2324 2624 2384 aus
2653 2324 2703 2384 den
2744 2324 2795 2384 sich
2824 2324 2908 2384 nicht
2932 2324 3090 2384 Dutzende

1967 2365 2102 2425 schöner,
2135 2365 2264 2425 kluger,
2292 2366 2415 2426 kostbar
2454 2365 2664 2425 gerundeter,
2697 2365 2962 2425 gedankentiefer
3000 2368 3091 2428 Sätze

1969 2407 2113 2467 sammeln
2149 2407 2269 2467 ließen.
2294 2410 2397 2470 Ihrer
2421 2410 2508 2470 Idee
2537 2410 2606 2470 nach
2636 2410 2710 2470 aber
2734 2410 2850 2470 kreisen
2885 2410 2919 2470 sie
2949 2411 3012 2471 fast
3036 2409 3093 2469 alle

1966 2452 2003 2512 um
2054 2452 2108 2512 den
2153 2452 2286 2512 gleichen
2325 2452 2568 2512 Mittelpunkt.
2607 2452 2656 2512 Es
2707 2453 2839 2513 scheint,
2878 2455 2938 2515 daß
2989 2455 3093 2515 dieser

1964 2494 2092 2554 Dichter
2124 2496 2178 2556 gar
2210 2494 2289 2554 nicht
2315 2495 2369 2555 den
2407 2497 2548 2557 Ehrgeiz
2573 2498 2683 2558 besaß,
2708 2497 2757 2557 sich
2788 2497 2819 2557 an
2856 2498 2973 2558 großen
3010 2496 3095 2556 Pro¬

1962 2538 2109 2598 blemen,
2136 2536 2193 2596 wie
2226 2537 2262 2597 sie
2294 2538 2478 2598 gemeinhin
2521 2540 2573 2600 den
2610 2538 2826 2598 Dramatiker
2858 2540 3026 2600 bewegen,
3053 2540 3084 2600 zu

1963 2580 2147 2640 versuchen.
2171 2580 2268 2640 Wenn
2303 2580 2372 2640 man
2401 2582 2487 2642 will,
2505 2580 2574 2640 mag
2598 2578 2672 2638 man
2701 2576 2730 2636 ia
2765 2574 2816 2634 den
2846 2575 3012 2635 Könflikt,
3030 2579 3081 2639 den

1962 2622 1994 2682 er
2038 2622 2064 2682 im
2119 2622 2308 2682 „Professor
2335 2622 2507 2682 Bernardi
2573 2619 2718 2679 zwischen
2762 2616 2816 2676 der
2855 2619 3086 2679 seelsorglichen

1966 2665 2086 2725 Pflicht
2115 2664 2203 2724 eines
2237 2664 2403 2724 Priesters
2454 2664 2514 2724 und
2548 2664 2602 2724 der
2631 2663 2803 2723 ärztlichen
2842 2664 2963 2724 Pflicht
3003 2662 3090 2722 eines

1969 2709 2172 2769 Mediziners
2206 2706 2438 2766 konstruierte,
2466 2706 2515 2766 als
2549 2706 2692 2766 Problem
2743 2706 2842 2766 gelten
2881 2706 2997 2766 lassen,
3025 2705 3091 2765 doch

1971 2752 2117 2812 erscheint
2141 2749 2174 2809 es
2203 2749 2265 2809 mit
2294 2751 2373 2811 allzu
2407 2750 2594 2810 einseitiger
2617 2748 2861 2808 Parteinahme
2889 2749 3008 2809 gelöst.
3026 2746 3093 2806 Der

1971 2795 2080 2855 größte
2131 2793 2246 2853 Wurf,
2285 2795 2318 2855 zu
2357 2792 2412 2852 dem
2468 2792 2500 2852 er
2534 2792 2710 2852 ausholte,
2749 2792 2815 2852 war
2865 2792 2953 2852 „Der
2992 2792 3091 2852 junge

1971 2837 2196 2897 Medardus",
2219 2836 2269 2896 dem
2315 2837 2387 2897 auch
2416 2837 2450 2897 am
2495 2837 2720 2897 Burgtheater
2749 2837 2799 2897 der
2834 2836 2946 2896 größte
2975 2835 3087 2895 Erfolg

1973 2882 2022 2942 von
2061 2882 2105 2942 all
2128 2880 2177 2940 den
2211 2879 2338 2939 vielen,
2360 2882 2432 2942 dort
2460 2882 2626 2942 gespielten
2660 2880 2919 2940 Schnitzlerschen
2953 2878 3091 2938 Stücken

1968 2925 2142 2985 beschieden
2174 2924 2258 2984 war.
2285 2921 2343 2981 Ein
2381 2925 2635 2985 Szenengefüge
2667 2924 2719 2984 von
2757 2924 2947 2984 erstaunlich
2980 2921 3100 2981 bunter

1978 2968 2038 3028 und
2067 2968 2182 3028 reicher
2210 2968 2541 3028 Mannigfaltigkeit,
2564 2966 2696 3026 zugleich
2730 2965 2773 3025 ein
2807 2965 3000 3025 historisches
3034 2962 3099 3022 Ge¬

1977 3010 2079 3070 mälde
2101 3010 2157 3070 von
2188 3010 2301 3070 breitem
2348 3012 2486 3072 Aufriß.
2503 3012 2574 3072 Das
2600 3010 2687 3070 Wien
2719 3007 2775 3067 von
2807 3007 2904 3067 1809,
2925 3009 3089 3069 Napoleon

1971 3055 2000 3115 in
2035 3055 2280 3115 Schönbrunn,
2310 3055 2605 3115 Kanonendonner
2640 3055 2698 3115 auf
2723 3053 2776 3113 den
2811 3052 2983 3112 Basteien.
3018 3052 3096 3112 Hier

1978 3100 2121 3160 bewährt
2143 3099 2187 3159 sich
2216 3099 2287 3159 auch
2315 3097 2509 3157 Schnitzlers
2537 3096 2769 3156 Meisterschaft
2792 3095 2819 3155 in
2853 3096 2908 3156 der
2931 3096 3090 3156 szenischen

1982 3144 2157 3204 Führung,
2189 3141 2213 3201 im
2258 3141 2445 3201 dramatisch
2477 3141 2633 3201 bewegten
2665 3141 2809 3201 Dialog.
2847 3141 2940 3201 Aber
2973 3140 3022 3200 die
3060 3135 3085 3195 in

1976 3249 2070 3309 diesen
2108 3249 2309 3309 imposanten
2341 3249 2485 3309 Rahmen
2524 3244 2781 3304 hineingestellte
2814 3239 3096 3299 Liebeshandlung

1971 3293 2106 3353 zwischen
2147 3291 2333 3351 Medardus
2368 3292 2486 3352 Klähr,
2532 3288 2651 3348 „dieses
2685 3288 2821 3348 Krieges
2867 3284 2969 3344 letztem
3031 3279 3093 3339 und

1979 3337 2157 3397 seltsamsten
2197 3335 2343 3395 Helden"
2389 3335 2452 3395 und
2485 3334 2535 3394 der
2569 3332 2754 3392 Prinzessin
2787 3326 2907 3386 Helene
2953 3324 3099 3384 verläuft

1971 3384 2055 3444 ganz
2078 3380 2128 3440 so,
2146 3380 2208 3440 wie
2237 3377 2287 3437 bei
2310 3377 2485 3437 Schnitzler
2514 3377 2638 3437 jegliche
2667 3371 2802 3431 „Liebe"
2831 3368 2994 3428 verläuft.

2067 3419 2107 3479 Er
2136 3422 2199 3482 war
2234 3422 2314 3482 nicht
2344 3422 2395 3482 der
2424 3422 2551 3482 Dichter
2580 3419 2631 3479 der
2661 3417 2776 3477 großen
2817 3413 2926 3473 Liebe,
2950 3411 3001 3471 der
3025 3409 3105 3469 tief¬

1963 3467 2244 3527 aufwühlenden,
2272 3466 2365 3526 echten
2405 3465 2465 3525 und
2504 3462 2614 3522 starken
2653 3459 2929 3519 Leidenschaften.
2951 3455 3000 3515 Er
3029 3452 3094 3512 war

1980 3510 2147 3570 zeitlebens
2180 3509 2233 3569 der
2267 3509 2396 3569 Dichter
2429 3506 2482 3566 der
2515 3503 2758 3563 „Liebeleien".
2802 3500 2867 3560 Ein
2905 3498 3007 3558 Spiel
3040 3496 3099 3556 nur

1976 3554 2062 3614 schien
2095 3553 2143 3613 ihm
2192 3550 2235 3610 die
2263 3550 2375 3610 Liebe,
2392 3547 2587 3607 tändelndes
2620 3544 2803 3604 Abenteuer
2836 3540 2971 3600 zwischen
3009 3538 3101 3598 heute

1977 3599 2038 3659 und
2069 3598 2218 3658 morgen.
2239 3595 2347 3655 Nicht,
2364 3594 2420 3654 daß
2451 3592 2481 3652 er
2508 3591 2729 3651 verschwiegen
2761 3586 2864 3646 hätte,
2885 3585 2946 3645 mit
2967 3582 3095 3642 welchen

1972 3638 2259 3698 Verzweiflungen
2297 3637 2410 3697 solcher
2443 3636 2632 3696 flüchtiger,
2660 3629 2946 3689 hemmungsloser
2979 3625 3098 3685 Rausch

1971 3684 2030 3744 Her
2053 3682 2163 3742 Sinne
2196 3683 2240 3743 oft
2268 3682 2389 3742 gebüßt
2417 3679 2510 3739 wird.
2533 3677 2626 3737 Diese
2654 3673 2941 3733 Verzweiflungen
2975 3668 3095 3728 treiben

1983 3724 2056 3784 eine
2089 3726 2309 3786 unheldischen
2347 3723 2462 3783 Helden
2505 3722 2568 3782 und
2606 3720 2790 3780 Heldinnen
2828 3715 2948 3775 immer
2980 3712 3101 3772 wieder

1983 3773 2003 3833 n
2041 3768 2093 3828 den
2131 3768 2399 3828 selbstgewählten
2436 3765 2525 3825 Tod.
2553 3765 2657 3825 Seine
2690 3759 3000 3819 Mädchengestalten
3038 3753 3095 3813 von

1972 3813 2024 3873 der
2051 3813 2157 3873 armen
2189 3810 2523 3870 Musikantentochter
2555 3805 2714 3865 Christine
2747 3804 2793 3864 bis
2826 3804 2852 3864 zu
2884 3801 2974 3861 jener
3001 3796 3106 3856 Prin¬

1972 3860 2062 3920 zessin
2093 3855 2203 3915 mögen
2239 3854 2309 3914 noch
2340 3853 2365 3913 so
2396 3850 2628 3910 verschiedenen
2664 3846 3007 3906 Gesellschaftskreisen
3038 3838 3108 3898 ent¬

1973 3899 2122 3959 Kommen
2158 3897 2238 3957 sein,
2259 3896 2283 3956 in
2319 3894 2368 3954 dem
2409 3894 2509 3954 Einen
2545 3892 2609 3952 sind
2635 3891 2675 3951 sie
2700 3890 2765 3950 doch
2796 3888 2855 3948 alle
2886 3885 3106 3945 Schwestern:

1981 3944 2030 4004 aß
2080 3941 2124 4001 sie
2163 3939 2212 3999 sich
2252 3938 2467 3998 wegwerfen,
2507 3935 2700 3995 leichtfertig
2740 3932 2900 3992 verlieren
2950 3928 2988 3988 an
3044 3923 3099 3983 das

1974 3986 2117 4046 Lockende
2145 3983 2349 4043 Abenteuer.
2371 3981 2453 4041 Jede
2482 3980 2536 4040 von
2570 3978 2663 4038 ihnen
2702 3976 2740 4036 ist
2763 3974 2818 4034 das
2851 3974 2950 4034 „süße
2973 3970 3110 4030 Mädl“,

1974 4030 2032 4090 das
2065 4027 2237 4087 Schnitzler
2270 4026 2297 4086 in
2330 4025 2378 4085 die
2405 4024 2577 4084 Literatur
2605 4019 2793 4079 eingeführt
2821 4016 2890 4076 hat.

2069 4071 2149 4131 Man
2204 4072 2257 4132 hat
2306 4070 2354 4130 ihn
2415 4070 2463 4130 den
2502 4068 2625 4128 Dichter
2658 4065 2706 4125 des
2739 4062 2929 4122 dekadenten
2962 4060 3112 4120 Bürger¬

1977 4114 2087 4174 tumes
2120 4114 2283 4174 genannt.
2305 4112 2400 4172 Nicht
2427 4112 2505 4172 ganz
2532 4112 2595 4172 mit
2617 4109 2727 4169 Recht.
2770 4106 2865 4166 Denn
2897 4104 2928 4164 es
2960 4103 2997 4163 ist
3024 4102 3107 4162 mehr

1983 4159 2031 4219 als
2064 4159 2219 4219 fraglich,
2264 4156 2296 4216 ob
2334 4156 2431 4216 dieses
2464 4154 2658 4214 Bürgertum
2707 4150 2755 4210 der
2788 4147 3053 4207 Vorkriegszeit,
3075 4143 3101 4203 in

1983 4201 2040 4261 der
2072 4201 2151 4261 seine
2183 4199 2430 4259 Bühnenwerke
2463 4198 2600 4258 spielen,
2642 4195 2716 4255 auch
2769 4194 2800 4254 in
2859 4192 2911 4252 der
2959 4189 3032 4249 Tat

1985 4247 2143 4307 dekadent
2165 4243 2249 4303 war,
2270 4244 2328 4304 wie
2355 4243 2386 4303 er
2413 4243 2444 4303 es
2476 4242 2656 4302 schilderte,
2677 4238 2708 4298 ob
2735 4237 2787 4297 er,
2809 4234 2888 4294 seine
2920 4230 3109 4290 Kenntnisse
