3436 4320
275 127 334 187 His
370 127 554 187 occasional
584 127 750 187 pessimism
804 127 940 187 perhaps

272 165 362 225 came
385 165 411 225 to
438 165 484 225 him
521 165 587 225 from
627 165 713 225 thesa
737 165 935 225 experiences

297 195 340 255 He
365 195 426 255 was
452 197 520 257 born
550 197 575 257 in
604 198 723 258 Vienna
749 198 781 258 on
810 198 875 258 May
904 199 947 259 15,

273 228 354 288 1862,
376 228 402 288 in
440 229 524 289 what
550 228 576 288 is
606 229 661 289 now
706 231 798 291 called
832 231 942 291 Prater

272 260 393 320 Street.
432 261 489 321 His
514 261 621 321 father
650 263 710 323 was
739 264 749 324 a
782 264 938 324 physician

269 292 355 352 must
380 294 404 354 in
436 294 525 354 favor
553 293 618 353 with
650 294 698 354 the
726 295 809 355 stars
837 294 868 354 of
892 294 944 354 the

270 324 362 384 opera
400 324 455 384 and
489 327 612 387 theatre
644 326 698 386 and
736 327 784 387 the
815 327 945 387 aristoc¬

268 356 364 416 racy;
385 357 419 417 an
450 357 567 417 editor,
585 360 594 420 a
626 358 784 418 professor
808 360 863 420 and
894 358 942 418 the

270 388 426 448 recipient
445 388 476 448 of
494 389 612 449 foreign
641 390 854 450 decorations.
879 389 939 449 The

266 419 312 479 son
353 420 422 480 grew
470 420 503 480 up
540 419 563 479 in
600 420 637 480 an
674 422 878 482 atmosphere
912 420 942 480 of

267 452 377 512 luxury
410 452 467 512 and
496 452 639 512 followed
671 452 721 512 the
750 455 843 515 usual
868 454 943 514 lines

270 482 304 542 of
322 485 508 545 education.
533 485 577 545 He
598 485 771 545 graduated
796 485 861 545 from
896 483 944 543 the

265 516 430 576 Aoademic
463 518 658 578 Gymnasium
709 518 733 578 in
770 518 853 578 1879,
878 518 936 578 and

267 546 337 606 then
387 548 472 608 went
515 548 543 608 to
586 549 640 609 the
686 551 863 611 University
910 549 942 609 of

273 576 386 636 Vienna
426 578 457 638 as
494 579 508 639 a
547 580 679 640 student
712 580 743 640 of
776 585 947 645 medicine,

267 610 407 670 winning
433 613 481 673 his
504 613 614 673 degree
637 613 662 673 in
689 613 773 673 1885.

297 643 421 703 Always
450 643 617 703 interested
649 645 674 705 in
710 646 756 706 the
788 646 838 706 life
867 646 898 706 of
924 646 934 706 a

270 676 450 736 physician,
483 676 604 736 despite
647 676 692 736 his
736 679 814 739 later
853 678 942 738 with¬

265 706 389 766 drawal
411 706 475 766 from
518 709 557 769 it,
575 709 750 769 Schnitzler
775 711 867 771 spent
889 710 938 770 the

266 739 338 799 next
369 739 420 799 few
465 739 554 799 years
589 742 613 802 in
655 742 781 802 various
816 742 939 802 clinics.

266 769 345 829 Once
380 771 414 831 he
449 770 531 830 went
559 772 586 832 to
621 774 749 834 London
783 772 811 832 to
845 774 934 834 study

263 801 404 861 hospital
429 803 621 863 conditions.
663 803 707 863 He
739 805 801 865 was
829 804 856 864 in
891 805 942 865 ad¬

261 834 357 894 dition
391 834 405 894 a
439 834 586 894 reviewer
617 834 648 894 of
675 835 812 895 medical
840 837 935 897 books

258 861 314 921 and
344 864 381 924 an
415 864 514 924 editor
545 862 575 922 of
602 864 615 924 a
648 867 788 927 medical
812 867 942 927 journal

258 893 392 953 founded
424 894 455 954 by
483 894 527 954 his
548 895 669 955 father.
704 897 745 957 Of
763 899 825 959 late
846 899 935 959 years

257 926 347 986 there
378 927 492 987 sprang
527 927 561 987 up
596 928 606 988 a
641 930 748 990 legend
783 930 869 990 that,
897 928 941 988 re¬

258 957 404 1017 gardless
426 959 458 1019 of
480 960 522 1020 his
544 960 626 1020 fame
651 960 672 1020 in
698 963 833 1023 another
855 960 922 1020 field

259 987 295 1047 he
332 987 402 1047 stili
431 989 589 1049 practiced
630 991 681 1051 the
719 993 784 1053 arts
822 992 851 1052 of
888 992 932 1052 his

259 1018 372 1078 earlier
398 1021 486 1081 love;
512 1022 582 1082 that
608 1022 634 1082 is
664 1024 788 1084 wrong;
814 1025 851 1085 he
877 1026 935 1086 left

259 1052 412 1112 medicine
438 1052 508 1112 save
534 1055 581 1115 for
608 1055 651 1115 his
678 1058 813 1118 undying
839 1060 934 1120 inter¬

259 1085 306 1145 est
331 1087 354 1147 in
382 1088 406 1148 it
430 1088 524 1148 thirty
553 1089 644 1149 years
668 1091 743 1151 ago.

372 1136 389 1196 A
425 1139 620 1199 Playwright
647 1139 669 1199 in
701 1141 820 1201 Youth.

279 1184 337 1244 His
359 1187 485 1247 literary
511 1190 750 1250 compositions,
768 1193 801 1253 as
819 1193 843 1253 is
865 1193 936 1253 usu¬

253 1225 312 1285 ally
340 1228 390 1288 the
418 1228 504 1288 case,
524 1231 610 1291 trace
638 1231 708 1291 back
740 1231 767 1291 to
795 1232 845 1292 the
873 1234 928 1294 age

253 1264 285 1324 of
309 1266 337 1326 9,
362 1270 442 1330 when
475 1270 507 1330 he
536 1271 629 1331 wrote
654 1273 665 1333 a
694 1273 823 1333 five-act
848 1276 932 1336 trag¬

247 1307 324 1367 edy.
357 1312 422 1372 The
443 1312 516 1372 first
533 1313 627 1373 items
648 1312 676 1372 to
697 1314 729 1374 be
750 1315 934 1375 published,

246 1348 411 1408 however,
434 1352 585 1412 appeared
615 1354 640 1414 in
670 1354 680 1414 a
710 1355 928 1415 conservative

249 1393 348 1453 paper
375 1392 401 1452 in
436 1393 580 1453 Munich,
608 1394 691 1454 when
730 1398 763 1458 he
794 1397 855 1457 was
886 1399 931 1459 18.

250 1431 310 1491 His
335 1433 452 1493 studies
477 1434 643 1494 interfered
675 1436 744 1496 with
773 1440 829 1500 this
858 1440 922 1500 kind

247 1470 284 1530 of
304 1472 383 1532 work
410 1473 459 1533 for
482 1476 524 1536 six
547 1478 653 1538 years.
688 1479 748 1539 His
767 1479 843 1539 next
862 1479 915 1539 bow

247 1509 270 1569 to
297 1514 346 1574 the
374 1515 477 1575 public
501 1515 562 1575 was
585 1518 620 1578 as
643 1520 696 1580 the
720 1521 835 1581 author
859 1521 893 1581 of
912 1521 923 1581 a

248 1554 340 1614 letter
370 1556 394 1616 to
426 1557 458 1617 an
492 1558 609 1618 editor.
646 1560 711 1620 But
736 1560 768 1620 by
801 1563 866 1623 1890
894 1563 926 1623 he

246 1594 314 1654 was
341 1597 412 1657 well
432 1599 572 1659 started.
610 1599 655 1659 He
686 1602 777 1662 wrote
808 1605 929 1665 poems,

247 1636 443 1696 novelettes,
479 1640 612 1700 riddles,
648 1642 745 1702 about
785 1645 855 1705 half
895 1644 926 1704 of

278 1676 316 1736 iem
374 1678 461 1738 being
503 1682 629 1742 poems,
664 1682 775 1742 mostly
817 1687 923 1747 signed

339 1710 415 1770 tol."
480 1709 565 1769 They
610 1715 687 1775 were
720 1718 748 1778 in
785 1718 914 1778 general

323 1745 339 1805 s
363 1742 395 1802 of
419 1745 616 1805 disillusion.

383 1775 430 1835 rst
454 1776 552 1836 book,
572 1778 733 1838 “Anatol,"
765 1781 827 1841 was
851 1781 926 1841 pub-

356 1806 399 1866 in
436 1808 522 1868 1893.
566 1808 637 1868 This
669 1811 693 1871 is
721 1811 732 1871 a
768 1813 864 1873 series
896 1813 927 1873 of

429 1837 526 1897 seven
562 1839 587 1899 in
623 1843 773 1903 number,
798 1846 920 1906 dealing

420 1870 466 1930 ove
484 1873 595 1933 affairs
621 1873 653 1933 of
671 1874 681 1934 a
710 1879 928 1939 philanderer.

400 1904 561 1964 favorably
597 1906 736 1966 received
773 1907 808 1967 by
841 1909 926 1969 most

415 1936 514 1996 ritics,
542 1939 694 1999 although
729 1939 755 1999 it
787 1940 832 2000 did
871 1942 924 2002 not

420 1967 482 2027 reat
509 1970 686 2030 attention,
712 1972 768 2032 and
801 1972 842 2032 its
872 1973 927 2033 tri¬

350 1999 412 2059 son
442 1999 494 2059 the
520 2004 627 2064 stages
653 2002 686 2062 of
709 2005 834 2065 Europe
861 2007 916 2067 and

417 2031 474 2091 had
505 2031 531 2091 to
563 2033 639 2093 wait
662 2034 746 2094 until
770 2037 834 2097 1910
861 2037 918 2097 and

399 2064 437 2124 ike
464 2064 513 2124 the
540 2064 627 2124 first,
647 2064 700 2124 the
727 2070 914 2130 publication

359 2094 472 2154 second
497 2097 583 2157 play.
599 2091 685 2151 “The
705 2099 791 2159 Fairy
812 2102 913 2162 Tale,”

448 2129 520 2189 paid
553 2129 604 2189 for
637 2128 669 2188 by
701 2133 870 2193 himself.-
894 2133 922 2193 It

434 2160 477 2220 re.
509 2160 799 2220 "Light-'o-Love,"
823 2166 918 2226 which

455 2193 507 2253 med
540 2193 617 2253 first
642 2193 666 2253 in
704 2196 785 2256 1895,
810 2199 915 2259 firmly

468 2225 508 2285 his
533 2228 712 2288 reputation
741 2230 773 2290 as
802 2231 834 2291 an
867 2231 919 2291 au¬

491 2285 572 2345 Tale”
601 2287 662 2347 was
683 2291 690 2351 a
716 2291 813 2351 social
830 2294 919 2354 prob-

489 2321 496 2381 1
520 2320 696 2380 Schnitzler
724 2324 866 2384 followed
897 2327 919 2387 it

497 2354 630 2414 others—
668 2355 746 2415 Free
779 2360 898 2420 Game,

543 2387 737 2447 Legacy,"
766 2387 817 2447 the
841 2390 916 2450 year

462 2415 509 2475 899
537 2418 627 2478 there
655 2419 718 2479 was
750 2423 911 2483 published

433 2447 507 2507 ction
533 2449 564 2509 of
582 2449 710 2509 one-act
732 2452 817 2512 plays
835 2456 899 2516 from

236 2476 289 2536 his

464 2481 650 2541 aracelsus."
690 2477 773 2537 "The
809 2488 892 2548 Mate

464 2512 534 2572 reen
568 2512 775 2572 Cockatoo";
798 2518 857 2578 and
887 2519 909 2579 in

438 2542 514 2602 were
538 2544 608 2604 four
632 2548 813 2608 additional
830 2551 920 2611 short

443 2573 495 2633 two
518 2578 640 2638 largest
659 2578 774 2638 efforts
797 2581 845 2641 for
864 2583 912 2643 the

443 2605 451 2665 «
479 2603 565 2663 "The
593 2608 663 2668 Veil
683 2611 718 2671 of
742 2611 903 2671 Beatrice'

442 2637 449 2697 g
478 2641 678 2701 Madardus,"
711 2642 743 2702 of
764 2643 829 2703 1901
850 2646 906 2706 and

243 2666 306 2726 1910

477 2672 573 2732 vely,
600 2675 656 2735 and
701 2673 790 2733 there
835 2678 913 2738 were

270 2700 332 2760 her

501 2706 613 2766 plays.
662 2709 786 2769 Among
823 2709 894 2769 them

482 2736 585 2796 Lonely
623 2738 732 2798 Way,"
770 2740 798 2800 in
832 2742 921 2802 1904,

236 2763 294 2823 and
329 2763 367 2823 "T

458 2769 508 2829 ast
530 2772 686 2832 Country,
729 2772 754 2832 in
784 2775 868 2835 1911.

444 2820 554 2880 Advice
576 2820 608 2880 as
638 2822 794 2882 Novelist.

264 2864 309 2924 As
345 2864 359 2924 a

440 2867 525 2927 rallel
554 2870 586 2930 to
619 2873 668 2933 his
706 2871 787 2931 work
828 2876 860 2936 as
893 2877 909 2937 a

266 2906 371 2966 ramat

489 2912 620 2972 chnitzle
670 2912 736 2972 was
779 2913 805 2973 in
860 2915 913 2975 the

231 2948 379 3008 meanw!

455 2950 583 3010 writing
631 2954 810 3014 novelettes
854 2958 912 3018 and

236 2987 376 3047 novels.

419 2993 477 3053 The
520 2993 595 3053 first
638 2996 671 3056 of
709 2999 802 3059 these
844 2998 911 3058 was

292 3028 388 3088 ying,"
426 3033 522 3093 which
552 3035 577 3095 is
603 3035 674 3095 still
695 3038 846 3098 regarded
876 3041 909 3101 as

238 3070 289 3130 one
317 3070 348 3130 of
372 3071 422 3131 the
450 3073 588 3133 author's
616 3076 745 3136 highest
765 3079 910 3139 achieve¬

290 3110 357 3170 nts.

414 3115 425 3175 n
462 3113 527 3173 1898
560 3117 645 3177 came
682 3121 763 3181 “The
800 3124 905 3184 Sage's

234 3140 384 3200 Wife”—a
415 3145 596 3205 collection.

408 3181 458 3241 rst
476 3179 550 3239 year
572 3181 600 3241 of
622 3181 669 3241 the
694 3184 822 3244 present
841 3186 911 3246 cen¬

393 3210 482 3270 wrote
511 3211 568 3271 and
600 3214 761 3274 published
798 3216 904 3276 "None

226 3239 284 3299 but
306 3240 354 3300 the
377 3241 509 3301 Brave."
547 3245 620 3305 This
643 3247 753 3307 caused
783 3248 794 3308 a
820 3250 908 3310 furor

299 3273 382 3333 milit

416 3270 426 3330 y
466 3273 572 3333 circles
609 3276 666 3336 and
705 3279 755 3339 the
791 3282 905 3342 author

290 3303 296 3363 s
323 3306 507 3366 summoned
541 3309 570 3369 to
603 3309 722 3369 appear
752 3312 857 3372 before
891 3314 900 3374 a

222 3332 321 3392 court
339 3335 367 3395 of
389 3337 502 3397 honor.
524 3339 570 3399 He
592 3340 716 3400 refused
741 3342 766 3402 to
787 3344 822 3404 go
844 3345 901 3405 anc

297 3366 428 3426 finally
460 3369 602 3429 deprived
634 3372 666 3432 of
687 3372 733 3432 his
762 3377 907 3437 commis¬

302 3400 353 3460 in
388 3401 439 3461 the
478 3402 635 3462 reserves.
670 3405 786 3465 Others
822 3408 903 3468 since

227 3429 299 3489 then
334 3429 413 3489 were
448 3432 585 3492 “Bertha
620 3437 768 3497 Garlan,”
807 3438 909 3498 “Bea¬

289 3458 502 3518 eDoctor
521 3467 663 3527 Graeser
704 3468 762 3528 and
789 3470 906 3530 "Casa¬

293 3494 336 3554 a's
372 3500 634 3560 Homecoming,"
682 3502 732 3562 the
772 3505 834 3565 last
870 3506 897 3566 in

223 3525 301 3585 ﻿1918

255 3557 461 3617 Schnitzler's
485 3560 564 3620 first
588 3570 766 3630 full-length
798 3567 909 3627 novel,

230 3592 388 3652 published
419 3593 439 3653 in
469 3593 552 3653 1908,
569 3593 632 3653 was
658 3590 741 3650 “The
762 3599 846 3659 Road
876 3599 900 3659 to

223 3620 275 3680 the
299 3623 416 3683 Open."
451 3626 481 3686 In
508 3626 572 3686 1913
595 3626 629 3686 he
652 3627 743 3687 wrote
770 3632 902 3692 another

234 3653 318 3713 play,
339 3653 377 3713 "I

424 3655 524 3715 fessor
547 3659 754 3719 Bernhardi,"
788 3662 843 3722 and
873 3663 899 3723 in

241 3684 273 3744 he
300 3684 373 3744 first
388 3686 461 3746 year
484 3688 513 3748 of
532 3688 582 3748 the
605 3691 704 3751 World
730 3693 800 3753 War
822 3694 903 3754 com¬

222 3715 324 3775 pleted
353 3718 363 3778 a
393 3718 474 3778 cycle
499 3718 530 3778 of
552 3720 641 3780 three
666 3724 790 3784 one-act
815 3727 900 3787 plays

226 3748 324 3808 under
344 3750 391 3810 the
415 3751 576 3811 collective
600 3754 663 3814 title
687 3754 718 3814 of
742 3757 895 3817 “Comedy

222 3778 258 3838 of
284 3781 421 3841 Words.“
462 3783 536 3843 Five
562 3787 683 3847 one-act
706 3787 794 3847 plays
821 3791 902 3851 since

222 3808 268 3868 the
308 3812 371 3872 war
404 3814 482 3874 have
519 3819 576 3879 not
609 3820 680 3880 been
719 3825 894 3885 translated

222 3841 288 3901 into
320 3847 473 3907 English.

254 3876 281 3936 In
318 3876 383 3936 1924
420 3879 581 3939 “Fraulein
618 3879 723 3939 Elsa,"
760 3885 901 3945 Schnitz¬

222 3906 296 3966 ler's
335 3909 413 3969 first
453 3912 612 3972 narrative
656 3912 733 3972 work
780 3915 808 3975 in
855 3918 897 3978 six

218 3938 332 3998 years,
362 3939 427 3999 was
465 3945 626 4005 published
667 3947 726 4007 and
763 3948 789 4008 in
834 3949 896 4009 1925

219 3969 304 4029 there
327 3975 412 4035 came
438 3975 657 4035 “Rhapsody.”
688 3979 799 4039 Ayear
818 3980 895 4040 later

218 4002 273 4062 saw
310 4003 361 4063 the
388 4005 575 4065 publication
609 4008 638 4068 of
664 4011 878 4071 “Daybreak,

219 4033 315 4093 which
347 4035 400 4095 has
426 4038 515 4098 lately
544 4040 615 4100 been
644 4042 654 4102 a
683 4044 765 4104 local
783 4045 883 4105 movie

216 4066 275 4126 and
307 4070 483 4130 “Theresa"
507 4072 660 4132 appeared
684 4074 707 4134 in
735 4076 817 4136 1928.
833 4076 891 4136 The

219 4098 300 4158 most
333 4100 444 4160 recent
476 4100 554 4160 work
594 4104 626 4164 of
659 4107 705 4167 his
737 4107 762 4167 is
798 4109 891 4169 called

247 4132 353 4192 Flight
377 4133 443 4193 Into
472 4136 664 4196 Darkness.”
704 4138 735 4198 It
759 4139 782 4199 is
807 4140 834 4200 to
862 4143 893 4203 be

264 4165 380 4225 blished
420 4169 498 4229 next
534 4167 612 4227 week
655 4171 690 4231 by
729 4172 828 4232 Simon

1341 267 1461 327 Extract
1480 267 1546 327 from

1260 404 1369 464 Notl
1422 402 1594 462 Mercury

1315 463 1582 523 Durban.S.A.

1385 733 1390 793 —

1118 820 1370 880 AUSTRIAN
1425 813 1733 873 DRAMATIST

1362 897 1492 957 DEAD

1193 901 1247 961 80

1094 971 1223 1031 Vienna,
1239 966 1308 1026 Oct.
1324 960 1474 1020 22.—The
1498 960 1579 1020 death
1604 960 1627 1020 is
1652 956 1818 1016 announced

1053 1015 1088 1075 of
1124 1013 1191 1073 the,
1216 1008 1336 1068 famous
1379 1001 1520 1061 Austrian
1567 997 1726 1057 dramatist
1769 995 1821 1055 and

1054 1054 1200 1114 novelist,
1225 1049 1268 1109 Dr
1300 1046 1414 1106 Arthur
1442 1043 1628 1103 Schnitzler,
1652 1036 1770 1096 creator
1803 1034 1834 1094 of

1059 1098 1104 1158 the
1138 1086 1598 1146 world-renownedAnatol,"
1633 1078 1682 1138 the
1712 1076 1833 1136 central

1058 1135 1217 1195 character
1267 1130 1293 1190 in
1350 1125 1544 1185 Schnitzler's
1597 1123 1742 1183 comedies
1799 1121 1829 1181 ef

1046 1180 1211 1240 Viennese
1234 1176 1312 1236 life.—
1347 1172 1504 1232 (Reuter.)

1353 1336 1585 1396 EXTRACT
1614 1338 1729 1398 FROM

1251 1429 1524 1489 Rssase
1582 1422 1695 1482 Plg
1732 1419 1913 1479 Taus

1121 1580 1229 1640 Date

1581 1590 1837 1650 12

1283 1661 1484 1721 Schnitzler.

1310 1706 1354 1766 To
1381 1713 1434 1773 the
1461 1720 1616 1780 majority
1648 1726 1683 1786 of
1706 1729 1821 1789 people
1849 1740 1990 1800 perhaps

1272 1750 1394 1810 Arthur
1426 1757 1607 1817 Schnitzler
1640 1767 1757 1827 sounds
1789 1774 1848 1834 like
1903 1781 1997 1841 Vien¬

1271 1787 1339 1847 nese
1366 1793 1524 1853 cookery.
1563 1804 1632 1864 But
1654 1808 1705 1868 for
1731 1816 1988 1876 discriminating

1273 1830 1413 1890 tudents
1443 1836 1476 1896 of
1522 1843 1696 1903 literature
1742 1851 1803 1911 and
1854 1858 1986 1918 earnest

1272 1870 1453 1930 playgoers,
1476 1876 1548 1936 even
1585 1882 1607 1942 in
1644 1891 1811 1951 benighted
1843 1900 1992 1960 London,

1263 1909 1297 1969 be
1328 1911 1349 1971 is
1375 1912 1387 1972 a
1422 1915 1495 1975 real
1512 1926 1714 1986 personality
1745 1935 1774 1995 of
1801 1941 1989 2001 extraordi¬

1266 1948 1343 2008 nary
1367 1956 1546 2016 piquancy.

1300 1990 1364 2050 One
1396 1995 1497 2055 ought
1522 2001 1550 2061 to
1582 2004 1638 2064 say
1672 2007 1736 2067 was
1764 2013 1816 2073 so,
1842 2019 1978 2079 because

1255 2028 1291 2088 he
1319 2030 1377 2090 has
1405 2036 1472 2096 died
1505 2037 1527 2097 in
1578 2041 1627 2101 his
1673 2049 1786 2109 native
1832 2056 1895 2116 city
1946 2062 1977 2122 of

1257 2071 1397 2131 Vienna,
1415 2076 1476 2136 and
1506 2080 1613 2140 leaves
1643 2086 1655 2146 a
1685 2091 1788 2151 vastly
1822 2100 1975 2160 different

1252 2109 1380 2169 capital
1402 2115 1469 2175 from
1513 2120 1585 2180 that
1611 2124 1650 2184 he
1680 2127 1709 2187 so
1740 2132 1859 2192 vivid'y
1906 2142 1966 2202 and

1250 2149 1366 2209 wittily
1394 2156 1539 2216 depicted
1572 2161 1595 2221 in
1629 2167 1679 2227 his
1708 2172 1801 2232 short
1825 2178 1936 2238 plays.

1285 2190 1302 2250 A
1337 2194 1488 2254 brilliant
1511 2201 1597 2261 Jew,
1619 2205 1688 2265 who
1714 2212 1827 2272 played
1879 2221 1969 2281 chess

1246 2226 1304 2286 like
1338 2228 1350 2288 a
1384 2235 1526 2295 master,
1568 2242 1627 2302 and
1682 2252 1866 2312 sometimes
1916 2261 1974 2321 en¬

1243 2270 1340 2330 guged
1371 2272 1393 2332 in
1420 2273 1433 2333 a
1456 2279 1597 2339 friendly
1624 2287 1725 2347 match
1757 2294 1787 2354 at
1809 2300 1968 2360 London's

1242 2304 1299 2364 now
1339 2314 1493 2374 vanished
1529 2322 1644 2382 Vienna
1675 2332 1776 2392 Café,
1812 2336 1851 2396 he
1900 2342 1971 2402 will

1237 2348 1274 2408 be
1320 2349 1395 2409 best
1437 2361 1653 2421 remembered
1704 2372 1779 2432 here
1825 2377 1862 2437 as
1908 2381 1958 2441 the

1237 2387 1357 2447 author
1403 2394 1506 2454 whose
1552 2404 1648 2464 short
1690 2412 1822 2472 oneact
1864 2423 1955 2483 plays

1238 2430 1404 2490 Granville
1432 2438 1558 2498 Barker
1586 2443 1618 2503 so
1645 2448 1717 2508 ably
1745 2453 1875 2513 staged.
1899 2465 1957 2525 His

1233 2470 1296 2530 gift
1320 2470 1351 2530 of
1393 2476 1497 2536 satire
1543 2483 1602 2543 and
1653 2491 1739 2551 light
1781 2497 1876 2557 touch
1927 2503 1949 2563 in

1231 2508 1341 2568 drama
1395 2516 1479 2576 were
1523 2525 1612 2585 more
1678 2535 1802 2595 French
1873 2544 1948 2604 than

1232 2551 1409 2611 Slavonic.

1265 2984 1539 3044 CHRISPIAN
1590 3009 1804 3069 SCIKNOE

1449 3054 1711 3114 LONITOR"

1312 3101 1542 3161 Doston.
1567 3140 1651 3200 24
1702 3145 1798 3205 OT.
1824 3147 1932 3207 1931

1050 3164 1117 3224 Ma
1256 3184 1414 3244 etetit
1431 3192 1499 3252 ne
1515 3195 1537 3255 o
1622 3205 1682 3265 hiia
1691 3208 1819 3268 bineiete
1843 3207 1987 3267 ede

1243 3265 1484 3325 SCHNITZLER
1523 3282 1592 3342 HAS
1618 3294 1757 3354 PASSED
1796 3302 1833 3362 ON

1260 3310 1421 3370 VIENNA,
1434 3321 1509 3381 Oct.
1522 3327 1550 3387 22
1568 3335 1718 3395 (2)—One
1736 3344 1770 3404 of
1789 3350 1863 3410 Aus-

1217 3341 1299 3401 tria's
1327 3351 1465 3411 greatest
1494 3367 1615 3427 modern
1649 3379 1770 3439 literary
1804 3388 1858 3448 fig¬

1216 3380 1302 3440 ures,
1313 3386 1372 3446 Dr.
1389 3393 1503 3453 Arthur
1525 3410 1714 3470 Schnitzler,
1731 3422 1860 3482 novelist

1206 3415 1269 3475 and
1301 3429 1485 3489 dramatist,
1507 3439 1559 3499 has
1592 3449 1697 3509 passed
1729 3457 1786 3517 on.
1808 3463 1849 3523 He

1203 3457 1365 3517 published
1405 3466 1453 3526 his
1488 3476 1557 3536 first
1592 3483 1660 3543 book
1705 3489 1734 3549 of
1769 3498 1852 3558 verse

1208 3487 1290 3547 when
1315 3496 1355 3556 he
1380 3502 1433 3562 was
1458 3509 1504 3569 28.
1523 3513 1546 3573 It
1570 3519 1629 3579 was
1654 3528 1789 3588 followed
1819 3538 1848 3598 by

1204 3524 1214 3584 a
1247 3534 1361 3594 volume
1389 3540 1421 3600 of
1443 3547 1530 3607 short
1552 3556 1660 3616 stories
1689 3567 1742 3627 and
1771 3575 1835 3635 from

1197 3565 1270 3625 then
1305 3571 1338 3631 on
1372 3577 1456 3637 there
1485 3588 1570 3648 came
1598 3596 1660 3656 from
1706 3605 1756 3665 his
1784 3612 1835 3672 pen

1190 3602 1214 3662 in
1254 3608 1338 3668 quick
1378 3619 1546 3679 succession
1586 3631 1600 3691 a
1640 3640 1773 3700 number
1809 3649 1838 3709 of

1190 3639 1343 3699 comedies
1380 3649 1402 3709 in
1445 3659 1497 3719 the
1533 3666 1651 3726 modern
1693 3680 1828 3740 German

1191 3675 1316 3735 school.
1329 3684 1410 3744 Most
1436 3690 1466 3750 of
1486 3697 1535 3757 his
1561 3709 1711 3769 dramatic
1737 3722 1836 3782 works

1182 3711 1265 3771 have
1287 3718 1353 3778 been
1382 3731 1547 3791 performed
1576 3742 1597 3802 in
1625 3751 1763 3811 English.

2198 456 2913 516 OBSERVER

2285 518 2310 578 I.
2323 521 2446 581 österr.
2455 524 2607 584 behördl.
2621 525 2922 585 konzessioniertes

2242 561 2480 621 Unternehmen
2509 563 2555 623 für
2581 566 2965 626 Zeitungs-Ausschnitte

2293 616 2442 676 WIEN,
2469 623 2514 683 I.,
2547 628 2832 688 WOLLZEILE
2879 628 2923 688 11

2393 673 2606 733 TELEPHON
2643 677 2821 737 R-23-0-43

2371 778 2541 838 York
2578 776 2724 836 Revew

2178 806 2216 866 A

2345 960 2414 1020 24

2303 1207 2696 1267 DORNTTELEN
2746 1213 2774 1273 I

2355 1376 2507 1436 DERD
2557 1378 2613 1438 IN
2678 1378 2807 1438 TEN

2375 1539 2603 1599 RITHE
2642 1542 2746 1602 HUL
2795 1545 2851 1605 UI
2891 1545 2957 1605 DE

2302 1679 2465 1739 Famous
2493 1682 2730 1742 Dramatist
2744 1685 2969 1745 Succumbs

2350 1755 2391 1815 to
2420 1757 2554 1817 Heart
2584 1760 2725 1820 Attack
2768 1763 2895 1823 While

2418 1833 2612 1893 Working
2650 1837 2694 1897 on
2732 1837 2829 1897 Play

2375 1939 2489 1999 (Special
2501 1942 2520 2002 to
2539 1942 2589 2002 The
2605 1942 2658 2002 New
2681 1943 2742 2003 York
2762 1945 2887 2005 Review.)

2314 1989 2451 2049 Vienna,
2474 1990 2544 2050 Oct.
2567 1993 2762 2053 23.—Arthur
2794 1996 2984 2056 Schnitzler,

2293 2031 2401 2091 mous
2429 2032 2628 2092 playwright,
2652 2034 2724 2094 poet
2747 2037 2801 2097 and
2833 2037 2965 2097 novelist

2291 2073 2341 2133 ied
2373 2073 2437 2133 this
2465 2075 2542 2135 week
2579 2075 2611 2135 of
2639 2076 2652 2136 a
2679 2076 2770 2136 heart
2799 2079 2922 2139 stroke,
2945 2079 2976 2139 at

2286 2115 2328 2175 the
2352 2115 2408 2175 age
2432 2115 2459 2175 of
2483 2117 2530 2177 69.
2563 2117 2623 2177 For
2647 2119 2694 2179 the
2717 2121 2778 2181 last
2802 2121 2857 2181 two
2882 2121 2975 2181 years

2278 2157 2308 2217 be
2343 2157 2399 2217 had
2438 2158 2572 2218 suffered
2611 2162 2675 2222 from
2727 2163 2818 2223 heart
2849 2163 2969 2223 disease

2278 2199 2333 2259 but
2353 2199 2385 2259 he
2414 2200 2465 2260 had
2499 2202 2550 2262 not
2574 2202 2696 2262 allowed
2724 2205 2752 2265 it
2771 2205 2799 2265 to
2823 2205 2973 2265 interfere

2280 2240 2346 2300 with
2385 2242 2433 2302 his
2467 2242 2567 2302 work.
2611 2243 2672 2303 Dr.
2697 2246 2869 2306 Schnitzler
2908 2247 2970 2307 was

2274 2282 2408 2342 stricken
2437 2283 2522 2343 while
2547 2285 2681 2345 working
2710 2288 2742 2348 on
2771 2288 2815 2348 the
2840 2290 2901 2350 last
2922 2290 2974 2350 act

2275 2324 2306 2384 of
2329 2325 2375 2385 the
2403 2327 2471 2387 play
2499 2325 2580 2385 "The
2604 2328 2676 2388 Call
2695 2328 2726 2388 of
2750 2330 2845 2390 Life,"
2873 2330 2964 2390 which

2277 2363 2309 2423 he
2333 2368 2384 2428 had
2412 2369 2459 2429 set
2478 2369 2604 2429 himself
2629 2369 2656 2429 to
2675 2372 2816 2432 rewrite.
2840 2372 2886 2432 He
2910 2373 2970 2433 was

2271 2410 2363 2470 found
2397 2411 2477 2471 lying
2511 2414 2721 2474 unconscious
2751 2414 2784 2474 on
2818 2416 2865 2476 the
2899 2417 2970 2477 floor

2273 2452 2308 2512 bby
2344 2451 2391 2511 his
2423 2452 2577 2512 secretary
2613 2454 2667 2514 and
2703 2455 2766 2515 was
2794 2455 2908 2515 carried
2944 2456 2971 2516 to

2274 2494 2322 2554 his
2363 2494 2433 2554 bed.
2478 2496 2526 2556 He
2571 2498 2663 2558 never
2703 2499 2849 2559 regained
2894 2500 2968 2560 con¬

2281 2536 2474 2596 sciousness.

2302 2581 2512 2641 Schnitzler's
2544 2581 2629 2641 fame
2666 2581 2727 2641 was
2768 2584 2977 2644 world-wide,

2277 2623 2329 2683 and
2366 2621 2414 2681 his
2447 2623 2604 2683 principal
2646 2623 2746 2683 works
2792 2625 2844 2685 had
2893 2626 2965 2686 been

2272 2664 2445 2724 translated
2505 2665 2570 2725 into
2635 2667 2726 2727 many
2786 2668 2976 2728 languages.

2274 2705 2398 2765 Shortly
2424 2708 2527 2768 before
2553 2707 2600 2767 his
2627 2709 2712 2769 deach
2747 2709 2781 2769 he
2807 2710 2871 2770 was
2893 2709 2970 2769 con¬

2277 2748 2406 2808 sidering
2463 2749 2475 2809 a
2532 2751 2714 2811 suggestion
2771 2751 2803 2811 of
2853 2754 2965 2814 Joseph

2277 2790 2481 2850 Schildkraut
2519 2792 2589 2852 that
2628 2792 2665 2852 lie
2707 2793 2790 2853 write
2832 2792 2878 2852 for
2920 2792 2969 2852 the

2275 2833 2392 2893 talking
2423 2835 2519 2895 films.

2313 2875 2427 2935 Arthur
2461 2876 2632 2936 Schnitzler
2666 2876 2727 2936 was
2757 2876 2770 2936 a
2804 2879 2961 2939 physician

2271 2913 2332 2973 jand
2368 2914 2381 2974 a
2421 2917 2589 2977 Viennese.
2629 2919 2677 2979 He
2713 2918 2854 2978 acquired
2890 2921 2956 2981 from

2271 2952 2328 3012 one
2355 2954 2417 3014 role
2444 2954 2457 3014 a
2484 2959 2692 3019 combination
2723 2960 2754 3020 of
2781 2963 2975 3023 intellectual

2270 2993 2431 3053 jaloofness
2457 2996 2512 3056 and
2541 2996 2552 3056 a
2586 2996 2666 3056 warm
2707 3002 2890 3062 sympathy,
2909 3005 2967 3065 and

2267 3033 2335 3093 from
2370 3035 2418 3095 the
2442 3036 2525 3096 other
2545 3038 2556 3098 a
2579 3041 2753 3101 somewhat
2769 3044 2974 3104 paradoxical

2268 3076 2358 3136 union
2398 3076 2429 3136 of
2461 3079 2641 3139 brightness
2677 3080 2744 3140 with
2779 3082 2814 3142 an
2854 3085 2968 3145 under¬

2270 3118 2395 3178 current
2432 3120 2461 3180 of
2498 3124 2708 3184 melancholy.
2750 3126 2797 3186 He
2835 3127 2897 3187 was
2934 3130 2967 3190 of

2261 3160 2378 3220 Jewish
2419 3163 2589 3223 extraction
2631 3166 2703 3226 and,
2732 3169 2882 3229 spending
2919 3171 2963 3231 his

2267 3202 2320 3262 life
2347 3202 2373 3262 in
2407 3202 2441 3262 an
2472 3205 2688 3265 anti-Semitic
2718 3210 2794 3270 city,
2817 3209 2877 3269 was
2908 3211 2961 3271 ex¬

2265 3244 2352 3304 posed
2382 3244 2408 3304 to
2434 3245 2525 3305 abuse
2548 3249 2602 3309 and
2632 3250 2797 3310 criticism.
2830 3251 2885 3311 His
2907 3252 2958 3312 oc¬

2264 3284 2408 3344 casional
2435 3288 2599 3348 pessimism
2649 3291 2782 3351 perhaps
2817 3294 2900 3354 came
2931 3297 2961 3357 to

2256 3327 2309 3387 him
2352 3327 2416 3387 from
2463 3330 2544 3390 these
2577 3333 2790 3393 experiences.

2297 3366 2344 3426 He
2372 3369 2434 3429 was
2462 3369 2528 3429 born
2560 3372 2583 3432 in
2615 3372 2728 3432 Vienna
2760 3376 2791 3436 on
2823 3375 2889 3435 May
2917 3378 2964 3438 15,

2261 3408 2347 3468 1862,
2374 3410 2401 3470 in
2439 3410 2526 3470 what
2558 3413 2584 3473 is
2618 3414 2675 3474 now
2721 3417 2812 3477 called
2851 3417 2960 3477 Prater

2261 3449 2378 3509 Street.
2424 3453 2481 3513 His
2516 3456 2618 3516 father
2649 3455 2713 3515 was
2744 3457 2759 3517 a
2793 3459 2953 3519 physician

2258 3491 2342 3551 much
2376 3493 2401 3553 in
2435 3494 2523 3554 favor
2553 3494 2623 3554 with
2656 3497 2704 3557 the
2734 3499 2818 3559 stars
2849 3500 2878 3560 of
2904 3501 2955 3561 the

2257 3532 2344 3592 opera
2374 3533 2426 3593 and
2452 3536 2574 3596 theatre
2596 3538 2651 3598 and
2678 3539 2725 3599 the
2747 3542 2957 3602 aristocracy;

2254 3575 2290 3635 an
2331 3575 2444 3635 editor,
2474 3578 2485 3638 a
2526 3579 2687 3639 professor
2721 3581 2779 3641 and
2820 3583 2867 3643 the
2905 3581 2956 3641 re¬

2258 3617 2364 3677 cipent
2398 3617 2430 3677 of
2464 3620 2582 3680 foreign
2626 3623 2840 3683 decorations.
2888 3624 2950 3684 The

2256 3659 2307 3719 son
2347 3659 2417 3719 grew
2466 3662 2502 3722 up
2543 3662 2568 3722 in
2609 3662 2642 3722 an
2683 3664 2881 3724 atmosphere
2922 3667 2951 3727 of

2252 3700 2361 3760 luxury
2391 3701 2446 3761 and
2472 3701 2608 3761 followed
2637 3703 2685 3763 the
2711 3706 2802 3766 usual
2821 3709 2898 3769 lines
2920 3709 2953 3769 of

2252 3744 2435 3804 education.
2483 3746 2531 3806 He
2568 3747 2737 3807 graduated
2782 3749 2844 3809 from
2899 3749 2947 3809 the

2254 3784 2418 3844 Academic
2459 3787 2650 3847 Gymnasium
2706 3787 2731 3847 in
2776 3791 2856 3851 1879,
2890 3793 2945 3853 and

2255 3827 2321 3887 then
2351 3828 2431 3888 went
2453 3829 2478 3889 to
2505 3829 2552 3889 the
2578 3832 2754 3892 University
2780 3830 2809 3890 of
2831 3834 2940 3894 Vienna

2250 3868 2283 3928 as
2306 3868 2316 3928 a
2346 3870 2476 3930 student
2502 3870 2531 3930 of
2558 3873 2720 3933 medicine,
2743 3875 2872 3935 winning
2902 3879 2950 3939 his

2253 3909 2362 3969 degree
2390 3912 2412 3972 in
2441 3912 2526 3972 1885.

2282 3951 2405 4011 Always
2437 3954 2604 4014 interested
2644 3954 2668 4014 in
2704 3956 2751 4016 the
2788 3958 2839 4018 life
2872 3958 2903 4018 of
2931 3960 2943 4020 a

2255 3996 2429 4056 physician,
2444 3996 2561 4056 despite
2585 3998 2630 4058 his
2653 3997 2728 4057 later
2751 4002 2948 4062 withdrawal

2250 4036 2314 4096 from
2349 4038 2387 4098 it,
2405 4038 2580 4098 Schnitzler
2603 4040 2697 4100 spent
2719 4041 2765 4101 the
2792 4042 2864 4102 next
2886 4041 2933 4101 few

2247 4079 2339 4139 years
2360 4079 2384 4139 in
2409 4079 2530 4139 various
2555 4081 2676 4141 clinics.
2705 4082 2786 4142 Once
2811 4082 2843 4142 he
2864 4083 2944 4143 went

2249 4121 2276 4181 to
2300 4121 2422 4181 London
2446 4121 2473 4181 to
2497 4124 2582 4184 study
2607 4124 2747 4184 hospital
2764 4127 2948 4187 conditions.

2250 4161 2294 4221 He
2331 4163 2395 4223 was
2432 4166 2456 4226 in
2497 4166 2631 4226 addition
2676 4167 2688 4227 a
2725 4169 2874 4229 reviewer
2911 4169 2943 4229 of
