3344 4320
556 196 644 256 Einen
671 195 733 255 Tag
760 197 809 257 vor
836 198 943 258 Arthur
965 198 1139 258 Schnitzlers
1161 198 1223 258 Tod
1250 198 1281 258 ist
1304 200 1353 260 sein
1380 201 1473 261 letztes
1495 202 1593 262 Werk,

520 236 567 296 der
591 234 703 294 Roman
737 235 897 295 „Flucht
916 234 948 294 in
977 236 1038 296 die
1067 238 1340 298 Finsternis“,
1359 240 1514 300 erschienen
1548 242 1599 302 (S.

525 273 647 333 Fischer,
661 273 788 333 Verlag,
807 273 943 333 Berlin).
976 275 1148 335 Schnitzler,
1167 276 1212 336 der
1235 276 1280 336 als
1303 277 1417 337 Dichter
1440 277 1494 337 und
1522 280 1594 340 Arzt

524 312 565 372 sich
590 312 693 372 immer
715 312 822 372 wieder
844 312 897 372 mit
918 314 963 374 dem
1001 315 1105 375 großen
1134 315 1258 375 Problem
1300 316 1350 376 vom
1388 318 1512 378 Sterben
1541 316 1591 376 be¬

522 350 644 410 schäftigt
672 351 735 411 hat,
758 351 890 411 schildert
918 351 977 411 auch
1009 353 1036 413 in
1068 354 1154 414 diesem
1200 354 1277 414 Buch
1310 354 1364 414 das
1392 356 1473 416 Ende
1505 356 1582 416 eines

521 389 692 449 Menschen,
711 389 789 449 eines
821 389 908 449 hohen
940 390 1058 450 Wiener
1085 391 1248 451 Beamten,
1266 392 1314 452 der
1341 392 1393 452 auf
1416 393 1464 453 der
1490 395 1587 455 Flucht

519 425 570 485 vor
596 425 647 485 dem
691 428 840 488 nahenden
871 429 1029 489 Wahnsinn
1060 428 1085 488 in
1115 430 1192 490 einem
1235 431 1337 491 kleinen
1372 431 1509 491 Dörschen
1539 432 1590 492 ge¬

514 467 614 527 landet
632 467 677 527 ist.
692 467 732 527 Er
751 467 782 527 ist
801 468 841 528 sich
869 467 938 527 nicht
956 470 1079 530 darüber
1102 470 1174 530 klar,
1189 470 1215 530 ob
1244 470 1271 530 er
1294 470 1334 530 die
1353 473 1448 533 schöne
1471 473 1594 533 Albate,

520 503 563 563 die
586 506 612 566 er
635 506 758 566 heimlich
785 506 886 566 liebte,
905 507 957 567 und
984 506 1023 566 die
1046 509 1192 569 kraftvolle
1219 509 1333 569 Paula,
1352 511 1404 571 mit
1422 509 1470 569 der
1493 510 1519 570 er
1542 512 1585 572 sich

518 545 659 605 verlobte,
677 545 828 605 ermordet
845 544 899 604 hat
916 544 924 604 —
970 546 1058 606 dabei
1079 547 1146 607 weiß
1176 548 1217 608 er,
1234 548 1284 608 daß
1314 549 1393 609 beide
1419 551 1494 611 leben
1524 552 1594 612 ...

520 582 629 642 Seinen
661 583 775 643 Bruder
793 583 877 643 Otto,
895 583 943 643 der
961 583 1036 643 Arzt
1054 585 1097 645 ist,
1111 586 1160 646 hat
1182 588 1208 648 er
1231 586 1327 646 früher
1350 589 1460 649 einmal
1478 587 1561 647 das¬

517 621 613 681 längst
636 622 747 682 bereute
769 619 778 679 —
827 622 1012 682 Versprechen
1044 624 1274 684 abgenommen,
1292 627 1331 687 ihn
1363 628 1385 688 zu
1412 628 1504 688 töten,
1522 628 1588 688 falls

511 661 537 721 er
564 658 591 718 in
622 659 667 719 die
694 661 787 721 Nacht
815 661 864 721 des
900 664 1078 724 Wahnsinns
1110 663 1195 723 fallen
1231 664 1324 724 sollte.
1347 664 1356 724 —
1410 666 1450 726 Im
1491 665 1584 725 letzten

513 700 633 760 Kapitel
659 700 704 760 des
730 702 867 762 Romans
896 701 1000 761 wartet
1021 702 1071 762 der
1092 703 1283 763 Sektionsrat
1304 706 1421 766 Robert
1442 705 1462 765 in
1492 705 1566 765 einem

516 739 669 799 ärmlichen
702 740 827 800 Gasthof
851 741 902 801 auf
926 741 1041 801 Paula,
1061 742 1102 802 die
1126 742 1153 802 er
1177 744 1381 804 telegraphisch
1410 745 1437 805 zu
1466 746 1507 806 sich
1540 744 1568 804 ge

514 777 598 837 beten
631 778 695 838 hat.

446 831 485 891 Er
511 835 576 895 trat
597 835 647 895 ins
673 840 824 900 Haustor
850 841 910 901 und
941 841 1042 901 fragte
1068 840 1118 900 für
1144 843 1198 903 alle
1225 843 1315 903 Fälle
1341 844 1528 904 nochmals,
1548 843 1578 903 ob

403 883 480 943 nicht
506 885 547 945 ein
579 888 734 948 Depesche
761 888 812 948 für
839 890 884 950 ihn
922 891 1103 951 gekommen
1134 891 1191 951 sei.
1207 891 1274 951 Der
1301 891 1388 951 Wirt
1409 892 1502 952 klärte
1529 891 1580 951 ihn

402 931 475 991 auf,
491 933 544 993 daß
574 935 603 995 es
628 933 652 993 in
682 935 775 995 diesem
815 936 932 996 kleinen
962 938 1035 998 Orte
1060 939 1114 999 von
1139 939 1153 999 7
1178 939 1242 999 Uhr
1262 939 1384 999 abends
1409 939 1458 999 bis
1483 939 1492 999 7
1517 939 1581 999 Uhr

402 980 466 1040 früh
491 978 593 1038 keinen
623 984 962 1044 Telegraphendienst
982 984 1076 1044 gäbe.
1096 987 1164 1047 Nun
1189 987 1238 1047 kam
1282 987 1405 1047 Robert
1425 987 1478 1047 auf
1499 987 1577 1047 seine

402 1025 475 1085 erste
503 1025 733 1085 Vermutung.

442 1076 482 1136 Er
509 1081 601 1141 suchte
627 1082 684 1142 sein
715 1085 860 1145 Zimmer
881 1085 937 1145 auf
958 1086 1015 1146 und
1041 1085 1123 1145 legte
1144 1086 1190 1146 sich
1217 1091 1485 1151 unausgekleidet
1511 1090 1578 1150 aufs

400 1128 493 1188 Bett.
508 1131 586 1191 Eine
611 1132 743 1192 Stunde
768 1133 871 1193 wollte
896 1135 925 1195 er
950 1136 1066 1196 ruhen,
1082 1136 1160 1196 denn
1190 1139 1400 1199 Mitternacht
1421 1138 1489 1198 war
1509 1138 1581 1198 vor¬

397 1178 496 1238 über,
522 1179 582 1239 und
618 1178 662 1238 sich
698 1180 778 1240 dann
819 1181 939 1241 wieder
970 1183 1004 1243 an
1040 1185 1095 1245 den
1135 1187 1296 1247 Bahnhof
1321 1187 1482 1247 öegeben.
1533 1188 1577 1248 Er

402 1225 509 1285 löschte
539 1227 593 1287 das
628 1228 711 1288 Licht
741 1231 819 1291 nicht
849 1231 907 1291 aus
937 1231 1001 1291 und
1031 1231 1143 1291 starrte
1173 1234 1226 1294 von
1266 1234 1364 1294 seinem
1413 1234 1491 1294 Bett
1516 1234 1575 1294 aus

403 1274 485 1334 durch
516 1276 572 1336 das
599 1279 939 1339 gegenüberliegende
965 1282 1094 1342 Fenster
1120 1282 1140 1342 in
1177 1282 1218 1342 die
1244 1283 1362 1343 Nacht.
1378 1283 1419 1343 Er
1445 1284 1491 1344 sah
1523 1283 1579 1343 nur

400 1321 454 1381 den
485 1326 625 1386 Himmel
651 1327 706 1387 und
737 1327 802 1387 eine
827 1327 968 1387 einsame
994 1330 1210 1390 Felsenspitze,
1230 1332 1306 1392 über
1331 1333 1381 1393 der
1407 1333 1447 1393 ein
1477 1333 1572 1393 Stern

401 1373 611 1433 schimmerte.
627 1375 692 1435 Vom
733 1375 893 1435 Kirchturm
934 1378 1025 1438 schlug
1050 1378 1080 1438 es
1105 1378 1175 1438 halb
1202 1381 1286 1441 eins,
1302 1381 1362 1441 und
1387 1381 1433 1441 die
1453 1381 1578 1441 Klänge

397 1422 501 1482 tönten
532 1422 628 1482 lange
648 1422 728 1482 fort,
749 1422 794 1482 als
820 1424 924 1484 wollte
950 1425 995 1485 die
1021 1427 1121 1487 Nacht
1142 1426 1176 1486 sie
1203 1428 1277 1488 nicht
1303 1428 1419 1488 wieder
1444 1428 1579 1488 heraus¬

395 1470 513 1530 geben;
543 1470 581 1530 sie
612 1471 744 1531 wurden
779 1473 907 1533 lauter,
932 1472 1035 1532 voller
1065 1473 1123 1533 und
1163 1476 1276 1536 endlich
1311 1479 1478 1539 dröhnend
1518 1476 1576 1536 wie

395 1518 606 1578 Orgelklang.
627 1520 667 1580 In
704 1520 792 1580 einer
818 1520 967 1580 riesigen,
988 1521 1070 1581 sonst
1097 1523 1189 1583 völlig
1221 1526 1318 1586 leeren
1355 1527 1457 1587 Kirche
1484 1525 1576 1585 wan¬

399 1566 477 1626 delte
502 1566 629 1626 Robert
654 1566 712 1626 mit
733 1566 796 1626 Dr.
816 1569 977 1629 Leimbach
1007 1570 1139 1630 umher,
1160 1572 1218 1632 und
1243 1572 1276 1632 an
1311 1574 1360 1634 der
1385 1575 1502 1635 Orgel,
1517 1573 1580 1633 un¬

398 1613 543 1673 gesehen,
569 1614 644 1674 aber
675 1613 800 1673 Robert
826 1615 896 1675 doch
927 1617 1078 1677 bewußt,
1099 1619 1144 1679 saß
1179 1620 1229 1680 der
1260 1621 1391 1681 Pianist
1416 1621 1477 1681 aus
1507 1622 1557 1682 dem

391 1661 596 1721 Nachtlokal,
612 1662 762 1722 während
787 1664 968 1724 Höhnburg
994 1664 1044 1724 die
1064 1667 1209 1727 Register
1230 1667 1295 1727 trat
1316 1670 1375 1730 und
1401 1670 1496 1730 dabei
1517 1671 1571 1731 wie

398 1706 432 1766 ein
468 1709 669 1769 Hanswurst
695 1708 745 1768 den
781 1711 871 1771 Kopf
897 1710 972 1770 weit
999 1712 1078 1772 über
1104 1713 1149 1773 die
1185 1715 1346 1775 Brüstung
1377 1717 1432 1777 des
1463 1718 1573 1778 Chors

390 1757 507 1817 streckte
537 1756 595 1816 und
625 1757 742 1817 immer
772 1758 889 1818 wieder
919 1760 1105 1820 zurückzog.
1125 1766 1291 1826 Leimbach
1326 1766 1399 1826 aber
1429 1768 1575 1828 erklärte,

391 1805 445 1865 daß
476 1803 526 1863 der
546 1805 651 1865 Mann
682 1805 752 1865 dort
772 1807 847 1867 oben
873 1808 953 1868 nicht
973 1808 1054 1868 etwa
1079 1811 1144 1871 eine
1165 1811 1255 1871 Fuge
1280 1813 1335 1873 von
1361 1813 1441 1873 Bach
1466 1813 1576 1873 spiele,

390 1852 521 1912 sondern
554 1854 611 1914 daß
643 1852 674 1912 er
702 1855 1019 1915 Lebensgeschichten
1052 1856 1077 1916 in
1110 1858 1215 1918 Musik
1242 1858 1326 1918 setze,
1348 1861 1406 1921 wie
1438 1861 1490 1921 das
1522 1858 1575 1918 be¬

391 1900 535 1960 kanntlich
566 1902 623 1962 alle
649 1903 804 1963 begabten
840 1906 1000 1966 Pianisten
1032 1904 1108 1964 tun.
1129 1906 1238 1966 Gleich
1264 1909 1388 1969 darauf
1409 1909 1573 1969 wanderte

389 1949 518 2009 Robert
540 1951 681 2011 zwischen
714 1954 931 2014 Bahngleisen
964 1954 1033 2014 hin,
1055 1956 1136 2016 einer
1164 1956 1283 2016 offenen
1316 1957 1505 2017 Landschaft
1527 1958 1580 2018 zu,

387 1998 446 2058 mit
471 1998 559 2058 einer
589 1998 677 2058 roten
712 2002 829 2062 Fahne
859 2001 888 2061 in
923 1999 976 2059 der
1007 2002 1119 2062 Hand,
1145 2004 1193 2064 die
1223 2004 1257 2064 er
1287 2005 1562 2065 ununterbrochen

390 2044 554 2104 schwenkte
581 2046 642 2106 und
669 2049 782 2109 endlich
813 2048 869 2108 auf
896 2047 983 2107 einen
1015 2052 1185 2112 Erdhügel
1206 2053 1366 2113 pflanzte,
1382 2053 1475 2113 unter
1501 2055 1552 2115 dem

388 2092 511 2152 Alberta
543 2094 703 2154 begraben
730 2097 796 2157 lag.
828 2097 920 2157 Dann
952 2100 1050 2160 schritt
1071 2100 1102 2160 er
1123 2100 1179 2160 auf
1201 2101 1288 2161 einem
1330 2103 1474 2163 schmalen
1506 2099 1568 2159 Ge¬

388 2145 557 2205 birgspfad
584 2144 655 2204 hin,
676 2145 856 2205 Abgründe
888 2145 918 2205 zu
950 2148 1058 2208 beiden
1089 2148 1223 2208 Seiten,
1244 2151 1351 2211 mitten
1383 2151 1470 2211 durch
1501 2151 1568 2211 eine

388 2193 631 2253 wundervolle,
647 2193 742 2253 blaue
769 2194 1012 2254 Winternacht.
1044 2196 1165 2256 Endlich
1198 2197 1245 2257 saß
1277 2199 1324 2259 er,
1346 2199 1494 2259 erfrischt,
1515 2199 1573 2259 mit

381 2240 486 2300 kühlen
517 2240 662 2300 Wangen
693 2241 753 2301 und
779 2240 824 2300 sich
855 2240 905 2300 der
930 2243 1046 2303 Arbeit
1067 2246 1379 2306 entgegenfreuend,
1395 2246 1420 2306 in
1451 2246 1551 2306 seinem

383 2285 496 2345 Büro,
524 2288 572 2348 als
600 2288 734 2348 plötzlich
774 2287 838 2347 sehr
871 2288 967 2348 heftig
1006 2291 1038 2351 an
1077 2291 1125 2351 die
1158 2294 1244 2354 Türe
1277 2294 1418 2354 geklopft
1445 2294 1558 2354 wurde

389 2333 428 2393 Er
454 2335 564 2395 wußte
595 2336 710 2396 sofort,
730 2339 790 2399 daß
826 2338 891 2398 dies
921 2337 986 2397 nur
1012 2339 1187 2399 Albertens
1218 2341 1318 2401 Gatte
1349 2342 1403 2402 sein
1439 2342 1569 2402 konnte,

385 2384 434 2444 der
460 2386 640 2446 gekommen
671 2386 756 2446 war,
777 2387 1002 2447 Rechenschaft
1023 2390 1078 2450 von
1103 2390 1153 2450 ihm
1194 2390 1223 2450 zu
1249 2390 1399 2450 fordern.
1430 2393 1505 2453 Doch
1536 2391 1565 2451 er

384 2431 452 2491 war
479 2432 531 2492 fest
554 2434 775 2494 entschlossen,
797 2436 876 2496 nicht
898 2437 929 2497 zu
961 2436 1088 2496 öffnen.
1110 2437 1279 2497 Vielmehr
1306 2437 1422 2497 verließ
1454 2440 1485 2500 er
1507 2439 1564 2499 den

384 2481 478 2541 Raum
524 2482 609 2542 durch
645 2482 694 2542 die
725 2484 1067 2544 gegenüberliegende
1098 2485 1167 2545 Tür
1198 2485 1258 2545 und
1289 2488 1424 2548 stürmte
1454 2488 1564 2548 weiter

385 2528 472 2588 durch
498 2530 564 2590 eine
585 2532 683 2592 ganze
709 2533 806 2593 Reihe
833 2533 888 2593 von
920 2533 1105 2593 Zimmern;
1121 2533 1146 2593 in
1172 2535 1259 2595 jedem
1296 2536 1424 2596 standen
1450 2536 1568 2596 Tische,

381 2575 415 2635 an
445 2578 528 2638 jedem
572 2578 616 2638 saß
646 2578 685 2638 ein
715 2578 905 2638 Schreiber,
920 2581 1008 2641 deren
1043 2581 1160 2641 Federn
1190 2582 1248 2642 mit
1269 2584 1474 2644 ungeheurer
1494 2581 1562 2641 Eile

379 2623 461 2683 über
482 2625 538 2685 das
570 2626 693 2686 Papier
719 2628 852 2688 fuhren,
874 2626 930 2686 mit
956 2629 1007 2689 der
1029 2629 1121 2689 freien
1152 2630 1244 2690 Hand
1276 2632 1353 2692 aber
1379 2632 1497 2692 warfen
1528 2633 1564 2693 sie

380 2673 428 2733 die
450 2673 558 2733 Bogen
591 2676 612 2736 in
645 2673 748 2733 offene
770 2676 1007 2736 Reisetaschen,
1024 2676 1073 2736 die
1095 2676 1138 2736 sich
1165 2679 1279 2739 immer
1301 2679 1474 2739 selbsttätig
1502 2680 1566 2740 auf¬

373 2721 434 2781 und
461 2724 662 2784 zuschlossen,
678 2724 874 2784 schnappend
906 2724 962 2784 wie
984 2725 1283 2785 Krokodilmäuler.
1299 2728 1412 2788 Dabei
1428 2730 1562 2790 dauerte

376 2770 432 2830 das
458 2770 592 2830 Klopfen
618 2770 731 2830 immer
752 2771 818 2831 fort
834 2773 896 2833 und
922 2772 1010 2832 schien
1036 2775 1128 2835 sogar
1149 2777 1262 2837 stärker
1283 2777 1339 2837 und
1366 2778 1561 2838 dringender

377 2825 407 2885 zu
439 2820 582 2880 werden.
603 2820 835 2880 Unwillkürlich
861 2823 938 2883 griff
959 2823 1087 2883 Robert
1108 2823 1174 2883 nach
1206 2826 1257 2886 dem
1299 2826 1484 2886 Revolver,
1500 2826 1550 2886 den

374 2867 405 2927 er
427 2867 453 2927 in
480 2867 558 2927 alter
585 2867 896 2927 Reisegewohnheit
918 2870 970 2930 auf
986 2870 1044 2930 das
1071 2873 1307 2933 Nachttischchen
1340 2873 1445 2933 gelegt
1466 2876 1566 2936 hatte,

380 2915 471 2975 erhob
504 2915 552 2975 sich
585 2918 681 2978 rasch,
704 2918 806 2978 steckte
834 2918 882 2978 die
915 2918 1022 2978 Waffe
1050 2918 1076 2978 in
1109 2920 1190 2980 seine
1223 2921 1417 2981 Rocktasche,
1439 2922 1563 2982 wußte,

378 2963 432 3023 daß
463 2963 493 3023 er
518 2963 659 3023 erwacht
679 2965 744 3025 war
770 2966 829 3026 und
860 2966 986 3026 dachte:
1007 2968 1061 3028 Ein
1092 2970 1328 3030 Telegramm?
1354 2971 1413 3031 und
1439 2972 1564 3032 fragte:

374 3014 476 3074 „Wer
499 3009 538 3069 ist
561 3011 668 3071 das?“

420 3075 494 3135 „Ich
526 3071 627 3131 bin's,
648 3071 807 3131 Robert,“
834 3073 1003 3133 erwiderte
1035 3073 1098 3133 eine
1126 3076 1289 3136 Stimme.

418 3128 487 3188 Das
528 3125 619 3185 Blut
654 3127 805 3187 erstarrte
846 3128 936 3188 ihm.
967 3127 1017 3187 Es
1048 3128 1118 3188 war
1158 3132 1264 3192 seines
1300 3132 1446 3192 Bruders
1481 3132 1556 3192 Otto

379 3175 539 3235 Stimme.
560 3175 660 3235 Schon
695 3178 756 3238 also
786 3176 851 3236 war
877 3175 907 3235 er
933 3177 982 3237 ihm
1023 3179 1229 3239 nachgereist,
1250 3178 1330 3238 schon
1360 3180 1431 3240 war
1456 3179 1481 3239 er
1507 3182 1561 3242 da,

377 3225 412 3285 um
454 3223 505 3283 sein
537 3223 769 3283 fürchterliches
795 3221 887 3281 Werk
914 3225 939 3285 zu
970 3227 1192 3287 vollbringen.
1213 3226 1264 3286 Ein
1296 3227 1403 3287 Glück,
1425 3227 1481 3287 daß
1507 3228 1553 3288 die

378 3272 442 3332 Tür
473 3270 636 3330 versperrt
662 3273 750 3333 war.

414 3330 519 3390 „Darf
546 3328 615 3388 man
647 3330 800 3390 herein?“
827 3331 932 3391 fragte
959 3333 1048 3393 Otto.
1080 3333 1159 3393 Doch
1186 3333 1238 3393 ehe
1265 3333 1397 3393 Robert
1419 3336 1487 3396 noch
1514 3334 1545 3394 zu

377 3380 556 3440 antworten
594 3380 790 3440 vermochte,
811 3378 929 3438 öffnete
960 3378 1007 3438 sich
1043 3381 1089 3441 die
1121 3383 1208 3443 Tür,
1229 3382 1275 3442 die
1307 3384 1436 3444 Robert
1462 3383 1554 3443 zuzu¬

377 3429 499 3489 sperren
535 3429 693 3489 vergessen
730 3429 836 3489 hatte.

419 3486 518 3546 „Was
552 3485 645 3545 willst
673 3484 755 3544 du?“
784 3485 888 3545 fragte
922 3486 1048 3546 Robert
1071 3488 1131 3548 mit
1159 3490 1385 3550 aufgerissenen
1425 3490 1557 3550 Augen,

372 3534 430 3594 und
461 3535 558 3595 dabei
578 3533 646 3593 war
671 3535 700 3595 er
725 3535 774 3595 sich
804 3534 862 3594 wie
887 3536 976 3596 einer
996 3536 1088 3596 Qual
1109 3536 1162 3596 des
1187 3539 1383 3599 Umstandes
1408 3539 1554 3599 bewußt,

373 3584 431 3644 daß
463 3583 547 3643 beide
574 3584 753 3644 Lidspalten
786 3584 875 3644 gleich
902 3584 981 3644 weit
1003 3584 1076 3644 offen
1108 3587 1256 3647 standen.

417 3641 490 3701 Otto
517 3641 606 3701 stand
639 3641 691 3701 ihm
739 3642 764 3702 in
802 3641 854 3701 der
886 3641 954 3701 Tür
986 3644 1186 3704 gegenüber,
1213 3643 1238 3703 im
1287 3645 1365 3705 Pelz
1397 3645 1454 3705 und
1492 3644 1549 3704 mit

373 3691 457 3751 einem
505 3691 594 3751 dicken
627 3691 727 3751 Schal
749 3691 785 3751 um
833 3691 880 3751 den
918 3691 1012 3751 Hals.
1034 3691 1134 3751 Hastig
1167 3693 1266 3753 sprach
1293 3693 1346 3753 er:
1368 3694 1467 3754 „Man
1500 3692 1552 3752 hat

373 3739 431 3799 mir
452 3739 541 3799 unten
574 3741 695 3801 gesagt,
712 3741 764 3801 daß
796 3740 827 3800 du
855 3739 891 3799 um
929 3739 938 3799 2
965 3739 1028 3799 Uhr
1050 3741 1103 3801 auf
1124 3742 1166 3802 die
1193 3742 1282 3802 Bahn
1309 3743 1462 3803 wolltest,
1478 3742 1546 3802 aber

373 3787 404 3847 du
432 3788 502 3848 hast
519 3790 724 3850 verschlafen.
741 3788 924 3848 Uebrigens
947 3790 1033 3850 wäre
1055 3790 1087 3850 ich
1115 3790 1196 3850 nicht
1213 3793 1331 3853 darauf
1353 3793 1553 3853 gekommen,

375 3837 462 3897 wenn
496 3839 529 3899 ich
563 3840 617 3900 dich
651 3841 733 3901 nicht
756 3841 778 3901 in
811 3839 922 3899 deinem
967 3841 1116 3901 Zimmer
1139 3844 1265 3904 gesehen
1305 3844 1403 3904 hätte.

415 3900 493 3960 „Wo
526 3900 558 3960 ist
578 3900 734 3960 Paula?"
761 3900 865 3960 fragte
892 3900 1022 3960 Robert
1042 3900 1152 3960 heiser.

1697 204 1815 264 „Paula
1847 204 1965 264 kommt
1989 207 2139 267 morgen.
2164 209 2336 269 Vorläufig
2361 213 2456 273 mußt
2480 211 2511 271 du
2551 213 2606 273 dich
2638 216 2684 276 mu
2717 216 2795 276 ihren

1643 251 1776 311 Grüßen
1810 250 2015 310 begnügen.“
2049 252 2092 312 Er
2122 256 2207 316 hatte
2236 258 2422 318 immerfort
2447 258 2489 318 ein
2528 261 2643 321 starres
2677 264 2805 324 Lächeln

1646 302 1680 362 um
1724 297 1767 357 die
1792 297 1938 357 Lippen.

1691 344 1786 404 „Was
1817 346 1907 406 willst
1928 346 1962 406 du
1988 348 2078 408 hier?
2104 349 2225 409 Warum
2266 354 2397 414 kommst
2417 353 2503 413 du?“
2528 354 2568 414 Er
2589 355 2674 415 setzte
2695 357 2740 417 sich
2770 357 2795 417 im

1648 394 1721 454 Bett
1741 392 1809 452 auf,
1825 392 1928 452 fühlte
1953 393 2006 453 das
2032 395 2154 455 Glühen
2184 397 2243 457 und
2273 399 2395 459 Drohen
2425 401 2523 461 seiner
2548 402 2675 462 eigenen
2705 404 2817 464 Blicke.

1693 437 1833 497 „Warum
1875 440 1912 500 ich
1940 441 2090 501 komme?
2114 443 2188 503 Nun
2217 443 2268 503 —.

2299 445 2364 505 und
2392 449 2433 509 ein
2471 449 2706 509 unterdrücktes
2734 450 2817 510 Auf¬

1647 487 1807 547 schluchzen
1847 487 1920 547 war
1950 488 1978 548 in
2013 491 2110 551 Ottos
2145 494 2291 554 Stimme

2381 497 2486 557 „nun,
2506 497 2565 557 zum
2616 497 2751 557 Teufel,
2771 500 2810 560 ich

1646 537 1781 597 komme,
1805 533 1883 593 weil
1903 535 1935 595 es
1968 537 2028 597 mir
2052 536 2079 596 so
2108 539 2247 599 beliebt!
2271 539 2349 599 Was
2378 539 2414 599 ist
2434 542 2484 602 dir
2508 544 2587 604 denn
2620 544 2680 604 nur
2708 544 2815 604 einge¬

1644 585 1752 645 fallen,
1777 580 1930 640 Robert?
1960 582 2038 642 Was
2073 585 2142 645 hast
2167 587 2206 647 du
2241 587 2289 647 dir
2319 589 2393 649 denn
2433 589 2550 649 wieder
2580 590 2605 650 in
2640 590 2694 650 den
2733 592 2816 652 Kopf

1650 632 1778 692 gesetzt?

1692 676 1829 736 „Warum
1878 678 1937 738 bist
1962 678 1995 738 du
2030 677 2093 737 da?
2123 678 2206 738 Was
2236 682 2329 742 willst
2359 682 2392 742 du
2427 683 2481 743 von
2520 685 2603 745 mir?
2633 687 2730 747 Nimm

1646 727 1727 787 nimm
1771 727 1862 787 deine
1891 727 2001 787 Hände
2031 727 2093 787 aus
2122 727 2175 787 dem
2218 728 2314 788 Pelz!

1683 776 1754 836 Otto
1786 774 1837 834 sah
1869 775 1920 835 ihm
1962 775 2044 835 starr
2071 777 2122 837 ins
2148 776 2287 836 Gesicht.
2314 778 2427 838 Zuerst
2449 778 2541 838 schien
2578 778 2608 838 er
2634 779 2716 839 nicht
2743 781 2820 841 recht

1642 827 1670 887 zu
1704 822 1886 882 verstehen.
1911 823 2006 883 Dann
2040 824 2135 884 aber,
2155 824 2217 884 mit
2242 825 2486 885 übertriebener
2515 825 2688 885 Gebärde,
2712 826 2755 886 riß
2789 825 2817 885 er

1639 870 1726 930 beide
1747 872 1860 932 Hände
1886 871 1943 931 aus
1970 870 2020 930 den
2047 872 2175 932 Taschen
2207 873 2305 933 seines
2331 873 2465 933 Pelzes,
2481 873 2635 933 schüttelte
2657 875 2707 935 den
2734 875 2821 935 Kopf

1645 918 1699 978 und
1730 920 1845 980 verzog
1876 918 1931 978 den
1966 921 2091 981 Mund,
2112 919 2157 979 als
2188 923 2278 983 wenn
2314 922 2344 982 er
2369 924 2469 984 lachen
2505 924 2630 984 wollte,
2651 925 2731 985 dann
2767 927 2811 987 biß

1639 968 1670 1028 er
1697 967 1739 1027 sich
1771 967 1797 1027 in
1829 969 1876 1029 die
1903 969 2025 1029 Lippen
2058 969 2115 1029 und
2148 971 2254 1031 sagte:
2281 971 2344 1031 „Du
2376 969 2386 1029 —
2439 971 2471 1031 du
2503 972 2646 1032 träumst
2668 974 2815 1034 offenbar

1643 1015 1732 1075 noch.
1754 1014 1854 1074 Komm
1897 1017 1965 1077 doch
1997 1019 2023 1079 zu
2056 1019 2123 1079 dir.
2150 1021 2202 1081 Ich
2235 1020 2335 1080 bin's,
2356 1019 2493 1079 Robert,
2515 1019 2525 1079 —
2578 1022 2647 1082 dein
2679 1022 2821 1082 Bruder,

1636 1063 1702 1123 dein
1741 1063 1889 1123 Freund.
1929 1061 2010 1121 Was
2044 1063 2158 1123 bildest
2187 1064 2220 1124 du
2260 1065 2307 1125 dir
2341 1067 2417 1127 denn
2456 1064 2533 1124 ein?
2567 1067 2643 1127 Dein
2682 1069 2811 1129 Bruder

1700 1109 1841 1169 Robert.
1861 1109 1911 1169 So
1942 1111 2058 1171 glaube
2089 1111 2179 1171 doch,
2200 1112 2225 1172 so
2256 1112 2342 1172 wisse
2368 1113 2433 1173 doch
2464 1115 2600 1175 endlich,
2626 1112 2655 1172 es
2681 1114 2721 1174 ist
2742 1117 2807 1177 doch

1638 1160 1720 1220 nicht
1741 1159 1766 1219 im
1808 1159 1906 1219 Ernst
1932 1160 2081 1220 möglich,
2102 1161 2205 1221 dann,
2226 1162 2262 1222 du
2293 1160 2303 1220 —
2355 1161 2458 1221 denkst
2479 1157 2494 1217 —

1681 1214 1744 1274 Und
1777 1213 1818 1273 die
1845 1215 1956 1275 Worie
1983 1217 2141 1277 versagten
2174 1219 2258 1279 ihm.
2274 1219 2316 1279 In
2343 1219 2443 1279 seinen
2476 1219 2586 1279 Augen
2618 1219 2681 1279 roar
2708 1221 2824 1281 Angst,

1638 1263 1765 1323 Mitleid
1795 1261 1853 1321 und
1883 1263 1981 1323 Liebe
2006 1264 2089 1324 ohne
2114 1267 2260 1327 Maßen.
2290 1267 2368 1327 Doch
2398 1267 2451 1327 dem
2496 1267 2623 1327 Bruder
2648 1267 2814 1327 bedeutete

1636 1312 1688 1372 der
1710 1312 1826 1372 feuchte
1848 1313 1952 1373 Glanz
1974 1311 2074 1371 dieses
2101 1314 2216 1374 Blickes
2238 1315 2354 1375 Tücke,
2370 1316 2523 1376 Drohung
2550 1315 2612 1375 und
2639 1316 2723 1376 Tod.
2740 1317 2808 1377 Otto

1641 1362 1774 1422 wieder,
1794 1360 1850 1420 von
1880 1361 1931 1421 dem
1975 1362 2137 1422 Ausdruck
2161 1363 2213 1423 des
2242 1363 2394 1423 Grauens
2424 1363 2447 1423 in
2476 1363 2528 1423 des
2557 1365 2705 1425 Bruders
2734 1365 2815 1425 Ant¬

1639 1409 1688 1469 litz
1716 1408 1737 1468 im
1788 1407 1904 1467 tiefsten
1949 1407 2142 1467 erschüttert,
2170 1412 2363 1472 beherrschte
2397 1412 2446 1472 sich
2480 1411 2562 1471 nicht
2591 1414 2729 1474 länger,
2751 1413 2817 1473 trat

1639 1462 1713 1522 ganz
1738 1457 1821 1517 nahe
1846 1455 1880 1515 an
1915 1456 1964 1516 ihn
1994 1458 2112 1518 heran,
2132 1461 2166 1521 um
2211 1461 2260 1521 ihn
2290 1461 2319 1521 zu
2349 1461 2521 1521 umarmen
2551 1463 2615 1523 und
2645 1464 2689 1524 ihn
2724 1464 2807 1524 durch

1641 1506 1683 1566 die
1715 1506 1900 1566 rückhaltlos
1932 1506 2069 1566 innigste
2101 1509 2254 1569 Gebärde
2281 1510 2381 1570 seiner
2413 1512 2624 1572 brüderlichen
2668 1512 2820 1572 Zärtlich¬

1633 1556 1689 1616 keit
1715 1555 1741 1615 zu
1778 1556 1963 1616 versichern.
1984 1557 2114 1617 Robert
2140 1557 2233 1617 aber,
2254 1558 2305 1618 des
2337 1560 2487 1620 Bruders
2513 1559 2601 1619 kühle
2632 1560 2745 1620 Hände
2772 1558 2808 1618 an

1645 1605 1736 1665 seinem
1780 1605 1876 1665 Halse
1899 1605 2055 1665 fühlend,
2078 1606 2228 1666 zweifelte
2261 1607 2320 1667 nun
2353 1607 2434 1667 nicht
2462 1607 2569 1667 mehr,
2591 1607 2650 1667 daß
2683 1608 2736 1668 der
2764 1607 2817 1667 ge¬

1633 1652 1800 1712 fürchtete,
1822 1652 1881 1712 daß
1914 1650 1968 1710 der
2001 1655 2195 1715 Augenblick
2222 1655 2276 1715 der
2310 1655 2466 1715 höchsten,
2494 1656 2547 1716 der
2575 1656 2807 1716 entsetzlichsten

1634 1700 1755 1760 Gefahr
1777 1701 1957 1761 gekommen
1989 1700 2042 1760 sei,
2064 1703 2153 1763 gegen
2186 1705 2233 1765 die
2255 1703 2280 1763 in
2308 1703 2392 1763 jeder
2419 1704 2519 1764 Weise
2546 1704 2593 1764 sich
2620 1706 2646 1766 zu
2679 1706 2805 1766 wehren

1635 1750 1722 1810 durch
1748 1751 1944 1811 menschliche
1965 1751 2026 1811 und
2053 1753 2191 1813 göttliche
2218 1753 2336 1813 Gesetze
2362 1754 2506 1814 erlaubt,
2522 1754 2548 1814 ja
2574 1754 2702 1814 geboten
2734 1757 2816 1817 war.

1641 1798 1677 1858 In
1704 1796 1756 1856 der
1778 1798 1957 1858 Rocktasche
1979 1798 2110 1858 spannte
2132 1800 2163 1860 er
2185 1802 2343 1862 vorsichtig
2370 1802 2422 1862 den
2449 1803 2538 1863 Hahn
2571 1802 2670 1862 seiner
2692 1804 2818 1864 Waffe,

1637 1843 1695 1903 und
1727 1843 1879 1903 während
1912 1843 1969 1903 der
1996 1846 2127 1906 Bruder
2154 1848 2207 1908 ihm
2249 1849 2286 1909 am
2334 1849 2423 1909 Halse
2450 1850 2544 1910 hing,
2571 1851 2650 1911 setzte
2682 1849 2713 1909 er
2740 1851 2808 1911 ihre

1636 1891 1810 1951 Mündung
1842 1891 1873 1951 an
1905 1891 2000 1951 Ottos
2032 1893 2142 1953 Brust,
2164 1894 2216 1954 der
2238 1894 2306 1954 jetzt
2333 1896 2390 1956 erst
2412 1898 2543 1958 merkte,
2565 1898 2633 1958 was
2660 1897 2707 1957 sich
2734 1896 2812 1956 vor¬

1638 1942 1798 2002 bereitete.
1819 1940 1904 2000 Aber
1930 1941 1955 2001 im
2001 1944 2212 2004 Augenblick.
2229 1945 2263 2005 da
2294 1945 2324 2005 er
2349 1946 2515 2006 erkannte,
2536 1947 2601 2007 was
2633 1948 2657 2008 im
2698 1948 2808 2008 Werke

1637 1989 1719 2049 war,
1740 1988 1806 2048 nach
1838 1989 1894 2049 dem
1941 1990 2044 2050 Laufe
2071 1991 2122 2051 der
2153 1992 2261 2052 Waffe
2288 1995 2448 2055 greifend,
2469 1996 2711 2056 zurückweichen
2748 1997 2804 2057 und

1627 2034 1709 2094 rufen
1746 2036 1870 2096 wollte,
1891 2036 1958 2096 war
1985 2040 2031 2100 ihm
2078 2040 2124 2100 die
2151 2042 2259 2102 Kugel
2280 2042 2383 2102 mitten
2415 2044 2466 2104 ins
2493 2046 2575 2106 Herz
2602 2046 2809 2106 gedrungen,

1632 2085 1691 2145 und
1722 2085 1752 2145 er
1778 2085 1843 2145 sank
1869 2087 1989 2147 lautlos
2020 2087 2076 2147 auf
2096 2090 2146 2150 den
2182 2091 2293 2151 Boden
2324 2091 2449 2151 nieder.

1671 2142 1800 2202 Robert
1822 2144 1914 2204 aber,
1930 2145 2000 2205 noch
2028 2147 2104 2207 nicht
2126 2148 2179 2208 zum
2223 2148 2423 2208 Bewußtsein
2457 2151 2553 2211 seiner
2576 2152 2640 2212 Tat
2662 2154 2808 2214 gelangt,

1633 2192 1689 2252 nur
1721 2190 1777 2250 erst
1798 2190 1823 2250 in
1860 2190 1911 2250 der
1938 2194 2081 2254 Ahnung
2113 2193 2164 2253 des
2195 2198 2463 2258 Grauenhaften,
2484 2199 2809 2259 Unwiderruflichen,

1631 2238 1687 2298 das
1713 2238 1872 2298 geschehen
1904 2241 1991 2301 war,
2012 2242 2068 2302 und
2095 2243 2120 2303 in
2151 2243 2239 2303 einer
2265 2245 2409 2305 dumpfen
2440 2248 2559 2308 Angst,
2575 2249 2646 2309 noch
2673 2249 2739 2309 hier
2765 2249 2796 2309 an

1628 2288 1691 2348 Ort
1712 2286 1770 2346 und
1797 2286 1896 2346 Stelle
1923 2288 1949 2348 zu
1981 2291 2128 2351 erfassen,
2150 2291 2218 2351 was
2245 2294 2271 2354 er
2293 2295 2408 2355 getan,
2419 2295 2535 2355 stürzte
2556 2296 2587 2356 an
2620 2297 2672 2357 der
2693 2297 2798 2357 Leiche

1626 2335 1675 2395 des
1701 2334 1847 2394 Bruders
1873 2337 1983 2397 vorbei
2004 2339 2090 2399 durch
2115 2341 2165 2401 den
2191 2342 2322 2402 dunklen
2348 2344 2459 2404 Gang,
2480 2344 2524 2404 die
2545 2343 2671 2403 Treppe
2692 2347 2807 2407 hinab,

1628 2384 1706 2444 über
1728 2386 1780 2446 den
1812 2387 1907 2447 Flur,
1928 2389 2012 2449 durch
2044 2389 2096 2449 das
2123 2387 2181 2447 seit
2197 2390 2291 2450 Ottos
2318 2392 2460 2452 Ankunft
2482 2393 2550 2453 noch
2582 2394 2660 2454 nicht
2682 2395 2797 2455 wieder

1629 2432 1828 2492 geschlossene
1855 2435 2019 2495 Haustor,
2041 2437 2093 2497 lief
2114 2437 2193 2497 über
2221 2437 2267 2497 den
2300 2439 2568 2499 menschenleeren
2601 2443 2806 2503 Marktplatz,

1627 2479 1711 2539 durch
1749 2479 1801 2539 die
1833 2482 1928 2542 lange
1960 2485 2150 2545 Dorfstraße
2188 2485 2214 2545 in
2251 2487 2298 2547 die
2336 2488 2409 2548 freie
2447 2488 2637 2548 Landschaft
2669 2490 2806 2550 hinaus,

1632 2528 1734 2588 stapfte
1760 2529 1848 2589 durch
1879 2530 1930 2590 den
1962 2532 2060 2592 hohen
2091 2532 2235 2592 Schnee,
2257 2534 2338 2594 warf
2360 2535 2410 2595 den
2443 2536 2576 2596 Mantel
2597 2538 2654 2598 ab,
2675 2537 2726 2597 der
2747 2539 2798 2599 ihn

1626 2578 1650 2638 im
1690 2578 1812 2638 Laufen
1843 2580 2004 2640 hinderte,
2024 2581 2151 2641 stürmte
2182 2581 2294 2641 immer
2320 2583 2398 2643 fort,
2413 2584 2530 2644 immer
2555 2586 2683 2646 weiter,
2703 2586 2796 2646 nichts

1627 2626 1652 2686 in
1678 2627 1745 2687 sich,
1766 2626 1812 2686 als
1838 2626 1889 2686 den
1921 2626 2013 2686 festen
2045 2628 2178 2688 Willen,
2199 2632 2339 2692 niemals
2365 2632 2416 2692 zur
2442 2632 2628 2692 Besinnung
2659 2634 2690 2694 zu
2716 2633 2803 2693 kom¬

1627 2673 1691 2733 men
1722 2673 1731 2733 —
1782 2673 1867 2733 durch
1898 2673 1962 2733 eine
1988 2675 2153 2735 klingende
2179 2679 2274 2739 blaue
2300 2679 2414 2739 Nacht,
2430 2679 2480 2739 die
2500 2681 2640 2741 niemals
2671 2682 2716 2742 für
2742 2682 2786 2742 ihn

1625 2722 1720 2782 enden
1752 2721 1867 2781 durfte.
1894 2723 1962 2783 Und
1989 2721 2021 2781 er
2043 2723 2169 2783 wußte,
2185 2724 2237 2784 daß
2270 2726 2295 2786 er
2322 2728 2417 2788 diesen
2444 2730 2576 2790 gleichen
2608 2729 2681 2789 Weg
2708 2730 2787 2790 schon

1625 2772 1830 2832 tausendaml
1852 2772 2063 2832 dahingerast
2084 2773 2147 2833 und
2174 2775 2232 2835 daß
2264 2776 2311 2836 ihm
2354 2778 2517 2838 bestimmt
2539 2778 2623 2838 war,
2644 2780 2691 2840 ihn
2723 2781 2791 2841 noch

1622 2820 1773 2880 tausende
1806 2820 1897 2880 Male
1942 2822 1990 2882 bis
2023 2823 2049 2883 in
2093 2821 2152 2881 alle
2185 2826 2342 2886 Ewigkeit
2380 2826 2466 2886 durch
2505 2829 2667 2889 klingende
2700 2829 2796 2889 blaue

1626 2867 1740 2927 Nächte
1769 2867 2010 2927 hinzufliehen.

1662 2923 1756 2983 Nicht
1783 2926 1926 2986 weniger
1958 2926 2005 2986 als
2038 2928 2137 2988 sieben
2175 2929 2254 2989 volle
2286 2930 2503 2990 Wegstunden
2541 2933 2598 2993 von
2635 2936 2688 2996 dem
2736 2933 2799 2993 Ort

1620 2975 1774 3035 entfernt,
1790 2975 1846 3035 aus
1873 2975 1923 3035 dem
1960 2975 1990 3035 er
2012 2977 2156 3037 geflohen
2187 2978 2270 3038 war,
2286 2979 2316 3039 an
2347 2981 2430 3041 einem
2466 2982 2616 3042 steinigen
2642 2983 2801 3043 Abhang,

1625 3020 1673 3080 der
1701 3023 1727 3083 zu
1760 3023 1808 3083 der
1836 3023 1894 3083 fast
1917 3025 2062 3085 vereisten
2095 3026 2175 3086 Ache
2203 3029 2429 3089 hinabführte,
2446 3030 2499 3090 den
2532 3032 2618 3092 Kopf
2640 3032 2704 3092 nach
2737 3030 2790 3090 ab¬

1615 3069 1712 3129 wärts
1744 3071 1914 3131 gewandt,
1935 3072 1991 3132 mit
2018 3076 2260 3136 zerschundenen
2297 3077 2425 3137 Händen
2472 3080 2678 3140 gelrocknetes
2710 3078 2792 3138 Blut

1619 3118 1649 3178 an
1686 3118 1824 3178 Scheitel
1851 3120 1907 3180 und
1939 3121 2052 3181 Stirn,
2073 3124 2222 3184 entdeckte
2254 3127 2320 3187 man
2352 3127 2423 3187 drer
2444 3130 2532 3190 Tage
2558 3130 2661 3190 später
2687 3130 2784 3190 seinen

1619 3169 1783 3229 entseelten
1815 3167 1910 3227 Leib.

1873 3291 1952 3351 Die
1990 3294 2230 3354 Beisetzung
2268 3297 2537 3357 Schnitzlers.

1659 3362 1735 3422 KB.
1755 3364 1869 3424 Wien,
1889 3366 1946 3426 23.
1966 3366 2036 3426 Okt.
2056 3366 2157 3426 Heute
2184 3369 2318 3429 mittags
2344 3369 2420 3429 fand
2446 3369 2471 3429 in
2504 3372 2657 3432 schlichter
2684 3374 2785 3434 Weise

1617 3408 1661 3468 die
1684 3414 1999 3474 Leichenfeier
2016 3415 2070 3475 für
2093 3417 2215 3477 Arthur
2238 3420 2481 3480 Schnitzler
2504 3422 2592 3482 statt.
2609 3424 2647 3484 Im
2687 3423 2786 3483 Laufe

1615 3458 1662 3518 des
1689 3463 1894 3523 Vormittags
1921 3463 2031 3523 fanden
2059 3465 2105 3525 sich
2132 3467 2158 3527 im
2196 3467 2295 3527 Hause
2322 3467 2506 3527 Schnitzlers
2533 3469 2612 3529 Karl
2634 3470 2786 3530 Schön¬

1613 3508 1734 3568 herr,
1745 3511 1850 3571 Franz
1878 3512 2073 3572 Werfel,
2089 3515 2221 3575 Richard
2243 3515 2618 3575 Beer=Hofmann
2651 3518 2708 3578 und
2730 3516 2788 3576 an¬

1611 3557 1677 3617 dere
1704 3558 1854 3618 Freunde
1885 3560 1936 3620 der
1963 3563 2102 3623 Familie
2129 3563 2195 3623 ein.
2222 3564 2366 3624 Mittags
2398 3564 2506 3624 wurde
2532 3565 2584 3625 der
2611 3567 2698 3627 Sarg
2730 3566 2786 3626 auf

1613 3605 1660 3665 den
1697 3611 1972 3671 Leichenfourgon
2010 3614 2147 3674 gestellt,
2168 3614 2353 3674 geschmückt
2380 3614 2438 3674 mit
2470 3616 2522 3676 dem
2571 3615 2697 3675 Kranze
2730 3615 2782 3675 des

1615 3656 1868 3716 Burgtheaters.
1895 3659 1942 3719 Es
1969 3662 2084 3722 folgten
2116 3662 2158 3722 die
2185 3662 2374 3722 Mitglieder
2401 3662 2453 3722 der
2475 3663 2617 3723 Familie
2644 3663 2701 3723 und
2734 3663 2775 3723 die

1613 3706 1756 3766 Freunde
1788 3706 1845 3766 des
1876 3709 2040 3769 Dichters.
2078 3709 2139 3769 Der
2170 3709 2325 3769 Kondukt
2351 3712 2495 3772 bewegte
2527 3710 2573 3770 sich
2610 3711 2696 3771 durch
2733 3710 2779 3770 die

1610 3754 1924 3814 Sternwartestraße
1957 3757 2010 3817 zum
2054 3759 2503 3819 Zentralfriedhof,
2525 3757 2574 3817 wo
2601 3758 2660 3818 der
2688 3760 2774 3820 Sarg

1614 3802 1634 3862 in
1660 3803 1711 3863 der
1737 3806 2046 3866 Zeremonienhalle
2072 3806 2267 3866 aufgebahrt
2289 3807 2412 3867 wurde.
2443 3808 2525 3868 Nach
2551 3808 2602 3868 den
2634 3809 2777 3869 Trauer¬

1607 3855 1807 3915 zeremonien
1850 3856 1987 3916 erfolgte
2030 3856 2108 3916 dann
2147 3856 2193 3916 die
2226 3856 2410 3916 Beisetzung
2442 3858 2469 3918 in
2517 3856 2569 3916 dem
2633 3860 2686 3920 von
2723 3859 2775 3919 der

1605 3903 1842 3963 Israelitischen
1877 3906 2172 3966 Kultusgemeinde
2201 3906 2411 3966 gewidmeten
2446 3906 2655 3966 Ehrengrab.
