3392 4384
363 320 476 380 Arthur
504 318 707 378 Schnitzler.

214 415 283 475 Den
317 416 466 476 beromte
500 413 669 473 ostrigske
726 410 889 470 Forfatter

177 467 209 527 og
276 464 514 524 Dramatiker,
571 461 693 521 Lægen
768 460 890 520 Arthur

179 512 459 572 Schnitzler
488 512 520 572 er
545 512 642 572 igaar
666 509 732 569 dod
779 509 820 569 af
858 509 890 569 et

183 563 420 623 Slagtilfælde,
435 559 472 619 69
501 560 567 620 Aar
591 557 757 617 gammel.

222 611 329 671 Baade
355 608 415 668 den
445 608 569 668 danske
600 605 814 665 Læseverden
845 606 883 666 og

179 661 233 721 det
265 658 393 718 danske
431 655 719 715 Teaterpublikum
770 652 893 712 kender

181 701 230 761 den
264 700 410 760 aldodes
440 701 594 761 elegante
627 700 694 760 Stil
736 703 773 763 og
832 698 890 758 be¬

173 748 327 808 hændige
352 748 520 808 Jongleren
546 748 615 808 med
640 751 892 811 Kærlignedens

182 799 388 859 Problemer.
414 799 512 859 Sidst
532 799 566 859 fik
596 799 630 859 vi
650 799 660 859 i
681 799 759 859 1930
789 798 892 858 Over¬

182 848 345 908 sættelsen
393 847 430 907 af
472 849 706 909 Forfatterens
754 846 889 906 Novelle

183 897 344 957 „Fraülein
375 898 497 958 Else,
517 897 572 957 der
599 899 628 959 er
654 899 689 959 en
721 899 892 959 blæenden¬

185 948 213 1008 de
238 946 372 1006 skrevet
391 948 674 1008 Sjæleskildring,
689 948 746 1008 som
780 948 890 1008 spæn¬

182 999 234 1059 der
259 996 340 1056 over
365 997 417 1057 faa
446 999 557 1059 Timer
581 998 614 1058 af
639 999 672 1059 en
701 999 763 1059 ung
793 997 893 1057 Piges

179 1047 282 1107 sidste
307 1047 400 1107 Dag.
450 1050 464 1110 I
484 1047 592 1107 denne
642 1047 711 1107 Bog
760 1047 819 1107 har
864 1045 897 1105 vi

182 1094 364 1154 Schnitzler
389 1095 399 1155 i
424 1094 458 1154 al
474 1094 557 1154 hans
587 1097 779 1157 Dygtighed
829 1096 888 1156 paa

183 1145 356 1205 Novellens
383 1146 424 1206 og
452 1145 684 1205 Novellettens
712 1145 903 1205 Omraade,

238 1195 615 1255 „Anatol"-Enakterne
639 1193 693 1253 har
717 1193 821 1253 været
835 1196 894 1256 op¬

181 1245 246 1305 ført
265 1244 321 1304 paa
345 1244 630 1304 Dagmarteatret
649 1244 658 1304 i
672 1244 901 1304 København,

203 1294 309 1354 Radio
340 1296 374 1356 og
411 1293 577 1353 „Reigen"
604 1291 644 1351 fik
690 1291 740 1351 sin
786 1292 897 1352 Opfø-

184 1343 259 1403 relse
291 1342 353 1402 hos
398 1342 495 1402 Betty
549 1342 704 1402 Nansen,
745 1342 891 1402 hvorved

182 1393 259 1453 hans
291 1393 423 1453 Indsats
451 1392 510 1452 som
556 1393 770 1453 Dramatiker
821 1392 889 1452 blev

183 1444 292 1504 slaaet
311 1444 382 1504 fast
401 1445 505 1505 ogsaa
534 1444 585 1504 her
610 1444 623 1504 i
643 1441 789 1501 Landet.

220 1542 426 1602 Schnitzlers
454 1542 562 1602 Kunst
586 1541 693 1601 kunde
721 1539 805 1599 være
829 1539 894 1599 far¬

949 240 1011 300 Maj
1031 240 1112 300 1862
1138 240 1144 300 i
1170 240 1283 300 Wien,
1296 242 1352 302 som
1391 240 1453 300 Son
1479 239 1510 299 al
1529 238 1560 298 en
1592 240 1648 300 be¬

943 288 1031 348 romt
1055 288 1222 348 Halslæge
1250 291 1287 351 og
1339 287 1520 347 arbejdede
1567 286 1650 346 efter

941 336 1016 396 endt
1039 337 1257 397 Uddannelse
1280 337 1292 397 i
1311 336 1382 396 flere
1418 336 1475 396 lar
1499 336 1552 396 som
1592 335 1654 395 As¬

943 387 1064 447 sistent
1088 387 1148 447 paa
1186 384 1354 444 Faderens
1387 384 1509 444 Klinik,
1533 384 1569 444 fik
1607 384 1649 444 Ry

947 434 997 494 som
1039 434 1070 494 en
1103 434 1217 494 dygtig
1245 437 1345 497 Lage
1368 436 1404 496 og
1456 431 1551 491 skrev
1598 429 1657 489 en¬

947 485 1028 545 gang
1061 485 1092 545 en
1120 482 1321 542 Afhandling
1348 482 1384 542 om
1426 482 1562 542 nervose
1590 481 1658 541 Ta¬

930 533 1133 593 elidelser.

991 591 1058 651 Men
1091 591 1104 651 i
1127 592 1415 652 30-Aarsalderen
1447 591 1561 651 opgav
1594 590 1653 650 han

973 640 1109 700 ludselig
1136 640 1218 700 uden
1264 640 1436 700 'orklaring
1469 640 1509 700 sin
1542 638 1655 698 Læge¬

972 689 1105 749 erning.
1123 688 1287 748 isolerede
1314 688 1356 748 sig
1387 686 1430 746 fra
1457 685 1499 745 sin
1530 685 1659 745 Familie

969 745 982 805 g
1012 737 1185 797 begyndte
1216 736 1250 796 at
1273 736 1381 796 skrive
1407 733 1468 793 paa
1494 733 1537 793 sit
1559 733 1662 793 forste

949 786 1122 846 Skuespil,
1141 784 1227 844 „Das
1257 784 1429 844 Märchen.
1478 781 1492 841 1
1517 781 1593 841 1893
1623 781 1656 841 fik

948 835 1006 895 han
1042 835 1112 895 sine
1144 835 1313 895 Enaktere
1345 832 1509 892 „Anatol“
1568 830 1665 890 udgi¬

956 882 1006 942 vet
1024 882 1038 942 i
1061 882 1243 942 Bogform,
1267 882 1303 942 og
1336 879 1404 939 selv
1432 879 1467 939 om
1514 877 1573 937 han
1605 879 1664 939 har

947 929 1081 989 skrevet
1108 931 1233 991 mange
1269 930 1367 990 andre
1403 927 1577 987 Skuespil,
1604 927 1666 987 har

952 979 1033 1039 disse
1070 980 1224 1040 elegante
1256 978 1269 1038 S
1297 977 1501 1037 naastykker
1552 978 1656 1038 aldrig

953 1029 1062 1089 mistet
1085 1029 1185 1089 deres
1213 1029 1423 1089 Popularitet
1446 1026 1505 1086 her
1529 1026 1542 1086 i
1561 1025 1665 1085 Euro¬

953 1081 987 1141 pa
1017 1081 1055 1141 og
1086 1076 1224 1136 opfores
1254 1076 1357 1136 endnu
1409 1074 1534 1134 nasten
1586 1073 1667 1133 hver

956 1125 1066 1185 Sæson
1100 1127 1109 1187 i
1139 1127 1253 1187 Wien.

992 1196 1198 1256 Schnitzlers
1248 1194 1353 1254 lørste
1400 1193 1486 1253 store
1537 1193 1665 1253 Sukces

955 1247 1007 1307 var
1037 1244 1243 1304 „Liebelei",
1263 1244 1321 1304 som
1364 1244 1402 1304 fik
1432 1241 1479 1301 sin
1528 1239 1667 1299 Ur-Op¬

958 1296 1072 1356 forelse
1102 1294 1163 1354 paa
1188 1292 1408 1352 Burgteatret
1433 1292 1442 1352 i
1466 1291 1552 1351 Wien
1581 1290 1595 1350 i
1610 1289 1667 1349 Ef¬

959 1346 1103 1406 feraaret
1127 1345 1225 1405 1895.
1258 1341 1487 1401 Forfatterens
1511 1342 1674 1402 Skuespil

956 1396 1093 1456 handler
1115 1394 1179 1454 ofte
1201 1393 1240 1453 om
1279 1393 1335 1453 det
1357 1392 1481 1452 samme
1508 1390 1602 1450 Emne
1628 1388 1641 1448 —

952 1444 1110 1504 Elskeren
1135 1447 1173 1507 og
1204 1444 1232 1504 en
1263 1444 1341 1504 eller
1361 1444 1391 1504 to
1421 1441 1533 1501 Fruer.
1554 1441 1672 1501 „Kriti¬

955 1494 1052 1554 kerne
1081 1494 1188 1554 siger,
1202 1494 1239 1554 at
1258 1493 1305 1553 jeg
1333 1492 1407 1552 altid
1436 1490 1496 1550 har
1520 1491 1571 1551 saa
1604 1490 1669 1550 me¬

955 1548 1014 1608 get
1034 1545 1068 1605 at
1093 1545 1161 1605 sige
1191 1542 1225 1602 om
1270 1542 1432 1602 Kvinders
1457 1539 1569 1599 Dyd",
1609 1538 1673 1598 ud¬

956 1596 1030 1656 talte
1064 1593 1251 1653 Schnitzler
1280 1592 1429 1652 engang,
1448 1593 1504 1653 „og
1533 1590 1603 1650 deri
1618 1590 1673 1650 har

960 1644 994 1704 de
1019 1642 1146 1702 sikkert
1172 1643 1245 1703 Ret,
1261 1641 1349 1701 fordi
1364 1641 1412 1701 jeg
1443 1638 1560 1698 finder,
1581 1638 1615 1698 at
1635 1639 1669 1699 de

959 1692 1048 1752 fleste
1082 1692 1114 1752 af
1143 1692 1255 1752 Livets
1284 1689 1556 1749 lidensiabelige
1590 1687 1674 1747 Dra¬

1531 1736 1671 1796 opstaar

961 1742 1048 1802 maer
1078 1739 1092 1799 —
1146 1741 1179 1801 og
1219 1740 1403 1800 Tragedier

959 1796 1013 1856 paa
1043 1790 1157 1850 Grund
1188 1790 1222 1850 af
1242 1789 1411 1849 Kvinders
1432 1787 1501 1847 Dyd
1531 1787 1545 1847 —
1596 1787 1674 1847 eller

961 1841 1056 1901 deres
1083 1841 1228 1901 Mangel
1252 1838 1406 1898 derpaa.“
1447 1838 1542 1898 Hans
1566 1834 1674 1894 sær'i¬

959 1889 1181 1949 Interesse
1207 1889 1268 1949 har
1288 1889 1359 1949 altid
1391 1889 1491 1949 været
1512 1889 1568 1949 den
1594 1885 1674 1945 psy¬

928 1966 1100 2026 kologiske
1130 1967 1207 2027 Side
1236 1969 1274 2029 af
1299 1969 1524 2029 Personernes
1573 1971 1640 2031 Ka-

924 2014 1100 2074 rakterer.

971 2063 1027 2123 Paa
1054 2065 1167 2125 Dansk
1193 2068 1374 2128 foreligger
1395 2071 1441 2131 bl.
1457 2071 1487 2131 a.
1509 2072 1570 2132 „Af
1586 2071 1637 2131 Li¬

925 2111 990 2171 vets
1014 2116 1196 2176 Komedie.
1220 2119 1314 2179 Udv.
1328 2117 1487 2177 Noveller
1507 2120 1543 2180 og
1572 2122 1637 2182 En¬

924 2161 1053 2221 aktere"
1090 2166 1236 2226 (1902),
1278 2166 1397 2226 „Vejen
1434 2167 1475 2227 til
1497 2169 1637 2229 Frihed"

931 2211 1064 2271 (1909).
1086 2214 1159 2274 „Fru
1186 2216 1282 2276 Berta
1309 2216 1473 2276 Garland"
1506 2220 1644 2280 (1910),

925 2262 997 2322 „Fru
1027 2262 1127 2322 Beate
1157 2266 1195 2326 og
1230 2265 1355 2325 hendes
1384 2266 1441 2326 Søn

1504 2268 1637 2328 (1913),

921 2316 956 2376 og
988 2313 1134 2373 „Froken
1165 2313 1238 2373 Else
1291 2316 1431 2376 (1930).

1196 2436 1343 2496 Noter.

957 2492 1150 2552 Schnitzler
1179 2492 1287 2552 boede
1321 2495 1330 2555 i
1359 2495 1391 2555 en
1425 2495 1519 2555 smuk
1557 2498 1632 2558 Villa

915 2543 972 2603 paa
1004 2543 1382 2603 Sternwarterstrasse,
1405 2546 1538 2606 hvorfra
1569 2546 1626 2606 han

916 2590 1019 2650 havde
1043 2593 1165 2653 Udsigt
1184 2591 1264 2651 over
1288 2593 1339 2653 det
1359 2593 1462 2653 meste
1486 2593 1519 2653 af
1538 2593 1627 2653 Wien

965 2638 1041 2698 Den
1071 2641 1191 2701 storste
1216 2641 1283 2701 Del
1303 2643 1336 2703 af
1356 2642 1457 2702 Aaret
1477 2644 1630 2704 tilbragte

911 2689 973 2749 han
1004 2690 1061 2750 her
1084 2691 1230 2751 optaget
1252 2692 1288 2752 af
1310 2692 1376 2752 sine
1408 2693 1545 2753 literære
1572 2695 1629 2755 Ar¬

913 2737 1043 2797 bejder.
1072 2740 1165 2800 Naar
1189 2740 1250 2800 han
1283 2742 1335 2802 tog
1363 2743 1409 2803 fat
1433 2743 1489 2803 paa
1522 2742 1555 2802 et
1574 2745 1634 2805 nyt

910 2788 1206 2848 Arbejde,ekunde
1238 2790 1302 2850 han
1334 2788 1397 2848 ofte
1430 2791 1548 2851 isolere
1581 2795 1621 2855 sig

912 2836 979 2896 helt
998 2838 1041 2898 fra
1071 2838 1225 2898 Familien
1254 2838 1287 2898 og
1316 2841 1461 2901 begrave
1490 2841 1533 2901 sig
1562 2841 1571 2901 i
1586 2842 1629 2902 sit

909 2886 1216 2946 Studereværelse,
1234 2889 1319 2949 hvor
1341 2889 1425 2949 hans
1453 2891 1630 2951 Maaltider

911 2938 981 2998 blev
1004 2937 1158 2997 serveret
1177 2939 1214 2999 og
1238 2940 1336 3000 ingen
1360 2940 1392 3000 fik
1420 2940 1480 3000 Lov
1509 2940 1541 3000 at
1560 2940 1625 3000 for¬

911 2986 1011 3046 styrre
1039 2988 1097 3048 ham
1139 2988 1307 3048 undtagen
1339 2991 1421 3051 hans
1449 2990 1630 3050 Sekretær.

949 3119 1016 3179 Den
1054 3122 1181 3182 afdode
1218 3122 1382 3182 Forfatter
1419 3124 1478 3184 var
1506 3125 1624 3185 lykke-

908 3170 999 3230 ligst,
1018 3170 1100 3230 naar
1124 3170 1183 3230 han
1216 3170 1275 3230 var
1299 3173 1518 3233 beskæftiget
1565 3175 1620 3235 ved

903 3218 945 3278 sit
973 3218 1199 3278 Skrivebord.
1233 3221 1247 3281 I
1275 3221 1425 3281 Ferierne
1478 3224 1624 3284 længtes

907 3268 962 3328 han
996 3268 1070 3328 altid
1099 3270 1225 3330 tilbage
1254 3271 1296 3331 til
1334 3271 1512 3331 Arbejdet,
1550 3274 1605 3334 som

905 3318 960 3378 han
991 3319 1125 3379 udforte
1161 3319 1225 3379 med
1260 3321 1316 3381 den
1347 3322 1472 3382 største
1503 3325 1628 3385 Omhu.

907 3367 993 3427 Hver
1016 3369 1093 3429 Side
1121 3368 1194 3428 blev
1245 3370 1501 3430 gennemgaaet
1543 3373 1620 3433 flere

902 3418 1015 3478 Gange
1044 3421 1082 3481 og
1116 3421 1172 3481 det
1196 3421 1328 3481 hændte
1353 3421 1428 3481 ikke
1457 3424 1632 3484 sjældent,

896 3467 929 3527 at
953 3466 1014 3526 han
1048 3468 1147 3528 lagde
1176 3468 1208 3528 et
1232 3470 1374 3530 færdigt
1398 3470 1492 3530 Værk
1526 3471 1582 3531 ned
1611 3474 1620 3534 i

901 3518 1265 3578 Skrivebordsskuffen
1316 3520 1352 3580 og
1407 3521 1493 3581 først
1535 3521 1616 3581 efter

902 3564 970 3624 flere
998 3567 1203 3627 Maaneders
1231 3570 1344 3630 Forløb
1376 3572 1426 3632 tog
1459 3570 1513 3630 det
1536 3571 1599 3631 frem

904 3617 941 3677 til
960 3616 1100 3676 fornyet
1123 3618 1301 3678 Revision,
1320 3621 1418 3681 inden
1470 3621 1531 3681 det
1573 3625 1610 3685 fik

901 3667 961 3727 Lov
990 3666 1027 3726 at
1047 3669 1107 3729 gaa
1131 3669 1144 3729 i
1163 3669 1341 3729 Trykken.

940 3799 1054 3859 Baade
1091 3803 1209 3863 Filmen
1251 3805 1287 3865 og
1324 3806 1470 3866 Radioen
1507 3806 1612 3866 havde

890 3848 951 3908 ofte
980 3851 1046 3911 Bud
1079 3849 1164 3909 efter
1207 3854 1415 3914 Schnitzlers
1463 3857 1618 3917 Værker.

898 3899 1057 3959 Saaledes
1085 3900 1145 3960 har
1169 3902 1314 3962 „Frøken
1366 3905 1436 3965 Else
1507 3907 1595 3967 være

895 3949 1011 4009 opfort
1030 3949 1085 4009 som
1128 3951 1188 4011 Film
1231 3952 1286 4012 her
1305 3952 1319 4012 i
1333 3954 1440 4014 Byen,
1459 3955 1491 4015 og
1520 3958 1608 4018 Ana¬

898 3997 1097 4057 tol-Seriens
1121 4000 1284 4060 Enaktere
1312 4003 1371 4063 har
1394 4003 1466 4063 flere
1494 4006 1608 4066 Gange

893 4045 995 4105 været
1023 4048 1179 4108 fremfort
1202 4051 1215 4111 i
1238 4051 1363 4111 Radio,
1381 4051 1466 4111 hvor
1511 4054 1551 4114 de
1578 4055 1613 4115 er

902 4096 1066 4156 ypperligt
1089 4099 1217 4159 egnede
1245 4099 1304 4159 ved
1332 4102 1428 4162 deres
1456 4104 1611 4164 specielle

894 4145 1184 4205 Hørespil-agtige
1241 4150 1404 4210 Karakter
1451 4152 1522 4212 med
1578 4154 1610 4214 et

899 4194 1012 4254 skarpt
1033 4197 1074 4257 og
1106 4197 1224 4257 vittigt
1246 4200 1483 4260 Replikskifte.

2119 270 2353 330 Unternehmen
2382 273 2431 333 für
2456 271 2842 331 Zeitungs-Ausschnitte

2178 331 2259 391 WIE

2430 333 2709 393 WOLLZEILE
2756 334 2801 394 11

2275 381 2487 441 TELEPHON
2522 381 2699 441 R-23-0-43

2072 515 2298 575 Ausschnitt
2328 520 2419 580 aus:

2378 673 2712 733 Aftonbladet

2409 820 2681 880 1020

2086 1077 2343 1137 Arthur
2411 1085 2802 1145 Schnitzler

2375 1208 2546 1268 död.

2106 2417 2220 2477 Wien
2258 2420 2312 2480 den
2345 2422 2383 2482 21
2411 2423 2486 2483 okt.
2509 2423 2600 2483 (TT)

2096 2478 2224 2538 Arthur
2260 2480 2452 2540 Schnitzler
2482 2480 2571 2540 avled
2611 2483 2669 2543 här
2700 2486 2749 2546 vid
2784 2484 2822 2544 7-

2054 2537 2140 2597 tiden
2195 2538 2238 2598 på
2266 2540 2574 2600 onsdagsaftonen.
2618 2543 2661 2603 Dä
2694 2546 2823 2606 förfat-

2054 2596 2144 2656 taren
2212 2596 2253 2656 på
2312 2599 2576 2659 eftermiddagen
2635 2602 2812 2662 ätervände

2052 2656 2127 2716 från
2163 2655 2194 2715 en
2230 2656 2433 2716 promenad,
2478 2660 2660 2720 drabbades
2687 2662 2744 2722 han
2780 2662 2815 2722 av

2055 2713 2237 2773 slaganfall
2265 2716 2320 2776 och
2357 2716 2448 2776 avled
2485 2719 2562 2779 utan
2599 2719 2649 2779 att
2677 2721 2717 2781 ha
2736 2722 2804 2782 âter

2053 2772 2122 2832 fått
2155 2775 2408 2835 medvetandet.
2437 2777 2629 2837 Schnitzler
2666 2778 2722 2838 var
2742 2779 2811 2839 född

2059 2831 2089 2891 15
2121 2829 2189 2889 maj
2215 2832 2320 2892 1862.

2099 2928 2224 2988 Arthur
2284 2931 2480 2991 Schuitzler
2536 2935 2595 2995 var
2631 2936 2801 2996 Wienbarn

2049 2976 2151 3036 liksom
2245 2979 2405 3039 Hjalmar
2458 2982 2643 3042 Söderberg
2701 2982 2819 3042 Stock¬

2053 3026 2234 3086 holmsbarn
2295 3029 2350 3089 och
2391 3029 2532 3089 Anatole
2567 3032 2693 3092 France
2729 3032 2814 3092 upp¬

2052 3074 2121 3134 född
2175 3074 2230 3134 vid
2284 3075 2324 3135 de
2373 3077 2541 3137 parisiska
2596 3080 2817 3140 bokkajerna.

2048 3122 2286 3182 Skådeplatsen
2347 3125 2398 3185 för
2455 3128 2571 3188 nästan
2628 3128 2693 3188 alla
2727 3130 2810 3190 hans

2048 3173 2194 3233 dramer,
2242 3173 2392 3233 noveller
2448 3175 2504 3235 och
2564 3176 2719 3236 romaner
2775 3180 2809 3240 är

2057 3218 2133 3278 Wien
2167 3221 2224 3281 och
2258 3221 2330 3281 dess
2359 3224 2526 3284 närmaste
2560 3227 2814 3287 omgivningar.

2047 3268 2095 3328 och
2153 3270 2188 3330 om
2238 3271 2330 3331 också
2362 3271 2468 3331 någon
2504 3274 2539 3334 av
2570 3274 2654 3334 hans
2686 3277 2809 3337 hjältar

2046 3319 2169 3379 företar
2224 3319 2258 3379 en
2293 3321 2465 3381 cykelfärd
2501 3323 2559 3383 ned
2594 3325 2653 3385 till
2683 3325 2806 3385 Krains

2048 3367 2097 3427 och
2134 3369 2301 3429 Kärntens
2334 3370 2401 3430 blåa
2434 3373 2506 3433 berg
2543 3370 2620 3430 eller
2647 3371 2683 3431 en
2716 3375 2806 3435 hem¬

2043 3416 2082 3476 lig
2138 3418 2269 3478 utflykt
2320 3418 2375 3478 ned
2432 3420 2492 3480 till
2518 3421 2659 3481 Italien,
2680 3423 2709 3483 så
2740 3424 2800 3484 kan

2040 3466 2108 3526 man
2149 3466 2221 3526 vara
2258 3468 2322 3528 viss
2355 3468 2407 3528 att
2437 3468 2468 3528 om
2517 3468 2565 3528 ett
2598 3468 2655 3528 par
2688 3471 2804 3531 veckor

2040 3513 2106 3573 åter
2142 3512 2249 3572 träffa
2290 3516 2392 3576 honom
2432 3516 2463 3576 på
2486 3516 2718 3576 Ringstrasse,
2732 3520 2798 3580 glad

2041 3559 2092 3619 att
2118 3562 2191 3622 vara
2226 3564 2349 3624 hemma
2384 3567 2483 3627 igen;
2509 3567 2582 3627 även
2621 3567 2633 3627 i
2659 3567 2714 3627 det
2741 3569 2809 3629 lju-

2041 3609 2126 3669 vaste
2157 3612 2298 3672 sällskap
2333 3612 2393 3672 har
2423 3615 2483 3675 han
2522 3615 2612 3675 borta
2643 3615 2715 3675 från
2750 3618 2792 3678 sin

2035 3659 2107 3719 stad
2162 3660 2243 3720 känt
2298 3660 2329 3720 en
2366 3663 2511 3723 försmak
2548 3663 2583 3723 av
2616 3666 2806 3726 landsflyk-

2040 3707 2110 3767 tens
2144 3707 2382 3767 förbannelse.

2086 3755 2240 3815 Charmen
2281 3757 2294 3817 i
2322 3759 2531 3819 Schnitzlers
2568 3761 2700 3821 böcker,
2728 3763 2800 3823 näs¬

2040 3803 2085 3863 tan
2136 3803 2232 3863 alltid
2274 3806 2499 3866 närvarande,
2533 3809 2587 3869 var
2621 3811 2800 3871 hemstäm-

2035 3851 2154 3911 ningen
2193 3851 2226 3911 av
2265 3854 2374 3914 Wien,
2399 3857 2446 3917 låt
2476 3857 2528 3917 oss
2557 3859 2695 3919 tillägga
2715 3860 2801 3920 hem-

2036 3901 2242 3961 stämningen
2280 3902 2341 3962 hos
2369 3904 2401 3964 en
2445 3904 2533 3964 värld
2572 3905 2641 3965 före
2675 3907 2801 3967 kriget.

2042 3946 2110 4006 Här
2136 3949 2199 4009 slog
2234 3952 2328 4012 emot
2353 3952 2402 4012 oss
2437 3952 2491 4012 den
2526 3955 2624 4015 milda
2659 3958 2806 4018 höstluf-

2036 3998 2083 4058 ten
2141 3999 2237 4059 bland
2276 4001 2486 4061 vinkullarna
2521 4003 2630 4063 bortom
2679 4006 2789 4066 staden

2039 4048 2099 4108 med
2137 4046 2169 4106 de
2202 4048 2314 4108 gråblá
2342 4051 2458 4111 mjuka
2487 4054 2753 4114 bergsryggarna
2786 4057 2799 4117 i

2036 4096 2162 4156 fjärran
2199 4096 2253 4156 och
2294 4097 2326 4157 de
2362 4099 2453 4159 tusen
2490 4102 2621 4162 ljusen,
2644 4104 2698 4164 som
2744 4104 2798 4164 re-

2035 4143 2092 4203 dan
2146 4144 2247 4204 stråla
2301 4146 2363 4206 där
2390 4149 2465 4209 nere
2497 4149 2509 4209 i
2558 4151 2802 4211 skymningen.

2038 4191 2105 4251 Här
2134 4193 2239 4253 livade
2268 4194 2321 4254 oss
2350 4197 2402 4257 den
2441 4197 2585 4257 rörliga,
2610 4200 2801 4260 älskvärda,

2033 4242 2134 4302 friska
2183 4240 2236 4300 och
2276 4245 2462 4305 outsinliga
2503 4246 2799 4306 konversationen,
