3392 4256
238 288 260 348 2

369 298 964 358 Schnitzler's
1032 302 1271 362 Death

1483 312 1617 372 box
1693 315 1931 375 43/18

1059 709 1775 769 OBSERVER

1143 759 1168 819 I.
1182 762 1304 822 österr.
1313 771 1466 831 behördl.
1480 785 1781 845 konzessioniertes

1095 801 1330 861 Unternehmen
1358 810 1406 870 für
1433 825 1825 885 Zeitungs-Ausschnitte

1151 864 1297 924 WIEN,
1325 873 1371 933 I.,
1398 882 1686 942 WOLLZEILE
1733 895 1773 955 11

1240 921 1458 981 TELEPHON
1496 935 1677 995 R-23-0-43

937 1022 1053 1082 Extrait
1073 1028 1100 1088 de
1119 1028 1133 1088 :

937 1094 1057 1154 Adresse
1079 1096 1087 1156 :

977 1137 1071 1197 142,

1176 1144 1277 1204 -
1319 1147 1482 1207 203,

1768 1155 1970 1215 NÖVEMERE

935 1198 1009 1258 Date
1031 1198 1039 1258 :

1175 1204 1396 1264 PARIS.8.

1822 1216 1923 1276 1931

1336 1312 1485 1372 ETTR

1612 1326 1986 1386 D'AUTRICHI

1329 1343 1808 1403 esssren

982 1454 1147 1514 Sur
1231 1459 1348 1519 les
1432 1470 1764 1530 grands
1837 1485 2273 1545 disparus

1340 1560 1409 1620 et
1463 1568 1574 1628 sur
1636 1571 1687 1631 la
1749 1574 1932 1634 crise

919 1676 1073 1736 des
1134 1685 1547 1745 théâtres
1620 1702 2347 1762 subventionnés

1020 1812 1082 1872 On
1120 1815 1137 1875 a
1165 1817 1366 1877 inauguré
1394 1821 1430 1881 le
1458 1823 1613 1883 nouvel
1641 1828 1813 1888 Institut
1833 1834 2014 1894 français
2034 1837 2087 1897 de
2117 1841 2270 1901 Vienne

1241 1936 1375 1996 Vienne,
1402 1943 1591 2003 novembre.

1655 1947 1740 2007 jours
1772 1952 1967 2012 changeante
1999 1956 2077 2016 dans
2110 1959 2171 2019 une
2203 1962 2281 2022 ville
2313 1964 2367 2024 qui

1030 1980 1084 2040 (De
1109 1980 1194 2040 notre
1225 1986 1500 2046 correspondant.)

1650 1986 1663 2046 a
1700 1989 1974 2049 essentiellement
2006 1995 2110 2055 aspiré
2143 1998 2156 2058 à
2193 2003 2375 2063 s'américa¬

947 2031 1003 2091 Les
1028 2033 1132 2093 temps
1158 2035 1295 2095 présents
1320 2042 1523 2102 comportent
1548 2044 1628 2104 raci-
1653 2024 1750 2084 niser,
1767 2026 1790 2086 il
1808 2027 1839 2087 en
1864 2028 1945 2088 était
1963 2031 2035 2091 tout
2052 2035 2229 2095 autrement
2247 2038 2278 2098 en
2303 2039 2367 2099 Au¬

1649 2063 1762 2123 triche,
1790 2065 1890 2125 patrie
1923 2069 2041 2129 morale
2078 2071 2109 2131 et
2142 2077 2296 2137 politique
2333 2079 2365 2139 de

907 2070 1026 2130 lement
1057 2073 1134 2133 pour
1171 2076 1345 2136 l'actualité
1382 2080 1417 2140 un
1460 2083 1615 2143 caractère
1653 2102 1845 2162 Schnitzler,
1869 2105 1899 2165 et
1917 2105 1947 2165 il
1965 2107 2013 2167 est
2032 2109 2086 2169 bon
2122 2111 2176 2171 que
2200 2113 2248 2173 les
2273 2116 2374 2176 Fran¬

900 2109 1140 2169 nécrologique.
1172 2113 1254 2173 Sans
1281 2117 1376 2177 qu'on
1418 2120 1481 2180 voie
1513 2123 1621 2183 surgir

1650 2141 1712 2201 çais
1732 2141 1862 2201 sachent
1881 2144 1957 2204 faire
1978 2147 2064 2207 entre
2089 2150 2131 2210 les
2151 2152 2228 2212 deux
2252 2156 2367 2216 grands

900 2147 931 2207 en
968 2150 1114 2210 Autriche
1146 2153 1242 2213 aucun
1279 2154 1310 2214 de
1343 2156 1415 2216 ceux
1452 2159 1506 2219 qui
1535 2161 1625 2221 pour¬

1648 2176 1771 2236 centres
1798 2181 1833 2241 de
1869 2183 1890 2243 la
1926 2186 2112 2246 production
2143 2190 2297 2250 llittéraire
2333 2195 2368 2255 de

898 2187 1003 2247 raient
1028 2189 1203 2249 remplacer
1228 2193 1274 2253 les
1298 2195 1415 2255 grands
1440 2198 1557 2258 morts,
1575 2203 1609 2263 on
1646 2215 1768 2275 langue
1798 2219 1974 2279 allemande
2010 2226 2068 2286 une
2099 2230 2274 2290 différence
2310 2234 2363 2294 que

898 2228 1010 2288 assiste
1043 2229 1057 2289 à
1090 2228 1118 2288 la
1151 2233 1362 2293 disparition,
1386 2237 1527 2297 souvent
1555 2239 1625 2299 pré¬

1644 2255 1732 2315 seule
1765 2258 1910 2318 pourrait
1943 2264 2059 2324 effacer
2092 2267 2152 2327 une
2209 2270 2362 2330 complète

903 2266 1055 2326 maturée,
1090 2267 1123 2327 de
1157 2269 1231 2329 tous
1265 2273 1315 2333 les
1350 2275 1496 2335 hommes
1559 2279 1620 2339 qui
1649 2293 1767 2353 éclipse
1796 2296 1830 2356 de
1864 2300 1999 2360 Vienne.
2022 2302 2055 2362 Il
2084 2304 2129 2364 est
2158 2308 2225 2368 vrai
2254 2310 2310 2370 que
2339 2312 2366 2372 le

898 2304 1028 2364 avaient
1057 2305 1206 2365 conservé
1240 2308 1277 2368 au
1315 2312 1422 2372 petit,
1446 2315 1525 2375 pays

1648 2333 1753 2393 poète,
1778 2335 1854 2395 avec
1889 2338 2042 2398 l'horreur
2076 2344 2157 2404 qu'il
2187 2347 2273 2407 avait
2303 2350 2369 2410 tou¬

894 2345 1142 2405 l'après-guerre
1180 2347 1202 2407 le
1236 2350 1375 2410 prestige
1413 2352 1445 2412 de
1479 2356 1613 2416 l'ancien

1644 2371 1729 2431 jours
1761 2374 1915 2434 éprouvée
1947 2378 2024 2438 pour
2056 2381 2101 2441 les
2133 2386 2291 2446 honneurs
2319 2388 2368 2448 of¬

898 2383 1024 2443 Empire
1052 2384 1079 2444 et
1102 2385 1134 2445 de
1157 2386 1184 2446 sa
1207 2386 1317 2446 vieille
1340 2392 1494 2452 capitale.
1516 2395 1615 2455 Franz
1650 2409 1748 2469 ficiels
1771 2410 1803 2470 et
1826 2413 1848 2473 la
1876 2416 1980 2476 fausse
2008 2421 2152 2481 monnaie
2180 2423 2235 2483 des
2257 2429 2367 2489 éloges

897 2421 1034 2481 Schalk,
1051 2424 1078 2484 le
1102 2422 1173 2482 plus
1190 2427 1333 2487 éminent
1356 2431 1405 2491 des
1428 2431 1515 2491 chefs
1538 2435 1620 2495 d'or¬
1643 2451 1886 2511 cadémiques,
1908 2456 2013 2516 s'était
2036 2458 2140 2518 assuré
2168 2461 2201 2521 un
2235 2463 2372 2523 enterre¬

895 2458 1019 2518 chestre
1042 2461 1251 2521 autrichiens,
1268 2467 1353 2527 assez
1376 2470 1494 2530 admiré
1523 2471 1534 2531 à
1557 2480 1737 2540 Pa¬ent
1761 2490 1833 2550 sans
1862 2492 1997 2552 pompe,
2021 2497 2093 2557 sans
2122 2499 2269 2559 cortège,
2292 2505 2365 2565 sans

897 2499 940 2559 ris
969 2499 1051 2559 pour
1079 2499 1095 2559 y
1129 2500 1194 2560 être
1222 2502 1326 2562 connu
1366 2506 1399 2566 de
1432 2511 1608 2571 quiconque
1647 2525 1801 2585 discours.
1829 2529 1918 2589 Mais
1946 2532 2033 2592 toute
2067 2536 2094 2596 la
2128 2538 2232 2598 presse
2265 2543 2364 2603 autri¬

896 2538 1069 2598 s'intéresse
1096 2538 1110 2598 à
1137 2539 1164 2599 la
1192 2541 1337 2601 musique
1370 2546 1396 2606 et
1424 2548 1501 2608 pour
1529 2550 1615 2610 avoir

1644 2564 1771 2624 chienne
1802 2566 1811 2626 a
1841 2567 1890 2627 été
1915 2572 2067 2632 remplie,
2088 2577 2250 2637 plusieurs
2280 2582 2363 2642 jours

895 2574 961 2634 reçu
988 2575 1055 2635 tour
1077 2577 1090 2637 à
1113 2577 1179 2637 tour
1202 2579 1237 2639 du
1264 2583 1517 2643 gouvernement
1535 2589 1619 2649 fran¬

1645 2602 1772 2662 durant,
1805 2604 1836 2664 de
1873 2610 2123 2670 commentaires
2160 2616 2192 2676 et
2224 2621 2365 2681 d'études

895 2616 960 2676 çais
989 2614 1016 2674 la
1044 2616 1160 2676 rosette
1188 2619 1342 2679 d'officier
1370 2623 1397 2683 et
1426 2625 1452 2685 la
1486 2628 1612 2688 cravate
1641 2643 1828 2703 cousacrées
1851 2644 1861 2704 à
1890 2646 1917 2706 sa
1945 2649 2093 2709 mémoire
2116 2655 2193 2715 avec
2216 2658 2276 2718 une
2299 2659 2364 2719 pié¬

884 2652 928 2712 de
961 2655 1192 2715 commandeur
1224 2658 1255 2718 de
1292 2661 1319 2721 la
1356 2664 1469 2724 Légion
1510 2666 1619 2726 d'hon¬

1641 2678 1686 2738 té,
1709 2679 1763 2739 une
1791 2682 1999 2742 admiration,
2023 2688 2054 2748 un
2086 2692 2213 2752 respect
2236 2697 2295 2757 qui
2314 2696 2363 2756 ré-

895 2689 987 2749 neur,
1011 2690 1090 2750 s'est
1114 2693 1230 2753 éteint,
1255 2696 1306 2756 cet
1330 2699 1394 2759 été,
1418 2702 1525 2762 épuisé
1559 2704 1614 2764 par

1643 2717 1816 2777 pondaient
1843 2721 1878 2781 au
1914 2726 2091 2786 sentiment
2123 2732 2256 2792 profond
2322 2738 2357 2798 du

894 2729 936 2789 les
964 2731 1103 2791 sursauts
1132 2732 1289 2792 d'énergie
1318 2738 1392 2798 avec
1421 2741 1560 2801 lesquels
1588 2746 1611 2806 il
1644 2755 1755 2815 monde
1789 2759 1839 2819 des
1872 2761 1979 2821 lettres
2012 2767 2133 2827 comme
2166 2769 2203 2829 de
2236 2772 2305 2832 tout
2333 2774 2361 2834 le

894 2768 1081 2828 dédaignait
1105 2771 1133 2831 et
1152 2773 1278 2833 bravait
1297 2777 1344 2837 les
1367 2779 1498 2839 progrès
1527 2781 1559 2841 de
1588 2783 1611 2843 la

1639 2792 1762 2852 public.
1782 2796 1925 2856 L'œuvre
1951 2801 1984 2861 de
2015 2806 2192 2866 Schnitzler
2217 2810 2266 2870 est
2286 2814 2360 2874 plus

888 2807 1044 2867 maladie.
1074 2810 1130 2870 Les
1159 2812 1226 2872 voix
1260 2816 1431 2876 françaises
1460 2818 1508 2878 les
1537 2822 1608 2882 p'us
1642 2830 1770 2890 vivante
1805 2835 1861 2895 que
1895 2840 2028 2900 jamais.
2057 2843 2100 2903 Le
2134 2849 2357 2909 chef-d'œuvre

888 2846 1065 2906 autorisées
1088 2849 1133 2909 lui
1157 2850 1215 2910 ont
1234 2852 1329 2912 rendu
1361 2855 1429 2915 tous
1457 2857 1502 2917 les
1525 2861 1611 2921 hom¬

1639 2871 1694 2931 qui
1718 2869 1759 2929 fit
1783 2872 1853 2932 d'un
1886 2877 2039 2937 débutant
2067 2884 2221 2944 inconnu,
2249 2889 2360 2949 parve¬

893 2882 1000 2942 mages
1023 2884 1079 2944 que
1108 2887 1248 2947 méritait
1271 2890 1299 2950 sa
1327 2894 1496 2954 mémoire.
1519 2897 1558 2957 On
1587 2901 1603 2961 a
1637 2907 1676 2967 nu
1711 2908 1783 2968 déjà
1818 2910 1828 2970 à
1863 2914 1941 2974 l'âge
1976 2917 2014 2977 de
2049 2922 2082 2982 33
2117 2924 2189 2984 ans,
2218 2929 2353 2989 l'auteur

889 2921 991 2981 relevé
1021 2925 1216 2985 notamment
1241 2926 1265 2986 le
1290 2932 1437 2992 scrupule
1467 2934 1495 2994 et
1520 2935 1544 2995 la
1574 2938 1613 2998 fi-
1638 2947 1834 3007 dramatique
1859 2953 1882 3013 le
1903 2955 1971 3015 plus
1991 2958 2137 3018 apprécié
2162 2961 2191 3021 de
2216 2966 2347 3026 l'Autri¬

890 2962 985 3022 délité
1008 2962 1087 3022 avec
1116 2965 1251 3025 laquelle
1280 2966 1302 3026 il
1331 2972 1512 3032 composait
1535 2975 1608 3035 l'in¬
1637 2983 1716 3043 che,
1745 2988 1886 3048 Liebelei
1909 2988 1925 3048 —
1999 2999 2203 3059 Amourette,
2249 3005 2355 3065 quelle

887 3000 1089 3060 terprétation
1128 3003 1179 3063 des
1214 3007 1454 3067 chefs-d'œuvre
1489 3014 1609 3074 confiés

1633 3027 1707 3087 plus
1736 3028 1853 3088 grande
1882 3034 2055 3094 simplicité
2084 3037 2163 3097 poux
2192 3041 2228 3101 un
2262 3045 2360 3105 titre!

885 3037 903 3097 à
935 3039 966 3099 sa
1003 3040 1167 3100 baguette.
1194 3043 1239 3103 On
1276 3045 1289 3105 a
1322 3050 1453 3110 rappelé
1490 3054 1612 3114 notam¬

1651 3057 1655 3117 —
1700 3059 1708 3119 a
1744 3063 1788 3123 été
1824 3066 1890 3126 joué
1926 3072 2036 3132 depuis
2072 3075 2139 3135 1895
2170 3078 2223 3138 sur
2254 3082 2355 3142 toutes

885 3076 970 3136 ment
995 3078 1023 3138 ce
1048 3078 1129 3138 mot,
1148 3080 1177 3140 si
1196 3081 1335 3141 modeste
1360 3086 1388 3146 et
1408 3089 1436 3149 si
1456 3090 1542 3150 plein
1571 3093 1604 3153 de
1639 3098 1686 3158 les
1711 3101 1820 3161 scènes
1850 3108 2046 3168 allemandes
2076 3114 2109 3174 et
2133 3118 2252 3178 traduit
2282 3123 2358 3183 dans

879 3115 967 3175 sens,
986 3115 1013 3175 en
1042 3117 1171 3177 réponse
1195 3120 1250 3180 aux
1274 3124 1479 3184 félicitations
1507 3131 1595 3191 d'une
1633 3138 1734 3198 toutes
1772 3142 1814 3202 les
1851 3148 2000 3208 langues.
2033 3151 2074 3211 On
2117 3155 2149 3215 en
2191 3160 2353 3220 préparait

881 3154 964 3214 amie
991 3153 1044 3213 sur
1071 3159 1101 3219 sa
1128 3159 1296 3219 splendide
1327 3163 1477 3223 direction
1513 3169 1548 3229 de
1575 3170 1601 3230 la

1632 3180 1709 3240 pour
1735 3180 1808 3240 cette
1835 3184 1933 3244 année
1959 3186 2015 3246 une
2041 3192 2161 3252 reprise
2188 3195 2243 3255 qui
2261 3200 2355 3260 pren¬

886 3194 953 3254 plus
976 3195 1125 3255 prenante
1143 3197 1247 3257 œuvre
1270 3202 1510 3262 wagnérienne:
1529 3207 1537 3267 «
1560 3208 1600 3268 Ce
1632 3215 1686 3275 dra
1718 3218 1745 3278 le
1777 3221 1931 3281 caractère
1963 3227 2039 3287 d'un
2071 3232 2239 3292 hommage
2271 3237 2356 3297 com-

887 3231 963 3291 n'est
991 3233 1045 3293 pas
1072 3234 1140 3294 moi
1163 3236 1217 3296 qui
1245 3238 1276 3298 ai
1299 3242 1434 3302 conduit
1462 3246 1602 3306 Tristan,
1634 3257 1829 3317 mémoratif.
1861 3261 1946 3321 Mais
1979 3266 2087 3326 depuis
2119 3270 2168 3330 ses
2201 3275 2354 3335 premiers

882 3269 957 3329 c'est
987 3270 1105 3330 Tristan
1139 3274 1191 3334 qui
1215 3275 1272 3335 m'a
1301 3281 1434 3341 conduit
1444 3283 1453 3343 !
1473 3284 1486 3344 »
1516 3287 1601 3347 Mais
1630 3293 1753 3353 succès,
1783 3296 1811 3356 le
1840 3301 1982 3361 médecin
2016 3306 2073 3366 que
2111 3309 2235 3369 n'avait
2264 3314 2344 3374 cessé

880 3311 915 3371 où
951 3311 977 3371 il
1013 3311 1145 3371 donnait
1177 3312 1203 3372 le
1239 3316 1341 3376 mieux
1381 3320 1407 3380 sa
1466 3323 1589 3383 mesure

1627 3332 1723 3392 d'être
1752 3335 1872 3395 Arthur
1897 3341 2075 3401 Schnitzter
2105 3348 2215 3408 s'était
2240 3352 2307 3412 tour
2336 3353 2345 3413 à

880 3347 987 3407 c'était
1009 3350 1116 3410 plutôt
1138 3353 1250 3413 encore
1280 3356 1396 3416 devant
1422 3360 1478 3420 une
1508 3362 1602 3422 parti-

1628 3369 1698 3429 tour
1726 3374 1845 3434 adonné
1872 3377 1885 3437 à
1912 3380 1983 3440 tous
2010 3382 2054 3442 les
2081 3386 2196 3446 genres
2223 3392 2356 3452 littérai¬

874 3386 933 3446 tion
968 3386 1002 3446 de
1037 3388 1156 3448 Mozart
1178 3391 1212 3451 ou
1246 3394 1361 3454 devant
1388 3398 1533 3458 Fidélio,
1555 3404 1589 3464 où
1632 3407 1679 3467 res
1718 3410 1790 3470 avec
1829 3413 1889 3473 une
1928 3421 2064 3481 maîtrise
2103 3426 2274 3486 soutenue,
2309 3432 2342 3492 au

881 3428 903 3488 il
923 3425 987 3485 eut,
1006 3428 1131 3488 suivant
1150 3431 1345 3491 l'expression
1373 3436 1405 3496 de
1429 3440 1591 3500 Raymond
1624 3446 1749 3506 théâtre
1786 3453 1976 3513 historique,
2005 3462 2269 3522 philosophique,
2302 3469 2348 3529 so¬

882 3461 980 3521 Petit,
997 3464 1010 3524 «
1040 3466 1065 3526 le
1091 3467 1245 3527 privilège
1271 3471 1386 3531 unique
1416 3474 1446 3534 de
1476 3477 1595 3537 recréer
1630 3486 1711 3546 cial,
1737 3488 1767 3548 en
1801 3491 1891 3551 prose
1921 3494 1955 3554 ou
1989 3496 2023 3556 en
2058 3500 2143 3560 vers,
2169 3504 2181 3564 à
2216 3506 2241 3566 la
2276 3506 2352 3566 nou¬

879 3502 910 3562 un
943 3504 1171 3564 chef-d'œuvre
1199 3507 1213 3567 »
1245 3511 1304 3571 aux
1337 3511 1419 3571 fêtes
1447 3516 1483 3576 du
1520 3519 1602 3579 Cen¬

1626 3525 1728 3585 velle,
1755 3528 1789 3588 au
1828 3532 1952 3592 roman.
1983 3535 2025 3595 Le
2060 3539 2236 3599 Perroquet
2267 3544 2352 3604 vert,

874 3540 992 3600 tenaire
1022 3544 1055 3604 de
1085 3547 1263 3607 Beethoven
1297 3551 1326 3611 en
1361 3555 1444 3615 1927.

1622 3562 1667 3622 Le
1699 3565 1794 3625 Jeune
1822 3569 1975 3629 Médard,
1994 3574 2034 3634 Le
2062 3577 2193 3637 Chemin
2225 3583 2347 3643 solitai¬

921 3595 959 3655 Un
993 3598 1075 3658 mort
1099 3601 1171 3661 plus
1196 3601 1321 3661 illustre
1351 3605 1437 3665 vient
1462 3608 1495 3668 de
1525 3610 1587 3670 met

1624 3601 1680 3661 re,
1694 3603 1842 3663 Comédie
1864 3607 1916 3667 des
1938 3611 2082 3671 paorles,
2095 3616 2134 3676 Le
2156 3618 2339 3678 Professeur

874 3636 914 3696 tre
943 3635 975 3695 en
1008 3637 1098 3697 deuil
1119 3639 1147 3699 le
1176 3639 1290 3699 monde
1319 3642 1372 3702 des
1397 3644 1462 3704 arts
1491 3646 1519 3706 et
1544 3647 1596 3707 des

1621 3639 1819 3699 Bernhardi,
1837 3647 1948 3707 autant
1974 3648 2008 3708 de
2039 3651 2124 3711 dates
2151 3655 2228 3715 dans
2259 3660 2348 3720 l'his¬

873 3672 975 3732 lettres
1014 3675 1176 3735 viennois.
1204 3681 1323 3741 Arthur
1356 3683 1540 3743 Schnitzler
1573 3684 1583 3744 a
1622 3679 1702 3739 toire
1730 3681 1881 3741 littéraire
1909 3685 1946 3745 de
1974 3690 2163 3750 l'Autriche.
2186 3693 2256 3753 Nos
2283 3699 2348 3759 lec¬

870 3713 1034 3773 succombé
1060 3714 1084 3774 le
1106 3715 1139 3775 21
1161 3717 1282 3777 octobre
1308 3719 1320 3779 à
1346 3720 1404 3780 une
1430 3723 1506 3783 crise
1531 3725 1598 3785 car¬

1626 3715 1710 3775 teurs
1747 3720 1832 3780 n'ont
1865 3723 2018 3783 peut-être
2055 3729 2111 3789 pas
2144 3732 2249 3792 oublié
2290 3738 2338 3798 son

877 3753 1004 3813 diaque,
1026 3753 1059 3813 et
1082 3753 1109 3813 je
1138 3753 1170 3813 ne
1204 3756 1347 3816 voudrais
1376 3762 1431 3822 pas
1459 3762 1514 3822 que
1548 3762 1591 3822 les
1620 3756 1747 3816 dernier
1764 3758 1886 3818 drame.
1903 3762 1941 3822 La
1969 3765 2096 3825 Marche
2119 3768 2185 3828 vers
2208 3772 2346 3832 l'étang,

877 3789 1015 3849 lecteurs
1050 3792 1084 3852 de
1120 3792 1280 3852 Comædia
1315 3797 1488 3857 restassent
1524 3801 1592 3861 sous
1628 3794 1685 3854 non
1709 3797 1783 3857 plus
1801 3799 1979 3859 seulement
1997 3805 2089 3865 hanté
2113 3807 2170 3867 par
2188 3810 2279 3870 l'idée
2309 3812 2337 3872 de

886 3829 1083 3889 limpression
1117 3831 1191 3891 qu'a
1225 3830 1264 3890 pu
1304 3835 1372 3895 leur
1407 3838 1525 3898 donner
1559 3837 1587 3897 la
1622 3834 1655 3894 la
1684 3833 1762 3893 mort
1786 3836 1904 3896 comme
1933 3838 2012 3898 toute
2041 3842 2091 3902 son
2120 3845 2244 3905 quvre,
2267 3851 2340 3911 mais

885 3867 963 3927 ettre
990 3869 1021 3929 de
1048 3869 1111 3929 mon
1138 3871 1269 3931 aimable
1296 3874 1433 3934 confrère
1460 3878 1496 3938 de
1517 3877 1591 3937 Ber-
1623 3870 1749 3930 dominé
1776 3872 1828 3932 par
1855 3875 1886 3935 ce
1913 3878 2070 3938 problème
2097 3884 2213 3944 auquel
2234 3888 2260 3948 il
2282 3890 2339 3950 op¬

877 3908 906 3968 in
931 3908 1003 3968 Jean
1033 3908 1164 3968 Tarvel.
1184 3910 1218 3970 Si
1238 3911 1262 3971 la
1282 3913 1457 3973 réputation
1487 3918 1593 3978 qu'eut

1626 3908 1692 3968 pose
1724 3908 1746 3968 la
1773 3912 1905 3972 solution
1942 3917 1972 3977 de
1999 3918 2025 3978 la
2057 3920 2101 3980 vie
2132 3924 2261 3984 ardente
2288 3929 2341 3989 des

885 3947 1058 4007 ongtemps
1080 3947 1153 4007 dans
1180 3950 1206 4010 la
1228 3951 1364 4011 capitale
1392 3953 1423 4013 de
1450 3955 1475 4015 la
1502 3956 1591 4016 Prus¬
1618 3947 1750 4007 jeunes.
1777 3951 1956 4011 Schnitzler
1988 3958 2098 4018 aimait
2130 3962 2219 4022 notre
2257 3965 2341 4025 litté¬

878 3989 897 4049 se
923 3986 958 4046 un
994 3986 1144 4046 Viennois
1170 3986 1200 4046 et
1221 3987 1255 4047 un
1286 3991 1467 4051 Autrichien
1503 3997 1589 4057 aussi
1620 3986 1725 4046 rature
1751 3989 1786 4049 et
1807 3993 1897 4053 notre
1923 3996 2018 4056 pays.
2039 3998 2074 4058 1l
2100 4000 2210 4060 s’était
2231 4005 2336 4065 réjoui

891 4028 1005 4088 ypique
1038 4024 1216 4084 qu'Arthur
1249 4028 1421 4088 Schnitzler
1461 4033 1511 4093 n’a
1543 4034 1587 4094 pu
1627 4027 1665 4087 de
1697 4026 1761 4086 voir
1793 4028 1818 4088 la
1844 4033 1985 4093 plupart
2011 4036 2042 4096 de
2068 4037 2126 4097 ses
2152 4042 2247 4102 écrits
2273 4044 2337 4104 tra¬

896 4066 1007 4126 C'ister
1031 4067 1090 4127 aux
1113 4067 1262 4127 covrants
1286 4069 1322 4129 de
1346 4070 1382 4130 la
1406 4074 1495 4134 mode
1518 4074 1592 4134 tou-
1624 4066 1713 4126 duits
1729 4066 1773 4126 les
1797 4070 1856 4130 uns
1872 4073 1968 4133 après
1992 4076 2036 4136 les
2059 4080 2163 4140 autres
2187 4084 2216 4144 en
2247 4085 2336 4145 fran¬
