3344 4320
339 546 407 606 tete,
432 548 484 608 daß
519 548 567 608 der
597 548 777 608 Augenblick
802 546 849 606 der
884 549 1025 609 höchsten,
1050 551 1098 611 der
1127 550 1195 610 ent¬

343 589 502 649 setzlichsten
539 588 653 648 Gefahr
686 589 845 649 gekommen
882 589 937 649 sei,
960 592 1047 652 gagen
1084 591 1129 651 die
1166 590 1188 650 in

339 632 419 692 jeder
451 631 544 691 Weise
581 631 625 691 sich
666 632 697 692 zu
733 631 849 691 wehren
890 633 975 693 durch
1016 634 1194 694 menschliche

342 668 391 728 und
427 673 561 733 göttliche
597 673 704 733 Gesetze
736 673 874 733 erlaubt,
901 676 923 736 ja
960 678 1079 738 geboten
1116 679 1195 739 war.

343 714 378 774 In
409 712 453 772 der
480 717 638 777 Rocktasche
661 715 779 775 spannte
802 715 832 775 er
855 718 1000 778 vorsichtig
1027 721 1075 781 den
1102 721 1181 781 Hahn

342 757 432 817 seiner
458 757 569 817 Waffe,
591 758 642 818 und
673 758 810 818 während
840 757 887 817 der
914 762 1033 822 Bruder
1060 763 1102 823 ihm
1146 763 1175 823 am

339 797 424 857 Halse
452 798 543 858 hing,
566 799 643 859 setzte
675 800 702 860 er
735 801 798 861 ihre
830 801 994 861 Mündung
1031 802 1062 862 on
1099 804 1185 864 Ottos

339 840 439 900 Brust,
453 840 503 900 der
527 841 586 901 jetzt
609 842 664 902 erst
688 844 807 904 merkte,
825 846 884 906 was
913 846 954 906 sich
982 849 1197 909 vorbereitete.

340 881 417 941 Aber
450 882 472 942 im
523 885 715 945 Augenblick,
738 885 770 945 da
807 885 839 945 er
871 888 1026 948 erkannte,
1054 889 1113 949 was
1155 888 1177 948 im

342 924 439 984 Werke
462 927 540 987 war,
559 927 620 987 nach
652 928 700 988 dem
740 929 829 989 Laufe
851 928 899 988 der
926 932 1023 992 Waffe
1046 933 1196 993 greifend,

337 969 561 1029 zurückweichen
601 969 656 1029 und
696 969 777 1029 rufen
816 972 928 1032 wollte,
955 975 1019 1035 war
1054 975 1097 1035 ihm
1149 975 1192 1035 die

343 1010 438 1070 Kugel
461 1011 560 1071 mitten
592 1012 642 1072 ins
674 1013 746 1073 Herz
769 1016 959 1076 gedrungen,
982 1016 1036 1076 und
1068 1017 1095 1077 er
1122 1018 1185 1078 sank

342 1052 458 1112 lautlos
485 1054 536 1114 auf
563 1052 610 1112 den
641 1053 739 1113 Boden
770 1055 886 1115 nieder.

394 1094 512 1154 Robert
553 1097 639 1157 aber,
676 1099 739 1159 noch
780 1100 857 1160 nicht
899 1100 948 1160 zum
998 1101 1184 1161 Bewußtsein

334 1139 425 1199 seiner
449 1139 508 1199 Tat
532 1142 669 1202 gelangt,
693 1140 747 1200 nur
776 1141 830 1201 erst
854 1142 881 1202 in
909 1142 959 1202 der
983 1145 1115 1205 Ahnung
1144 1143 1194 1203 des

334 1181 581 1241 Grauenhaften,
600 1184 910 1244 Unwiderruflichen,
947 1186 1000 1246 das
1046 1189 1189 1249 geschehen

331 1220 411 1280 war,
429 1225 483 1285 und
515 1225 541 1285 in
573 1225 653 1285 einer
681 1225 819 1285 dumpfen
851 1228 958 1288 Angst,
977 1230 1039 1290 noch
1066 1231 1128 1291 hier
1156 1229 1187 1289 an

334 1265 393 1325 Ort
417 1265 471 1325 und
500 1265 596 1325 Stelle
619 1268 641 1328 zu
674 1270 811 1330 erfassen,
831 1270 890 1330 was
913 1272 944 1332 er
968 1273 1073 1333 getan,
1093 1273 1197 1333 stürzte

335 1309 369 1369 an
400 1311 452 1371 der
482 1311 577 1371 Leiche
608 1312 655 1372 des
690 1312 828 1372 Brubers
868 1312 975 1372 vorbei
1015 1315 1097 1375 durch
1140 1314 1187 1374 den

334 1354 456 1414 dunklen
489 1354 592 1414 Gang,
611 1354 651 1414 die
679 1357 788 1417 Treppe
811 1357 920 1417 hinab,
934 1357 1006 1417 über
1029 1359 1074 1419 den
1102 1360 1197 1420 Flur,

328 1394 413 1454 durch
440 1396 493 1456 das
525 1397 579 1457 seit
606 1398 695 1458 Ottos
727 1399 862 1459 Ankunft
889 1400 951 1460 noch
983 1400 1060 1460 nicht
1087 1401 1194 1461 wieder

334 1440 516 1500 geschlossene
552 1439 707 1499 Haustor,
739 1440 797 1500 lief
824 1443 899 1503 über
940 1443 993 1503 den
1034 1446 1193 1506 menschen¬

334 1482 429 1542 leeren
461 1482 652 1542 Marktplatz,
675 1485 753 1545 durch
781 1485 826 1545 die
854 1485 940 1545 lange
963 1488 1136 1548 Dorfstraße
1164 1488 1191 1548 in

337 1522 382 1582 die
414 1525 487 1585 freie
519 1527 692 1587 Landschaft
724 1527 851 1587 hinaus,
879 1529 983 1589 stapfte
1016 1530 1101 1590 durch
1134 1530 1183 1590 den

334 1567 418 1627 hohen
449 1569 577 1629 Schnee,
600 1570 675 1630 warf
697 1569 746 1629 den
777 1572 901 1632 Mantel
923 1572 976 1632 ab,
994 1572 1047 1632 der
1074 1573 1118 1633 ihn
1149 1575 1175 1635 im

335 1610 442 1670 Laufen
486 1613 636 1673 hinderte,
667 1613 787 1673 stürmte
822 1613 925 1673 immer
972 1614 1049 1674 fort,
1084 1616 1192 1676 immer

334 1652 452 1712 weiter,
471 1654 561 1714 nichts
589 1655 616 1715 in
644 1656 707 1716 sich,
726 1656 771 1716 als
794 1656 844 1716 den
876 1658 958 1718 festen
985 1658 1112 1718 Willen,
1131 1660 1190 1720 nie¬

336 1696 411 1756 mals
441 1697 495 1757 zur
525 1697 696 1757 Besinnung
726 1700 755 1760 zu
789 1700 914 1760 kommen
952 1700 964 1760 —
1015 1702 1098 1762 durch
1132 1703 1194 1763 eine

333 1739 480 1799 klingende
507 1740 596 1800 blaue
615 1741 721 1801 Nacht,
739 1742 779 1802 die
802 1743 931 1803 niemals
958 1744 1002 1804 für
1025 1745 1069 1805 ihn
1096 1745 1185 1805 enden

334 1784 452 1844 durfte.
471 1784 529 1844 Und
557 1784 584 1844 er
607 1785 721 1845 wußte,
735 1784 784 1844 daß
812 1784 839 1844 er
862 1787 948 1847 diesen
976 1788 1094 1848 gleichen
1122 1790 1194 1850 Wez

343 1823 415 1883 schon
442 1827 638 1887 taufendmal
661 1828 851 1888 dahingerast
884 1828 938 1888 und
970 1828 1020 1888 daß
1057 1831 1101 1891 ihm
1143 1830 1192 1890 be¬

339 1867 447 1927 stimmt
475 1870 551 1930 war,
570 1870 615 1930 ihn
643 1870 706 1930 noch
734 1870 870 1930 tausende
898 1872 983 1932 Male
1007 1873 1052 1933 bis
1079 1873 1101 1933 in
1138 1873 1188 1933 alle

338 1912 480 1972 Ewigkeit
515 1913 598 1973 durch
633 1915 790 1975 klingende
820 1915 912 1975 blaue
943 1916 1050 1976 Nächte
1085 1917 1192 1977 hinzu¬

339 1954 471 2014 fliehen.

393 1998 470 2058 Nicht
500 1999 635 2059 weniger
670 1999 718 2059 als
753 2001 840 2061 sieben
879 2002 957 2062 volle
991 2002 1185 2062 Wegstunden

336 2043 390 2103 von
415 2040 465 2100 dem
503 2043 560 2103 Ort
582 2041 727 2101 entfernt,
744 2043 794 2103 aus
823 2043 869 2103 dem
907 2044 935 2104 er
957 2045 1085 2105 geflohen
1119 2046 1194 2106 war,

335 2085 370 2145 an
402 2085 476 2145 einem
516 2085 653 2145 steinigen
684 2086 820 2146 Abhang,
843 2085 891 2145 der
918 2087 944 2147 zu
975 2088 1023 2148 der
1050 2088 1103 2148 fast
1130 2087 1191 2147 ver¬

338 2130 423 2190 eisten
453 2127 524 2187 Ache
548 2129 753 2189 hinabführte,
773 2128 820 2188 den
855 2129 930 2189 Kopf
955 2130 1021 2190 nach
1051 2131 1184 2191 abwärts

337 2172 491 2232 gewandt,
509 2172 566 2232 mit
585 2172 806 2232 zerschundenen
842 2173 979 2233 Händen,
997 2172 1191 2232 getrocknetes

339 2215 413 2275 Blut
437 2215 465 2275 an
498 2214 629 2274 Scheitel
658 2214 709 2274 und
742 2214 850 2274 Stirn,
869 2217 1005 2277 entdeckte
1033 2217 1094 2277 man
1127 2219 1192 2279 drei

339 2258 411 2318 Tage
436 2258 538 2318 später
567 2260 660 2320 seinen
689 2259 844 2319 entseelten
879 2261 960 2321 Leib.

355 2479 603 2539 Meuie
656 2479 1179 2539 Theater-B.2.

337 2545 499 2605 Jürgen
542 2545 736 2605 Fehling

339 2593 416 2653 hatte
439 2593 503 2653 nach
531 2591 577 2651 dem
618 2593 765 2653 Rücktritt
789 2590 834 2650 des
862 2592 999 2652 früheren
1027 2593 1192 2653 Lokalaus¬

344 2636 458 2696 schusses
490 2634 535 2694 der
563 2636 746 2696 Staatlichen
770 2637 975 2697 Schauspiele,
999 2637 1044 2697 dem
1086 2637 1113 2697 er
1141 2636 1195 2696 an¬

343 2679 444 2739 gehört
471 2678 572 2738 hatte,
595 2677 629 2737 um
687 2678 762 2738 seine
802 2679 978 2739 Entlassung
1023 2679 1080 2739 aus
1125 2679 1173 2739 dem

338 2721 497 2781 Verbande
520 2721 568 2781 der
591 2723 816 2783 Staatstheater
844 2724 976 2784 gebeten.
1003 2724 1056 2784 Die
1078 2724 1189 2784 Inten¬

340 2765 417 2825 danz
445 2766 499 2826 hat
526 2766 612 2826 dieses
658 2766 799 2826 Ansuchen
840 2766 1098 2826 abgelehnt,
1131 2768 1185 2828 und

339 2811 458 2871 Fahling
501 2809 574 2869 wird
612 2809 690 2869 seine
723 2809 815 2869 Kraft
843 2809 907 2869 auch
945 2811 1102 2871 weiterhin
1139 2810 1189 2870 den

342 2852 519 2912 Staatlichen
555 2853 759 2913 Schauspielen
795 2852 941 2912 widmen.
973 2853 1039 2913 Das
1070 2855 1190 2915 Gegen¬

340 2897 399 2957 teil
420 2897 485 2957 häte
510 2900 590 2960 einen
621 2899 726 2959 großen
757 2897 882 2957 Verlust
903 2897 1053 2957 bedeutet.

330 3014 466 3074 Grete
496 3015 739 3075 Mosheim,

335 3061 384 3121 die
434 3061 533 3121 soeben
579 3060 658 3120 einen
693 3063 722 3123 so
753 3064 862 3124 großen
902 3064 1006 3124 Erfolg
1056 3064 1086 3124 in
1141 3063 1194 3123 der

333 3106 620 3166 „Waterloobrücke“
649 3106 678 3166 in
708 3107 755 3167 der
781 3106 916 3166 Tribüne
946 3109 1042 3169 hatte,
1063 3106 1116 3166 soll
1141 3109 1184 3169 die

339 3151 497 3211 Partnerin
531 3151 603 3211 Max
632 3151 819 3211 Hansens
849 3151 877 3211 in
906 3151 954 3211 der
979 3154 1185 3214 Wethnachts¬

339 3190 456 3250 novität
504 3192 555 3252 des
608 3194 758 3254 „Theater
806 3191 857 3251 des
910 3194 1065 3254 Westens“
1117 3199 1192 3259 sein,

336 3235 386 3295 des
412 3236 595 3296 Schwanks:
620 3240 676 3300 „Er
707 3238 762 3298 und
794 3240 869 3300 seine
896 3239 1093 3299 Schwester“.

334 3354 442 3414 Göta
474 3360 728 3420 Ljungberg

334 3405 408 3465 singt
433 3403 477 3463 die
503 3408 730 3468 Giulietta
760 3406 784 3466 in
819 3408 1006 3468 Reinhardts
1032 3408 1189 3468 Inszenie¬

331 3449 410 3509 rung
443 3449 494 3509 von
542 3450 818 3510 „Hoffmanns
851 3453 1160 3513 Erzählungen

343 3491 366 3551 im
408 3494 524 3554 Großen
562 3494 833 3554 Schauspielhaus.
875 3497 931 3557 Die
964 3496 1113 3556 Sängerin
1155 3497 1187 3557 ist

336 3536 385 3596 für
413 3536 458 3596 die
490 3538 644 3598 Premiere
677 3539 731 3599 und
781 3539 894 3599 dreißig
950 3539 1067 3599 Abende
1122 3539 1185 3599 ver¬

334 3581 480 3641 pflichtet,
508 3583 630 3643 worauf
658 3582 694 3642 sie
732 3583 795 3643 nach
832 3583 969 3643 Amerika
1010 3584 1106 3644 fährt,
1138 3584 1170 3644 um

332 3624 383 3684 ihr
413 3627 619 3687 Engagement
649 3627 684 3687 an
719 3628 765 3688 der
800 3629 1100 3689 Metropolitanoper
1131 3627 1186 3687 an¬

334 3670 492 3730 zutreten.

340 3769 551 3829 Pfitzners
579 3768 692 3828 Oper
720 3770 817 3830 „Das
845 3772 985 3832 Herz",

338 3813 382 3873 die
405 3813 435 3873 am
480 3814 529 3874 12.
551 3815 715 3875 November
742 3814 773 3874 an
804 3817 852 3877 der
880 3819 1065 3879 Staatsoper
1092 3820 1185 3880 Unter

341 3856 388 3916 den
423 3856 533 3916 Linden
577 3858 629 3918 zur
673 3859 899 3919 Uraufführung
943 3864 1082 3924 gelangt,
1116 3865 1183 3925 kann

343 3898 488 3958 vorläufig
520 3900 556 3960 an
598 3900 652 3960 der
680 3903 848 3963 Wiener
889 3903 1075 3963 Staatooper
1112 3908 1189 3968 nicht

339 3944 385 4004 zur
419 3943 611 4003 Aufführung
654 3945 818 4005 gelangen,
852 3945 922 4005 weil
960 3948 1011 4008 das
1054 3951 1190 4011 österrei¬

343 3986 434 4046 chische
463 3990 770 4050 Finanzministerium
818 3990 861 4050 die
890 3990 1029 4050 Kosten
1063 3993 1115 4053 für
1144 3993 1187 4053 die

344 4032 626 4092 Ausstattung
664 4036 773 4096 nicht
806 4035 951 4095 bewilligt
979 4036 1043 4096 hat.

381 4137 533 4197 Junger
556 4136 667 4196 Wein

1452 665 1812 725 Arlhur
1894 664 2454 724 Schnitzlers

2580 673 3061 733 einsamer

1329 765 1408 825 „Den
1446 761 1514 821 Weg
1546 763 1688 823 hinunter
1720 764 1804 824 gehen
1847 763 1899 823 wir
1932 764 1984 824 alle
2016 768 2137 828 allein",
2164 765 2264 825 schrieb
2302 766 2454 826 Schnitzler
2492 767 2512 827 im

2633 766 2772 826 Gesichter
2799 771 2939 831 grüßten,
2960 769 3027 829 über
3054 772 3131 832 gefal

1333 811 1499 871 „Einsamen
1533 809 1633 869 Weg“.
1653 810 1710 870 Und
1739 810 1767 870 er
1791 810 1820 870 ist
1844 813 1929 873 diesen
1954 814 2020 874 Weg
2045 814 2116 874 schon
2145 813 2197 873 seit
2217 813 2326 873 Jahren
2355 813 2450 873 einsam
2484 816 2512 876 ge

2633 816 2774 876 Heimkehr
2811 816 2856 876 ins
2892 816 2963 876 stille
3000 819 3080 879 Haus
3117 819 3167 879 und

1329 861 1471 921 schritten;
1506 859 1608 919 gestern
1638 860 1741 920 stürzte
1766 858 1795 918 er
1820 861 1858 921 die
1883 861 1971 921 letzten
2001 863 2143 923 Schritte.
2168 861 2231 921 Wie
2256 861 2314 921 eine
2339 863 2388 923 der
2413 864 2530 924 klugen,

2633 863 2753 923 Sinken,
2774 864 2899 924 Stürzen
2929 867 2987 927 und
3012 867 3195 927 Sterben.!

1333 906 1379 966 bis
1408 907 1459 967 zum
1501 906 1687 966 Grüblertum
1725 907 1948 967 nachdenklichen
1981 911 2125 971 Gestalten
2154 910 2247 970 seiner
2270 910 2372 970 Stücke
2401 912 2456 972 und
2484 910 2540 970 Er¬

2633 912 2767 972 schüttert
2792 912 2861 972 alle,
2881 915 2965 975 denen
2996 916 3070 976 seine
3095 919 3209 979 Dichtun

1333 959 1495 1019 zählungen
1524 958 1557 1018 ist
1572 957 1600 1017 er
1624 957 1676 1017 aus
1701 957 1748 1017 dem
1782 957 1867 1017 Leben
1892 961 2054 1021 gegangen.
2079 962 2131 1022 Ein
2155 962 2245 1022 letzter
2270 960 2379 1020 schöner
2394 961 2537 1021 Spazier¬

2628 962 2734 1022 wesen.
2765 963 2832 1023 Hier
2863 966 2959 1026 mögen
2991 967 3036 1027 die
3057 969 3199 1029 sprechen,

1328 1008 1404 1068 gang
1433 1007 1514 1067 durch
1543 1006 1586 1066 die
1615 1006 1777 1066 herbstliche
1802 1007 1911 1067 Stadt,
1931 1010 1974 1070 die
1998 1010 2026 1070 er
2051 1010 2151 1070 liebte,
2170 1010 2199 1070 in
2228 1010 2275 1070 der
2304 1010 2347 1070 ihn
2381 1010 2529 1070 vertraute

2949 1016 3094 1076 Gestalter
3120 1019 3171 1079 aus

1487 1190 1910 1250 Schaitler
1970 1193 2122 1253 und
2194 1189 2334 1249 das
2406 1193 2758 1253 Thealer

1838 1299 1922 1359 Von
1965 1300 2107 1360 Victor
2145 1300 2407 1360 Barnowsky

1315 1384 1373 1444 Die
1402 1385 1557 1445 Nachricht
1592 1387 1639 1447 vom
1688 1387 1746 1447 Tod
1786 1389 1901 1449 Arthur
1936 1390 2110 1450 Schnitzlers

1252 1431 1386 1491 erreichte
1416 1430 1472 1490 uns
1507 1431 1645 1491 während
1675 1431 1723 1491 der
1758 1433 2102 1493 Abend=Generalprobe

1251 1470 1282 1530 vo
1319 1474 1433 1534 nJules
1470 1476 1620 1536 Romains
1657 1476 1802 1536 Komödie
1835 1477 1930 1537 „Der
1967 1479 2098 1539 Kapi-

1251 1516 1410 1576 talist",
1434 1518 1518 1578 deren
1561 1518 1790 1578 Uraufführung
1828 1520 1908 1580 heute
1941 1518 1964 1578 im
2017 1521 2110 1581 Deut¬

1252 1563 1317 1623 schen
1351 1562 1609 1622 Künstlertheater
1638 1563 1817 1623 stattfindet.
1841 1563 1892 1623 Die
1916 1564 2099 1624 Fortsetzung

1256 1603 1301 1663 der
1329 1605 1430 1665 Probe
1458 1605 1541 1665 schien
1573 1606 1742 1666 gefährdet,
1766 1606 1835 1666 aber
1863 1607 1917 1667 nur
1950 1605 2000 1665 für
2028 1607 2110 1667 kurze

1252 1649 1319 1709 Zeit,
1338 1649 1415 1709 dann
1443 1649 1511 1709 ging
1539 1649 1570 1709 es
1598 1649 1711 1709 weiter.
1744 1652 1816 1712 Das
1844 1649 1966 1709 Theater
1990 1652 2094 1712 duldet

1247 1692 1319 1752 keine
1361 1694 1614 1754 Rücksichtnahme
1656 1692 1711 1752 auf
1748 1694 1914 1754 Regungen
1960 1694 2098 1754 privaten

1252 1736 1411 1796 Schmerzes
1438 1736 1447 1796 —
1493 1736 1593 1796 „wenn
1625 1736 1666 1796 die
1689 1736 1807 1796 Stunde
1835 1739 1989 1799 geschlagen
2017 1739 2099 1799 hat".

1314 1787 1373 1847 Und
1409 1789 1509 1849 seltsam
1564 1787 1590 1847 so
1623 1790 1686 1850 war
1718 1787 1749 1847 es
1786 1789 1849 1849 auch
1886 1791 1917 1851 am
1963 1790 2012 1850 28.
2040 1789 2098 1849 No¬

1251 1831 1388 1891 vember,
1406 1832 1437 1892 am
1477 1832 1539 1892 Tag
1570 1832 1614 1892 der
1646 1834 1871 1894 Uraufführung
1903 1833 1951 1893 von
1986 1834 2101 1894 Arthur

1251 1876 1429 1936 Schnitzlers
1481 1876 1625 1936 Komödie
1678 1876 1925 1936 „Professor
1968 1877 2103 1937 Bern¬

1256 1919 1400 1979 hardy"
1429 1918 1452 1978 im
1495 1919 1611 1979 Kleinen
1644 1918 1784 1978 Theater.
1804 1919 1934 1979 Plötzlich
1963 1921 2023 1981 hieß
2056 1921 2103 1981 es:

1250 1962 1371 2022 „Otto
1419 1961 1558 2021 Brahm
1619 1963 1665 2023 ist
1708 1963 1978 2023 gestorben!“
2025 1960 2090 2020 Wir

1256 2005 1347 2065 waren
1384 2006 1438 2066 wie
1466 2008 1617 2068 gelähmt.
1672 2006 1730 2066 Der
1763 2008 1936 2068 Inspizient
1964 2008 2028 2068 aber
2060 2006 2105 2066 ge¬

1251 2049 1363 2109 währte
1411 2048 1514 2108 unserm
1575 2050 1713 2110 Schmerz
1748 2049 1808 2109 nur
1856 2049 1968 2109 wenige
1994 2052 2101 2112 knappe

1252 2091 1407 2151 Minuten,
1426 2092 1499 2152 dann
1532 2094 1582 2154 gab
1610 2092 1637 2152 er
1665 2094 1715 2154 das
1743 2094 1853 2154 Zeichen
1886 2094 1931 2154 zum
1973 2094 2097 2154 nächsten

1256 2136 1319 2196 Akt.
1365 2136 1428 2196 Und
1465 2135 1515 2195 der
1547 2135 1646 2195 Abend
1684 2138 1769 2198 schloß
1811 2138 1883 2198 dann
1920 2139 1974 2199 mit
2006 2137 2083 2197 einem

1251 2181 1354 2241 großen
1383 2178 1486 2238 Erfolg
1519 2179 1566 2239 für
1590 2179 1636 2239 den
1670 2180 1782 2240 Dichter
1811 2181 1867 2241 und
1896 2181 1966 2241 seine
1990 2181 2107 2241 Helfer.

1249 2222 1340 2282 Unter
1391 2222 1441 2282 den
1478 2222 1666 2282 begeisterten
1703 2225 1881 2285 Zuschauern
1919 2224 2024 2284 befand
2056 2224 2102 2284 sich

2164 2255 2297 2315 Proben,
2317 2256 2524 2316 Schauspieler
2554 2257 2608 2317 und
2643 2258 2731 2318 Regie
2761 2258 2938 2318 maßgebend
2974 2258 3003 2318 zu

1247 2265 1324 2325 Erich
1357 2267 1567 2327 Schmidt,
1604 2267 1654 2327 der
1686 2269 1892 2329 unvergessene
1924 2269 2102 2329 Germanist

2157 2300 2366 2360 beeinflussen.
2409 2299 2469 2359 Das
2498 2300 2591 2360 zøigte
2615 2298 2661 2358 sich
2685 2299 2721 2359 am
2764 2303 2941 2363 deutlichsten
2974 2300 2997 2360 in

1252 2312 1299 2372 der
1323 2309 1465 2369 Berliner
1490 2309 1694 2369 Universität.

2164 2344 2381 2404 Liebesszenen,
2400 2342 2477 2402 deren
2505 2343 2636 2403 Register
2660 2344 2700 2404 ihm
2737 2344 2786 2404 vom
2823 2345 3000 2405 Einfachsten

1302 2352 1364 2412 Das
1405 2353 1467 2413 war
1504 2354 1597 2414 meine
1629 2354 1700 2414 erste
1732 2354 2014 2414 Zusammenarbeit
2046 2353 2098 2413 mit

2160 2383 2214 2443 und
2247 2387 2392 2447 Zartesten
2424 2384 2474 2444 bis
2506 2385 2533 2445 zu
2579 2387 2751 2447 verspielter
2793 2387 2906 2447 Ironie
2948 2387 3002 2447 und

1249 2398 1365 2458 Arthur
1421 2396 1598 2456 Schnitzler,
1650 2399 1701 2459 dem
1772 2399 1878 2459 großen
1945 2399 2084 2459 deutschen

2160 2428 2273 2488 krausem
2328 2428 2491 2488 Uebermut
2528 2429 2692 2489 gehorchten
2765 2430 2824 2490 Dem
2883 2431 3010 2491 Rotstift

1247 2440 1438 2500 Dramatiker
1466 2437 1516 2497 der
1544 2440 1795 2500 naturalistischen
1832 2440 1955 2500 Epoche,
1978 2440 2023 2500 der
2051 2440 2096 2500 die

2157 2473 2317 2533 gegenüber
2348 2471 2408 2531 war
2439 2470 2468 2530 er
2499 2472 2564 2532 sahr
2595 2473 2831 2533 zurückhaltend,
2857 2476 2997 2536 Todfeind

1253 2482 1406 2542 Elemente
1438 2482 1534 2542 seines
1570 2482 1671 2542 Werks
1707 2484 1759 2544 aus
1800 2483 1847 2543 dem
1896 2483 2090 2543 analytischen

2160 2515 2370 2575 geschluderten
2404 2515 2459 2575 und
2492 2515 2595 2575 müden
2628 2518 2881 2578 Aufführungen.

1253 2524 1337 2584 Geist
1379 2524 1430 2584 der
1482 2527 1720 2587 psychologischen
1776 2527 1982 2587 Beobachtung
2038 2527 2093 2587 und

3066 2534 3140 2594 gewe

2211 2555 2275 2615 Das
2305 2557 2404 2617 Spiel
2434 2559 2468 2619 ist
2498 2559 2577 2619 aus!
2622 2560 2701 2620 Oder
2736 2562 2770 2622 ist
2800 2563 2829 2623 es
2865 2563 2924 2623 nur
2959 2563 2998 2623 ein

1251 2569 1380 2629 behutsam
1421 2569 1603 2629 grübelnder
1630 2569 1809 2629 Erkenntnis
1836 2569 1934 2629 ebenso
1961 2569 2103 2629 gewann,

2158 2602 2403 2662 Zwischenspiel?

1252 2610 1303 2670 wie
1325 2613 1376 2673 aus
1403 2612 1449 2672 den
1476 2611 1712 2671 Verflechtungen
1743 2614 1811 2674 oder
1828 2614 2090 2674 Verhedderungen

3071 2620 3112 2680 die

2215 2645 2271 2705 Der
2308 2645 2364 2705 alte
2396 2646 2498 2706 Kastan
2535 2646 2586 2706 hat
2613 2646 2742 2706 testiert,
2768 2649 2814 2709 „es
2845 2649 2927 2709 hätte
2959 2647 3000 2707 sich

1252 2652 1298 2712 von
1331 2652 1424 2712 Mann
1458 2654 1508 2714 und
1542 2655 1639 2715 Weib,
1663 2655 1709 2715 von
1743 2655 1892 2715 Jüngling
1920 2657 1976 2717 und
2005 2655 2093 2715 Mäd¬

3074 2664 3132 2724 Schn

2159 2688 2230 2748 nicht
2259 2688 2412 2748 gelohnt!“
2465 2688 2546 2748 Aber
2576 2691 2714 2751 dieses
2753 2691 2838 2751 Leben
2877 2691 2929 2751 hat
2959 2692 3001 2752 sich

1252 2698 1329 2758 chen,
1348 2697 1397 2757 von
1430 2697 1594 2757 Männchen
1631 2699 1685 2759 und
1718 2699 1882 2759 Weibchen.

3068 2706 3151 2766 dama

2155 2733 2287 2793 gelohnt.
2334 2732 2420 2792 Denn
2462 2732 2502 2792 ein
2544 2733 2741 2793 Lebenswerk
2787 2733 2837 2793 von
2888 2736 3011 2796 bedeut¬

1307 2739 1357 2799 Als
1388 2739 1423 2799 ich
1455 2741 1510 2801 vor
1541 2741 1617 2801 zwei
1643 2742 1760 2802 Jahren
1797 2742 1969 2802 Schnitzlers
2006 2740 2102 2800 „Pro¬

3066 2746 3130 2806 eine
3168 2749 3194 2809 ra

2159 2774 2250 2834 samem
2294 2775 2432 2835 Ausmaß
2467 2775 2563 2835 bleibt
2592 2778 2707 2838 zurück,
2737 2778 2774 2838 ein
2823 2778 2909 2838 Werk
2948 2780 3000 2840 von

1249 2784 1332 2844 fessor
1365 2784 1575 2844 Bernhardi“,
1604 2784 1734 2844 diesmal
1767 2786 1823 2846 mit
1851 2784 1930 2844 Fritz
1959 2784 2103 2844 Kortner.

3069 2793 3123 2853 sehr
3158 2793 3197 2853 we

2155 2820 2241 2880 hoher
2281 2819 2420 2879 geistiger
2464 2818 2521 2878 und
2565 2820 2709 2880 seelischer
2753 2822 2912 2882 Deutung,
2951 2823 2998 2883 von

1250 2829 1395 2889 wiederum
1440 2827 1541 2887 spielte
1568 2827 1621 2887 und
1657 2827 1727 2887 viele
1758 2828 1820 2888 ihre
1847 2829 2006 2889 Sehnsucht
2037 2826 2099 2886 nach

3069 2832 3112 2892 dem
3157 2837 3201 2897 fra

2157 2863 2245 2923 selner
2281 2861 2444 2921 Schönheit
2474 2861 2523 2921 der
2553 2864 2686 2924 Sprache
2721 2867 2775 2927 und
2810 2867 2874 2927 voll
2905 2867 3007 2927 unzer¬

1249 2867 1290 2927 dem
1338 2870 1506 2930 „Zeitstück"
1540 2868 1563 2928 in
1601 2870 1690 2930 diesem
1732 2871 1816 2931 Werk
1850 2872 1929 2932 eines
1958 2870 2093 2930 Aelteren

3067 2879 3109 2939 sah
3141 2879 3189 2939 dar

2160 2904 2302 2964 störbarer
2331 2906 2420 2966 Kraft
2444 2906 2496 2966 der
2520 2908 2714 2968 Gesinnung.

1247 2912 1350 2972 erfüllt
1379 2912 1476 2972 sahen,
1505 2915 1608 2975 fehlten
1647 2915 1712 2975 auch
1745 2915 1791 2975 die
1821 2915 1984 2975 Einwände
2018 2915 2097 2975 derer

3069 2923 3177 2983 Poetar

2218 2949 2272 3009 Den
2312 2950 2469 3010 Ehrungen
2510 2950 2563 3010 zum
2613 2952 2776 3012 siebzigsten
2816 2954 3003 3014 Geburtstag

1248 2956 1336 3016 nicht,
1360 2956 1406 3016 die
1439 2955 1472 3015 da
1505 2957 1655 3017 meinten,
1679 2957 1730 3017 das
1768 2958 1805 3018 sei
1834 2958 1908 3018 nicht
1937 2959 1992 3019 das
2021 2959 2100 3019 Zeit¬

3070 2967 3177 3027 kleidet

2153 2990 2203 3050 hat
2229 2993 2350 3053 Arthur
2381 2993 2538 3053 Schnitzler
2569 2993 2614 3053 sich
2645 2994 2711 3054 früh
2747 2996 2904 3056 entzogen.
2945 2996 3005 3056 Die

1247 3000 1331 3060 stück;
1355 2999 1425 3059 dazu
1459 3001 1496 3061 sei
1520 3002 1552 3062 es
1585 3002 1613 3062 zu
1647 3002 1886 3062 unverbindlich.
1929 3001 2008 3061 Aber
2037 3002 2107 3062 das,

3064 3010 3167 3070 lancho

2153 3035 2295 3095 deutschen
2331 3037 2454 3097 Bühnen
2495 3037 2560 3097 aber
2592 3035 2702 3095 werden
2738 3037 2769 3097 zu
2805 3038 2897 3098 seinem
2942 3035 3004 3095 Ge¬

1247 3044 1306 3104 was
1343 3042 1397 3102 von
1439 3043 1544 3103 solchen
1586 3045 1736 3105 Stimmen
1779 3046 1824 3106 als
1861 3044 2098 3104 Einschränkung

3064 3052 3172 3112 neben!

2155 3079 2253 3139 denken
2291 3079 2337 3139 ihn
2370 3079 2478 3139 spielen
2516 3079 2567 3139 und
2605 3079 2707 3139 immer
2741 3079 2848 3139 wieder
2881 3082 3007 3142 spielen,

1252 3087 1374 3147 gemeint
1412 3085 1493 3145 war,
1526 3088 1616 3148 rührt
1654 3088 1817 3148 irgendwie
1850 3086 1881 3146 an
1923 3086 2096 3146 Schnitzlers

3064 3097 3135 3157 drud

2159 3124 2252 3184 damit
2278 3121 2321 3181 die
2351 3122 2430 3182 Welt
2455 3123 2494 3183 die
2525 3121 2638 3181 Klänge
2668 3121 2746 3181 eines
2776 3124 2904 3184 Dichters
2939 3123 3002 3183 ver¬

1244 3130 1428 3190 eigentliches
1457 3130 1578 3190 Wesen,
1603 3130 1670 3190 ragt
1695 3130 1719 3190 in
1754 3131 1806 3191 das
1836 3130 1966 3190 Zentrum
2011 3130 2102 3190 seiner

2157 3169 2273 3229 nehme,
2295 3169 2332 3229 um
2370 3166 2417 3226 den
2449 3166 2486 3226 sie
2508 3166 2608 3226 ärmer
2635 3166 2783 3226 geworden
2816 3166 2863 3226 ist.

1248 3172 1353 3232 Kunst.
1392 3174 1454 3234 Das
1479 3175 1729 3235 Unverbindliche
1754 3175 1806 3235 gab
1836 3175 1922 3235 seinem
1966 3172 2095 3232 Schaffen

1247 3214 1303 3274 erst
1322 3214 1363 3274 die
1387 3214 1494 3274 Weite,
1513 3217 1559 3277 den
1588 3217 1671 3277 Raum
1709 3215 1731 3275 in
1760 3217 1810 3277 dem
1844 3217 1871 3277 er
1895 3217 1936 3277 sich
1960 3214 2090 3274 bewegen

1246 3257 1367 3317 konnte,
1385 3258 1445 3318 war
1471 3256 1518 3316 der
1545 3258 1644 3318 Atem,
1662 3258 1743 3318 durch
1774 3258 1821 3318 den
1852 3255 1878 3315 er
1904 3258 1994 3318 lebte.

1307 3298 1368 3358 Auf
1396 3297 1443 3357 die
1476 3300 1616 3360 privaten
1659 3300 1808 3360 Konflikte
1842 3299 1888 3359 der
1926 3300 2098 3360 Schnitzler¬

2234 3324 2452 3384 Schnitz
2475 3323 2528 3383 er
2573 3318 2681 3378 und
2737 3321 2889 3381 Wien

1249 3343 1318 3403 schen
1356 3344 1505 3404 Menschen
1538 3342 1608 3402 fällt
1631 3341 1683 3401 der
1711 3343 1846 3403 Schatten
1884 3342 1930 3402 der
1959 3342 2103 3402 europäi¬

1249 3387 1318 3447 schen
1351 3387 1449 3447 Krise,
1473 3386 1514 3446 die
1543 3385 1570 3445 im
1613 3387 1921 3447 Vorkriegsösterreich
1954 3387 2024 3447 nicht
2052 3389 2098 3449 als

2378 3389 2441 3449 Von
2473 3390 2593 3450 Franz
2620 3390 2762 3450 Werfel

1253 3428 1332 3488 Krise
1363 3429 1517 3489 erscheint,
1539 3428 1609 3488 weil
1637 3428 1698 3488 man
1734 3429 1790 3489 mit
1817 3430 1865 3490 der
1897 3429 1993 3489 müden
2029 3431 2099 3491 Me¬

2210 3447 2249 3507 Es
2284 3447 2352 3507 geht
2378 3447 2436 3507 mit
2461 3447 2510 3507 ihm
2555 3447 2594 3507 ein
2629 3445 2736 3505 großer
2772 3447 2924 3507 Künstler,
2949 3447 2988 3507 ein

1246 3473 1390 3533 lancholie
1418 3471 1502 3531 süßer
1530 3473 1842 3533 Todesbereitschaften
1875 3472 1991 3532 spielte.
2024 3472 2089 3532 Nur

2155 3489 2248 3549 reiner
2277 3490 2375 3550 Geist,
2399 3490 2459 3550 eine
2488 3488 2605 3548 sittliche
2633 3488 2722 3548 Kraft
2750 3489 2839 3549 hoher
2868 3491 2998 3551 Verant¬

1251 3513 1309 3573 war
1339 3515 1401 3575 man
1431 3515 1485 3575 aus
1519 3513 1569 3573 dem
1607 3515 1733 3575 Theater
1763 3515 1808 3575 ins
1838 3515 1926 3575 Leben
1960 3518 2106 3578 getreten,

2157 3533 2291 3593 wortung
2335 3533 2359 3593 in
2403 3532 2445 3592 die
2484 3531 2711 3591 Weltgeschichte
2749 3532 2812 3592 ein.
2860 3533 2995 3593 Zugleich

1247 3558 1315 3618 ohne
1342 3557 1389 3617 den
1420 3557 1593 3617 Uebergang
1624 3558 1654 3618 zu
1685 3557 1849 3617 bemerken.

2157 3575 2215 3635 aber
2243 3575 2449 3635 verschwindet
2472 3574 2527 3634 mit
2550 3575 2637 3635 seinem
2674 3575 2788 3635 schönen
2821 3575 2870 3635 und
2903 3575 2989 3635 lieben

1311 3600 1460 3660 Schnitzler
1489 3602 1571 3662 hatte
1600 3601 1653 3661 das
1687 3602 1778 3662 tiefste
1808 3604 1914 3664 Wissen
1948 3602 1981 3662 um
2025 3602 2097 3662 diese

2156 3620 2262 3680 Antlitz
2299 3620 2347 3680 der
2388 3617 2463 3677 letzte
2504 3617 2606 3677 Schein
2656 3617 2776 3677 unserer
2821 3620 2990 3680 verlorenen

1249 3644 1620 3704 Untergangsstimmung,
1662 3644 1730 3704 aber
1771 3645 1825 3705 das
1871 3647 2093 3707 Heimatgefühl

2155 3662 2287 3722 Heimat,
2310 3662 2355 3722 der
2388 3661 2525 3721 Abglanz
2553 3661 2602 3721 des
2640 3662 2712 3722 alten
2749 3662 2941 3722 Oesterreich,
2969 3662 2991 3722 in

1246 3686 1306 3746 war
1336 3688 1362 3748 in
1397 3686 1431 3746 sie
1461 3688 1608 3748 verliebt;
1630 3687 1685 3747 nur
1715 3687 1797 3747 wenn
1832 3688 1862 3748 er
1888 3688 1999 3748 einmal
2030 3691 2076 3751 zum

2155 3705 2239 3765 tiefer
2267 3706 2374 3766 Nacht.
2416 3703 2468 3763 Ein
2506 3702 2589 3762 Reich
2627 3703 2673 3763 der
2701 3703 2823 3763 Freude
2856 3703 2911 3763 und
2944 3703 2995 3763 der

1250 3730 1324 3790 Zorn
1353 3730 1400 3790 sich
1428 3731 1587 3791 aufraffte,
1606 3731 1680 3791 schuf
1704 3729 1732 3789 er
1761 3728 1802 3788 ein
1831 3730 1929 3790 Werk,
1953 3733 2004 3793 wie
2028 3733 2092 3793 eben

2155 3748 2360 3808 Traurigkeit,
2380 3745 2426 3805 des
2454 3745 2599 3805 Genusses
2632 3746 2687 3806 und
2716 3745 2766 3805 der
2796 3748 2930 3808 Jugend,
2949 3748 2991 3808 ein

3058 3748 3163 3808 kindk

1247 3774 1335 3834 diesen
1368 3775 1537 3835 „Professor
1560 3775 1770 3835 Bernhardi",
1785 3775 1855 3835 das,
1874 3775 1953 3835 wenn
1981 3775 2009 3835 es
2033 3776 2093 3836 bis¬

2154 3790 2235 3850 Reich
2274 3789 2321 3849 der
2355 3787 2570 3847 Verfeinerung
2608 3789 2661 3849 und
2699 3788 2747 3848 des
2781 3790 2909 3850 Wissens
2943 3790 2976 3850 um

3059 3793 3101 3853 sich
3127 3793 3151 3853 se

1248 3818 1295 3878 her
1324 3817 1376 3877 kein
1411 3820 1549 3880 Zeitstück
1574 3818 1693 3878 gewesen
1727 3817 1780 3877 sein
1814 3817 1909 3877 sollte,
1929 3817 2015 3877 heute
2040 3819 2087 3879 als

2154 3833 2206 3893 das
2235 3832 2335 3892 Ende.
2379 3831 2455 3891 Eine
2489 3832 2608 3892 wirklich
2647 3835 2790 3895 herznahe
2824 3833 2904 3893 Welt
2934 3834 2995 3894 voll

3057 3838 3150 3898 schöne

1253 3859 1290 3919 ein
1328 3861 1510 3921 Paradigma
1548 3862 1594 3922 des
1627 3862 1776 3922 Zeitstücks
1809 3862 1949 3922 gewertet
1977 3862 2089 3922 werden

2156 3876 2377 3936 Landschaften,
2397 3876 2548 3936 Klängen,
2574 3876 2710 3936 Worten,
2736 3876 2897 3936 Gesichten,
2922 3876 2990 3936 hold

1250 3903 1338 3963 muß.

2156 3918 2208 3978 und
2242 3918 2514 3978 unwiederholbar,
2539 3918 2615 3978 folgt
2640 3919 2716 3979 ihrem
2759 3918 2897 3978 Meister.
2936 3918 2988 3978 Ein

3056 3922 3124 3982 einm

1303 3945 1424 4005 Meiner
1468 3945 1642 4005 Beziehung
1685 3945 1742 4005 zur
1790 3945 1965 4005 Regiekunst
2018 3948 2086 4008 steht

2151 3961 2260 4021 großes
2285 3961 2429 4021 Zeitalter
2458 3960 2549 4020 dieser
2578 3960 2674 4020 Stadt
2698 3960 2769 4020 sinkt
2799 3962 2856 4022 mit
2881 3961 2995 4021 Arthur

1249 3990 1421 4050 Schnitzlers
1468 3989 1631 4049 Dramatik
1674 3989 1832 4049 besonders
1879 3990 1972 4050 nahe.
2024 3991 2084 4051 Und

2155 4005 2306 4065 Schnitzler
2332 4005 2377 4065 ins
2403 4003 2504 4063 Grab,
2525 4004 2555 4064 um
2597 4005 2621 4065 in
2652 4006 2743 4066 seinem
2785 4005 2992 4065 unsterblichen

1250 4031 1324 4091 wenn
1356 4033 1390 4093 ich
1422 4032 1474 4092 mir
1501 4032 1549 4092 den
1576 4032 1726 4092 Vorwurf
1748 4032 1823 4092 nicht
1845 4033 1973 4093 ersparen
2004 4033 2092 4093 kann,

2154 4049 2253 4109 Werke
2279 4050 2378 4110 weiter
2404 4051 2434 4111 zu
2464 4047 2563 4107 leben!

3062 4055 3159 4115 Schnit

1252 4076 1296 4136 sein
1324 4074 1410 4134 Werk
1433 4076 1570 4136 während
1598 4074 1643 4134 der
1670 4074 1761 4134 letzten
1789 4074 1884 4134 Jahre
1907 4075 1998 4135 etwas
2026 4076 2089 4136 ver¬

3052 4093 3133 4153 ruch.
3162 4094 3176 4154 E

1248 4120 1420 4180 nachlässigt
1440 4119 1468 4179 zu
1502 4118 1588 4178 haben
1617 4113 1626 4173 —
1675 4116 1698 4176 im
1737 4118 1842 4178 ganzen
1872 4118 1943 4178 habe
1968 4118 2001 4178 ich
2030 4120 2073 4180 ihm

3058 4138 3137 4198 lichen
