3392 4352
145 279 162 339 2

130 1900 305 1960 forben

104 1966 149 2026 .
170 1968 216 2028 21.
236 1968 382 2028 Oktober.

142 2012 205 2072 Dr.
241 2013 416 2073 Urthur

117 2058 222 2118 sjahre
249 2058 427 2118 gestorben.

109 2100 155 2160 ung
187 2100 255 2160 eine
288 2100 424 2160 Gehirn¬

115 2144 310 2204 uhtlosigkeit.

105 2290 164 2350 und
201 2289 265 2349 aus
296 2288 402 2348 seinem

107 2333 158 2393 net
181 2333 272 2393 war,
290 2335 329 2395 ist
353 2333 421 2393 jetzt

106 2380 144 2440 ge
161 2379 421 2439 hinweggestor¬

107 2422 178 2482 tion
211 2422 282 2482 noch
316 2422 365 2482 bis
393 2422 420 2482 in

104 2467 127 2527 se
151 2465 239 2525 Art,
257 2465 304 2525 die
333 2464 426 2524 Welt

106 2512 160 2572 den
199 2510 427 2570 Schwingun¬

98 2550 198 2610 lingen
231 2553 283 2613 des
310 2550 416 2610 letzten

102 2595 272 2655 perloten.

338 2597 419 2657 Noch

91 2643 425 2703 Stresemannstraße

160 2684 219 2744 und
254 2685 323 2745 piel
353 2684 426 2744 um¬

93 2727 239 2787 sypischen
273 2727 436 2787 Frauen¬

107 2771 221 2831 fleben
250 2772 279 2832 zu
314 2771 439 2831 lassen;

126 2814 260 2874 Roman
294 2814 433 2874 „The¬

93 2858 163 2918 selt.
181 2858 238 2918 bei
257 2858 297 2918 S.
309 2858 431 2918 Fischer

93 2902 188 2962 kückt.
213 2903 295 2963 Auch
326 2903 426 2963 dieses

96 2947 168 3007 schen
208 2947 263 3007 der
291 2949 436 3009 Schnitz¬

106 2989 111 3049 e
138 2992 344 3052 Gestaltung
383 2993 436 3053 der

99 3035 148 3095 bst
193 3037 259 3097 mit
304 3036 415 3096 seinem

92 3079 199 3139 ihung
237 3079 269 3139 um
318 3079 435 3139 under=

98 3123 193 3183 doarn
237 3121 327 3181 einer
360 3122 434 3182 Zeit

101 3165 133 3225 re
167 3168 318 3228 Fronten
379 3165 433 3225 ge¬

91 3210 134 3270 her
169 3210 436 3270 verschwomme¬

96 3253 225 3313 tigkeit,
249 3252 301 3312 der
331 3252 436 3312 ästhe¬

93 3294 177 3354 ßien,
199 3295 231 3355 in
263 3295 353 3355 dem,
375 3295 428 3355 den

113 3338 235 3398 Leben,
258 3338 286 3398 in
326 3338 375 3398 ach
410 3336 437 3396 so

119 3383 180 3443 Ein
220 3380 337 3440 Wien,
366 3380 421 3440 dem

96 3428 116 3488 en
160 3426 256 3486 Krieg
293 3428 357 3488 und
390 3425 437 3485 die

90 3473 130 3533 sen
170 3470 307 3530 besseren
347 3470 444 3530 Aus¬

304 280 888 340 Schnitzlers
950 280 1181 340 Death

1405 280 1527 340 box
1604 281 1787 341 43/1

476 1857 562 1917 druck
595 1858 621 1918 in
660 1858 713 1918 der
747 1858 958 1918 katholischen
997 1860 1332 1920 Dichtergeneration
1371 1861 1533 1921 gefunden
1572 1862 1647 1922 hat,

481 1903 532 1963 die
561 1903 628 1963 noch
662 1903 724 1963 mit
753 1903 989 1963 Hermann
1024 1906 1154 1966 Bahr
1183 1905 1307 1965 glaubt
1330 1905 1369 1965 an
1403 1906 1459 1966 das
1494 1906 1646 1966 „Oester¬

482 1947 557 2007 reich
592 1947 621 2007 in
657 1947 859 2007 Ewigkeit".

566 2008 611 2068 Um
658 2013 837 2073 Schnitzler
868 2013 930 2073 sind
966 2013 1087 2073 heftige
1117 2015 1261 2075 Kämpfe
1291 2016 1516 2076 ausgefochten
1558 2015 1644 2075 wor¬

475 2053 556 2113 den.
600 2054 681 2114 Wer
703 2055 865 2115 erinnert
893 2058 936 2118 sich
969 2058 1049 2118 nicht
1078 2058 1131 2118 des
1164 2059 1554 2119 „Reigen"=Skandals;
1582 2061 1641 2121 wer

484 2098 559 2158 nicht
587 2097 635 2157 der
663 2097 739 2157 weit
761 2100 933 2160 späteren,
951 2102 1200 2162 gedämpfteren
1228 2103 1373 2163 Fassung
1401 2103 1498 2163 seines
1526 2103 1644 2163 immer

476 2141 781 2201 wiederkehrenden
817 2144 1014 2204 Versuches,
1040 2144 1091 2204 den
1133 2144 1273 2204 Primat
1304 2145 1392 2205 einer
1429 2144 1490 2204 nur
1522 2147 1640 2207 gerade

485 2187 550 2247 noch
589 2186 616 2246 im
667 2186 799 2246 Kampf
844 2187 910 2247 mit
949 2188 1004 2248 dem
1060 2189 1363 2249 Gesellschaftlichen
1414 2192 1634 2252 gebändigten

481 2231 844 2291 Hemmungslosigkeit
893 2231 952 2291 der
1002 2233 1115 2293 Sinne
1165 2235 1196 2295 zu
1251 2234 1462 2294 verkünden,
1506 2235 1533 2295 in
1588 2234 1652 2294 sei¬

487 2274 541 2334 ner
595 2276 746 2336 Novelle

802 2276 1067 2336 „Fräulein
1125 2276 1238 2336 Else

1327 2278 1385 2338 der
1444 2279 1533 2339 dann

488 2318 634 2378 Bergner
680 2321 713 2381 im
770 2321 854 2381 Film
911 2321 1142 2381 Popularität
1188 2324 1221 2384 zu
1273 2324 1464 2384 verschaffen
1515 2324 1639 2384 suchte?

490 2365 664 2425 „Liebeln,
702 2364 848 2424 Sterben
904 2365 968 2425 und
1024 2365 1338 2425 Komödienspielen

1581 2367 1650 2427 hat

488 2407 612 2467 einmal
652 2410 703 2470 ein
766 2409 986 2469 sarkastischer
1032 2410 1229 2470 Beurteiler
1276 2411 1474 2471 Schnitzlers
1520 2412 1643 2472 ewiges

488 2452 701 2512 Thementrio
760 2455 903 2515 gefaßt.

951 2451 1005 2511 Es
1060 2454 1132 2514 sind
1200 2455 1259 2515 die
1314 2458 1525 2518 Probleme,

1589 2458 1650 2518 die

482 2494 574 2554 einer
640 2497 775 2557 kranken
852 2497 1064 2557 Gesellschaft
1130 2499 1189 2559 den
1266 2503 1369 2563 engen
1441 2500 1631 2560 Spielraum

485 2539 571 2599 ihrer
598 2538 765 2598 Gedanken
804 2541 862 2601 und
896 2544 981 2604 ihres
1009 2544 1176 2604 Erlebens
1204 2547 1316 2607 setzen.
1355 2547 1462 2607 Seine
1485 2548 1641 2608 Versuche

485 2586 511 2646 in
548 2586 876 2646 „Medardus",
898 2586 955 2646 dem
998 2588 1125 2648 Drama
1163 2589 1200 2649 um
1248 2590 1305 2650 das
1338 2592 1533 2652 Oesterreich
1587 2592 1644 2652 der

484 2628 749 2688 napoleonischen
788 2629 885 2689 Zeit,
929 2631 994 2691 und
1027 2633 1092 2693 sein
1125 2634 1325 2694 Schauspiel
1369 2635 1433 2695 aus
1494 2634 1548 2694 der
1581 2632 1651 2692 Ne¬

487 2670 649 2730 naissance
687 2673 800 2733 „Der
833 2673 1049 2733 Schleier
1098 2673 1179 2733 der
1233 2677 1493 2737 Beairire“
1531 2677 1639 2737 waren

488 2716 679 2776 mißglückte
702 2715 837 2775 Ansätze
861 2717 917 2777 zum
957 2718 1075 2778 großen
1110 2717 1222 2777 erk.
1240 2718 1347 2778 Seine
1370 2719 1454 2779 Form
1500 2721 1567 2781 war
1596 2719 1652 2779 der

491 2759 695 2819 bramatische
729 2759 917 2819 Einakter;
963 2761 1028 2821 mit
1057 2762 1145 2822 seine
1207 2762 1373 2822 Dialogen
1418 2762 1645 2822 „Anutol"

497 2799 565 2859 schon
603 2804 661 2864 hat
682 2804 713 2864 er
746 2805 792 2865 sich
820 2804 878 2864 von
910 2805 1110 2865 vornherein
1143 2807 1201 2867 auf
1222 2807 1306 2867 seine
1334 2807 1465 2867 eigenen
1503 2807 1645 2867 Grenzen

497 2849 675 2909 festgelegt.
745 2848 866 2908 „Das
919 2849 1161 2909 Märchen“
1219 2849 1282 2909 und
1341 2851 1392 2911 die
1450 2852 1652 2912 berüchtigte

500 2891 754 2951 „Liebelei"
789 2890 875 2950 setzen
917 2893 997 2953 diese
1027 2894 1125 2954 Linie
1155 2894 1223 2954 fort
1247 2894 1328 2954 über
1357 2897 1663 2957 „Freiwild",

497 2933 568 2993 über
602 2935 657 2995 den
702 2935 907 2995 skandalösen
946 2938 1178 2998 „Reigen“
1217 2938 1267 2998 bis
1307 2938 1356 2998 hin
1395 2940 1456 3000 zum
1506 2941 1655 3001 „Zwi¬

506 2979 788 3039 chenspiel“,
817 2979 849 3039 zu
889 2980 944 3040 der
978 2980 1228 3040 „Komödie
1262 2981 1339 3041 der
1373 2983 1578 3043 Worte",
1606 2983 1661 3043 der

494 3022 737 3082 „Komödie
771 3023 849 3083 der
877 3025 1310 3085 Verführungen",
1333 3026 1455 3086 endlich
1488 3026 1538 3086 dem
1589 3028 1655 3088 letz¬

491 3067 536 3127 ten
571 3068 712 3128 Erfolg,
735 3067 785 3127 dem
837 3067 984 3127 „Gang
1019 3070 1098 3130 zum
1139 3070 1370 3130 Weiher".
1405 3071 1512 3131 Wohl
1536 3073 1597 3133 hat
1621 3071 1654 3131 er

495 3109 549 3169 das
577 3112 1071 3172 Dramatisch=Handwerlliche
1099 3115 1158 3175 fest
1180 3115 1207 3175 in
1241 3115 1294 3175 der
1322 3115 1436 3175 Hand.
1458 3118 1544 3178 Aber
1572 3118 1658 3178 seine

493 3153 687 3213 Stoffwahl
709 3156 790 3216 schon
823 3156 942 3216 gleitet
969 3158 1087 3218 immer
1121 3159 1169 3219 ins
1196 3159 1266 3219 rein
1300 3161 1558 3221 Novellistische.
1580 3159 1650 3219 Das

501 3198 732 3258 Novellistische
766 3198 849 3258 aber
877 3200 921 3260 ist
950 3201 1032 3261 seine
1066 3202 1259 3262 eigentliche
1288 3204 1409 3264 Form.
1454 3198 1536 3258 Auch
1570 3204 1653 3264 seine

493 3243 650 3303 Romane
678 3243 742 3303 sind
775 3240 986 3300 ausgehaute
1019 3244 1203 3304 Novellen,
1225 3248 1251 3308 in
1285 3249 1376 3309 ihrer
1409 3249 1474 3309 Art
1501 3249 1652 3309 stilistisch

497 3285 723 3345 meisterhaft;
757 3288 838 3348 aber
871 3288 935 3348 mit
968 3288 1022 3348 der
1055 3291 1168 3351 Welt,
1196 3291 1244 3351 die
1277 3291 1320 3351 sie
1353 3291 1537 3351 gestalten,
1570 3294 1651 3354 eben

491 3332 605 3392 gestrig
638 3332 703 3392 und
731 3332 807 3392 auch
835 3332 872 3392 da
906 3332 1026 3392 wieder
1059 3334 1113 3394 von
1147 3335 1244 3395 innen
1283 3336 1337 3396 her
1365 3336 1555 3396 kränkelnd.

581 3383 651 3443 Nur
684 3386 813 3446 wenige
847 3386 949 3446 seiner
982 3389 1187 3449 Generation
1225 3389 1301 3449 läßt
1328 3391 1360 3451 er
1393 3392 1517 3452 zurück.

1581 3394 1656 3454 Der

494 3427 620 3487 reinere
658 3428 720 3488 und
763 3430 1033 3490 unvergleichlich
1087 3433 1208 3493 tiefere
1240 3436 1658 3496 Hofmannsthal,

495 3471 549 3531 der
582 3475 614 3535 zu
652 3473 733 3533 weit
766 3473 906 3533 höheren
945 3476 1171 3536 Landschaften
1215 3479 1268 3539 des
1302 3478 1442 3538 Parnaß
1481 3482 1658 3542 aufgestie¬

1697 1861 1773 1921 gene
1824 1861 1967 1921 Rilke
2022 1861 2088 1921 sind
2144 1864 2199 1924 ihm
2266 1865 2586 1925 vorausgestorben.
2636 1864 2851 1924 Gerhart

1705 1906 2028 1966 Hauptmann,
2050 1906 2104 1966 ihm
2153 1906 2325 1966 verwandt
2352 1907 2443 1967 durch
2477 1909 2525 1969 die
2552 1909 2670 1969 Schule
2698 1909 2751 1969 des
2784 1907 2853 1967 Na¬

1697 1947 1918 2007 turalismus,
1946 1947 1984 2007 ist
2012 1948 2123 2008 längst
2151 1950 2300 2010 bemüht,
2328 1950 2372 2010 sich
2406 1950 2566 2010 innerlich
2600 1951 2627 2011 zu
2666 1950 2748 2010 lösen
2788 1950 2842 2010 von

1703 1990 1789 2050 ihrer
1811 1991 2054 2051 gemeinsamen
2087 1993 2379 2053 Vergangenheit.
2401 1992 2465 2052 Die
2487 1992 2687 2052 literarische
2715 1993 2849 2053 Jugend

1700 2036 1771 2096 geht
1800 2034 1899 2094 völlig
1932 2035 2053 2095 andere
2076 2035 2197 2095 Wege,
2215 2037 2359 2097 klarere,
2376 2037 2536 2097 vielleicht
2564 2037 2613 2097 zum
2658 2037 2735 2097 Teil
2763 2037 2851 2097 sogar

1700 2079 1771 2139 noch
1799 2079 1969 2139 falschere,
1992 2079 2069 2139 aber
2097 2081 2345 2141 eindeutigere.
2390 2082 2434 2142 In
2467 2081 2643 2141 Schnitzler
2672 2082 2759 2142 starb
2793 2082 2859 2142 ein,

1700 2122 1784 2182 wenn
1822 2124 1890 2184 auch
1917 2125 2113 2185 begrenztes
2141 2124 2267 2184 Talent
2295 2125 2347 2185 der
2375 2124 2619 2184 abgesunkenen
2651 2124 2788 2184 Epoche.
2805 2123 2852 2183 In

1706 2165 1750 2225 ihm
1783 2165 1866 2225 starb
1899 2166 1954 2226 vor
1977 2168 2053 2228 allem
2104 2168 2147 2228 ein
2176 2168 2424 2228 Repräsentant
2441 2168 2535 2228 jener
2552 2168 2855 2228 literaturbeflisse¬

1703 2210 1759 2270 nen
1788 2210 2137 2270 Gesellschaftsschicht,
2155 2213 2222 2273 die,
2240 2213 2291 2273 dem
2331 2212 2584 2272 Liberalismus
2608 2213 2793 2273 verhaftet,
2811 2213 2839 2273 im

1703 2252 1794 2312 Wien
1832 2256 1891 2316 vor
1924 2255 2005 2315 1914
2060 2255 2124 2315 und
2162 2257 2189 2317 in
2249 2258 2303 2318 der
2336 2260 2740 2320 Untergangsstimmung
2795 2260 2854 2320 der

1712 2299 2060 2359 Jahrhundertwende
2093 2300 2187 2360 ihren
2232 2303 2513 2363 unerschöpflichen
2558 2303 2757 2363 Nährboden
2802 2302 2856 2362 für

1706 2339 1773 2399 ihre
1802 2341 2028 2401 kurzlebigen,
2051 2341 2101 2401 oft
2125 2343 2339 2403 berauschend
2385 2344 2570 2404 glühenden
2605 2344 2729 2404 Blüten
2763 2345 2859 2405 fand.

1712 2378 1788 2438 Ihre
1819 2383 1948 2443 Macht,
1972 2386 2042 2446 ihre
2072 2386 2219 2446 Blüten,
2243 2386 2314 2446 ihre
2345 2389 2515 2449 Menschen
2551 2390 2615 2450 sind
2651 2392 2716 2452 mit
2740 2391 2840 2451 diesem

1703 2431 1787 2491 ihrem
1828 2429 1935 2489 letzten
1964 2431 2226 2491 Bannerträger
2255 2434 2345 2494 wohl
2362 2435 2538 2495 endgültig
2568 2432 2697 2492 vorbei.

2543 2476 2587 2536 H.
2606 2476 2820 2536 Bachmann.

1782 2560 1897 2620 Arthur
1920 2562 2080 2622 Schnitzler
2103 2562 2208 2622 wurde
2231 2562 2263 2622 am
2303 2562 2352 2622 15.
2369 2563 2441 2623 Mai
2464 2562 2529 2622 1862
2558 2562 2579 2622 in
2607 2563 2690 2623 Wien
2719 2565 2867 2625 geboren,

1702 2601 1750 2661 als
1789 2604 1874 2664 Sohn
1913 2606 1961 2666 des
1999 2607 2069 2667 ord.
2097 2607 2269 2667 Professors
2313 2605 2350 2665 an
2399 2607 2452 2667 der
2491 2607 2620 2667 Wiener
2658 2608 2863 2668 Universität,

1702 2638 1763 2698 Dr.
1784 2646 1907 2706 Johann
1944 2649 2118 2709 Schnitzler,
2144 2649 2226 2709 eines
2252 2652 2489 2712 Laryngologen
2521 2650 2572 2710 von
2603 2652 2808 2712 Bedeutung,
2824 2653 2855 2713 zu

1702 2691 1786 2751 dessen
1824 2691 2076 2751 Patientenkreis
2109 2692 2188 2752 viele
2216 2694 2412 2754 prominente
2446 2694 2656 2754 Schauspieler
2689 2695 2745 2755 und
2778 2693 2861 2753 Sän¬

1703 2734 1748 2794 ger
1775 2729 1935 2789 gehörten.
1977 2729 2142 2789 Schnitzler
2169 2732 2313 2792 studierte
2340 2734 2510 2794 gleichfalls
2537 2733 2671 2793 Medizin
2703 2732 2728 2792 in
2765 2732 2868 2792 Wien,

1699 2771 1906 2831 promovierte
1935 2774 2007 2834 1885
2042 2776 2094 2836 und
2128 2775 2210 2835 war,
2235 2775 2287 2835 nat
2307 2777 2354 2837 dem
2404 2775 2432 2835 er
2466 2776 2553 2836 (1886
2572 2777 2687 2837 -1869)
2717 2776 2774 2836 auf
2799 2775 2866 2835 ver¬

1714 2816 1864 2876 schiedenen
1895 2816 2035 2876 Kliniken
2061 2819 2241 2879 praktiziert
2262 2819 2317 2879 und
2343 2819 2408 2879 auch
2433 2820 2498 2880 eine
2519 2819 2604 2879 Reise
2624 2819 2674 2879 zum
2710 2820 2845 2880 Studium

1699 2858 1748 2918 der
1778 2861 1980 2921 hygienischen
2015 2861 2250 2921 Einrichtungen
2290 2861 2354 2921 noch
2384 2862 2502 2922 London
2542 2864 2595 2924 und
2625 2863 2723 2923 Parls
2758 2864 2861 2924 unter¬

1702 2903 1835 2963 nommen
1870 2906 1968 2966 hatte,
1988 2906 2037 2966 bis
2067 2906 2136 2966 1893
2166 2907 2304 2967 Assistent
2329 2906 2422 2966 seines
2447 2906 2565 2966 Vatere
2595 2906 2629 2966 an
2664 2907 2713 2967 der
2738 2909 2861 2969 Wiener

1703 2947 1899 3007 allgemeinen
1936 2947 2127 3007 Poliklinik.
2174 2947 2241 3007 Den
2273 2950 2563 3010 militärärztlichen
2594 2952 2718 3012 Dienst,
2745 2950 2770 3010 in
2807 2950 2858 3010 den

1700 2991 1729 3051 er
1755 2989 1850 3049 später
1876 2992 1957 3052 trat,
1977 2995 2078 3055 mußte
2104 2995 2133 3055 er
2164 2992 2224 3052 nach
2255 2992 2305 3052 der
2331 2992 2528 3052 Publikation
2564 2993 2659 3053 seines
2685 2994 2861 3054 „Leutnant

1704 3031 1802 3091 Gustl"
1839 3036 2005 3096 aufgeben,
2037 3037 2092 3097 und
2129 3037 2197 3097 bald
2234 3037 2375 3097 widniete
2407 3040 2437 3100 er
2475 3042 2517 3102 sich
2555 3039 2776 3099 ausschließlich
2808 3037 2857 3097 der

1705 3079 1890 3139 Literatur.
