3344 4352
176 272 259 332 2.

1438 270 1561 330 box
1647 270 1823 330 43/5

330 273 909 333 Schnitzlers
979 273 1162 333 Deat

400 742 1202 802 OBSERVER“

490 825 518 885 I.
530 819 648 879 österr.
660 806 807 866 behördl.
820 786 1120 846 konzessioniertes

443 864 681 924 Unternehmen
717 848 760 908 für
789 826 1179 886 Zeitungs-Ausschnitte

499 921 647 981 WIEN,
679 914 725 974 I,
749 897 1038 957 WOLLZEILE
1086 879 1124 939 11

605 962 826 1022 TELEPHON
863 943 1037 1003 R-23-0-43

414 1122 638 1182 Ausschnitt
666 1108 755 1168 aus:

896 1128 994 1188 gs

856 1284 1066 1344 75.0K7

606 1700 683 1760 Der
727 1697 813 1757 Tod
866 1697 944 1757 des
988 1699 1222 1759 Dichters.

625 1756 701 1816 Aber
727 1757 767 1817 ein
799 1756 915 1816 Dichter
956 1751 971 1811 —
1033 1755 1089 1815 das
1115 1757 1150 1817 ist
1172 1756 1242 1816 schon
1279 1755 1339 1815 eine

588 1798 693 1858 andere
721 1796 780 1856 Art
803 1795 917 1855 Mensch
945 1795 995 1855 wie
1023 1795 1206 1855 unsereiner,
1225 1795 1338 1855 Borro¬

591 1836 696 1896 mäus.
735 1834 831 1894 Wenn
861 1834 889 1894 so
919 1833 1000 1893 einer
1049 1831 1073 1891 in
1107 1834 1232 1894 Pension
1271 1834 1343 1894 geht,

592 1876 695 1936 kann's
720 1873 883 1933 passieren,
904 1873 958 1933 daß
988 1873 1027 1933 die
1053 1873 1151 1933 Stelle
1176 1873 1250 1933 recht
1275 1875 1338 1935 lang

591 1915 731 1975 unbesetzt
756 1912 857 1972 bleibt.

627 1953 755 2013 (Arthur
771 1952 1014 2012 Schnitzler:
1045 1950 1220 2010 „Lebendige
1242 1950 1334 2010 Stun¬

574 1990 641 2050 en

516 2051 723 2111 Manchmal,
770 2049 857 2109 wenn
899 2049 971 2109 man
1024 2049 1054 2109 in
1096 2046 1148 2106 der
1179 2046 1339 2106 Mittags¬

474 2096 576 2156 stunde
608 2095 685 2155 über
722 2094 773 2154 den
810 2092 939 2152 Graben
976 2094 1068 2154 ging,
1115 2091 1224 2151 konnte
1260 2091 1327 2151 man

470 2138 593 2198 Arthur
620 2138 795 2198 Schnitzler
827 2136 1003 2196 begegnen.
1050 2136 1127 2196 Sein
1169 2136 1334 2196 ergrauter

472 2180 637 2240 Spitzbart
663 2180 723 2240 und
754 2180 809 2240 sein
850 2180 1102 2240 breitkrempiger
1133 2177 1198 2237 Hut
1229 2177 1329 2237 hätten

468 2226 561 2286 allein
593 2225 670 2285 schon
702 2224 743 2284 die
774 2222 1054 2282 Aufmerksamkeit
1070 2222 1127 2282 auf
1153 2221 1194 2281 ihn
1231 2222 1329 2282 lenken

470 2270 611 2330 müssen,
657 2267 722 2327 und
758 2265 823 2325 wer
874 2264 960 2324 dann
1016 2264 1117 2324 näher
1148 2264 1339 2324 hinschaute,

468 2312 553 2372 hätte
578 2312 614 2372 an
645 2312 699 2372 den
731 2311 852 2371 gütigen
888 2309 988 2369 Augen
1024 2309 1170 2369 erkennen
1201 2307 1337 2367 müssen,

464 2353 522 2413 daß
560 2356 602 2416 ein
661 2353 851 2413 besonderer
884 2352 1005 2412 Mensch
1064 2350 1095 2410 da
1133 2350 1334 2410 vorbeigehe.

464 2398 549 2458 Aber
585 2398 731 2458 niemand
768 2396 812 2456 sah
848 2398 899 2458 den
935 2395 1076 2455 Dichter,
1102 2394 1253 2454 niemand
1289 2392 1334 2452 er¬

469 2443 581 2503 kannte
609 2443 732 2503 Arthur
760 2440 949 2500 Schnitzler.
965 2441 1024 2501 Ich
1052 2438 1121 2498 ging
1154 2437 1326 2497 mebrmais

468 2485 658 2545 unbemerkt
684 2485 784 2545 hinter
814 2484 859 2544 ihm
906 2484 965 2544 und
1001 2481 1066 2541 sah,
1087 2479 1146 2539 wie
1172 2479 1272 2539 fremd
1298 2479 1327 2539 er

468 2530 566 2590 dieser
593 2528 665 2588 Zeit
697 2527 858 2587 geworden
895 2526 983 2586 war.
1025 2524 1186 2584 Niemand
1223 2524 1337 2584 machte

472 2573 567 2633 seinen
608 2571 770 2631 Begleiter
821 2569 881 2629 auf
907 2568 957 2628 ihn
994 2568 1221 2628 aufmerksam,
1272 2564 1337 2624 nie¬

469 2616 562 2676 mand
591 2616 706 2676 grüßte
730 2616 801 2676 ihn,
823 2613 972 2673 niemand
1001 2613 1150 2673 beachtete
1179 2610 1244 2670 ihn.

521 2676 572 2736 Ich
608 2676 682 2736 weiß
717 2676 814 2736 nicht,
844 2673 872 2733 ob
907 2673 1029 2733 Arthur
1064 2670 1248 2730 Schnitzler,
1277 2673 1323 2733 der

462 2718 516 2778 sich
570 2719 688 2779 immer
713 2718 851 2778 vornehm
901 2717 960 2777 und
995 2716 1157 2776 bescheiden
1212 2715 1329 2775 zurück¬

463 2764 563 2824 hielt,
606 2762 700 2822 dieses
738 2759 986 2819 Unbekanntsein
1023 2757 1207 2817 schmerzlich
1245 2756 1329 2816 emp¬

460 2806 552 2866 fand.
569 2807 623 2867 Ich
657 2804 727 2864 aber
755 2805 902 2865 empfand
930 2804 957 2864 es
985 2804 1033 2864 als
1062 2803 1154 2863 tiefste
1182 2801 1329 2861 Undank¬

463 2852 578 2912 barkeit
610 2849 670 2909 und
706 2849 868 2909 trauerte.

505 2900 780 2960 Undankbarkeit?
813 2897 860 2957 Es
892 2899 960 2959 gibt
993 2897 1072 2957 keine
1099 2897 1315 2957 Dankbarkeit

1358 2926 1433 2986 Nach
1466 2925 1552 2985 ihnen
1590 2924 1638 2984 kam
1682 2927 1795 2987 Stefan
1828 2929 1957 2989 Zweig,
1979 2928 2027 2988 für
2060 2927 2114 2987 den
2147 2927 2200 2987 das
2239 2927 2336 2987 bleibt
2363 2927 2503 2987 traurig,
2530 2929 2584 2989 daß
2617 2927 2665 2987 der
2698 2927 2914 2987 Lebensabend
2947 2927 3027 2987 eines
3065 2923 3092 2983 so

468 2944 532 3004 Und
568 2944 628 3004 wer
659 2944 719 3004 auf
744 2941 960 3001 Dankbarkeit
986 2939 1121 2999 rechnet,
1162 2940 1222 3000 hat
1268 2938 1302 2998 au

2234 2973 2350 3033 großen
2387 2971 2445 3031 und
2478 2971 2599 3031 gütigen
2636 2970 2784 3030 Dichters
2817 2968 2959 3028 zerquält
2986 2966 3091 3026 wurde

458 2987 551 3047 Sand
585 2987 717 3047 gebaut.
740 2986 833 3046 Wenn
867 2986 899 3046 es
927 2983 999 3043 auch
1032 2982 1181 3042 vielleicht
1209 2980 1236 3040 in
1270 2980 1319 3040 der
1347 2971 1462 3031 gleiche
1491 2970 1562 3030 gilt,
1585 2968 1645 3028 und
1673 2971 1777 3031 Franz
1794 2971 1926 3031 Werfel,
1949 2971 1992 3031 der
2021 2971 2070 3031 als
2098 2972 2202 3032 Erster

1352 3012 1408 3072 aus
1440 3011 1532 3071 diesem
1579 3010 1692 3070 Milieu
1723 3013 1826 3073 Front
1873 3014 2006 3074 machte,
2048 3016 2099 3076 sich
2146 3015 2203 3075 zur
2234 3015 2290 3075 von
2322 3014 2363 3074 dem
2404 3012 2811 3072 Danebenstehenmüssen,
2828 3013 2879 3073 von
2905 3013 2956 3073 der
2977 3009 3090 3069 inmer

463 3033 679 3093 Entwicklung
713 3031 772 3091 kein
810 3029 984 3089 Vorwärts
1017 3029 1098 3089 gibt,
1126 3028 1168 3088 ein
1208 3025 1326 3085 Zurüdh

1353 3054 1544 3114 Revolution
1579 3057 1740 3117 bekannte,
1760 3055 1853 3115 aber,
1873 3058 1931 3118 wie
1976 3058 2039 3118 aus
2089 3058 2186 3118 seinem
2236 3057 2382 3117 geringer
2412 3055 2593 3115 werdenden
2623 3055 2804 3115 Resonanz,
2829 3055 2877 3115 von
2912 3054 2961 3114 der
2986 3052 3093 3112 Sorge

461 3078 528 3138 gibt
550 3076 581 3136 es
612 3076 680 3136 noch
706 3076 774 3136 viel
795 3073 951 3133 weniger.

2237 3100 2273 3160 um
2320 3100 2366 3160 die
2393 3100 2569 3160 materielle
2596 3099 2740 3159 Existenz
2767 3097 2829 3157 und
2855 3098 2943 3158 durch
2970 3094 3094 3154 persön¬

1352 3097 1454 3157 letzten
1491 3100 1593 3160 Werk:
1625 3100 1707 3160 „Die
1738 3100 1933 3160 Geschwister
1970 3100 2026 3160 von
2063 3100 2201 3160 Neapel“

505 3125 600 3185 Wäre
627 3124 753 3184 Arthur
775 3124 950 3184 Schnitzler
977 3124 1018 3184 ein
1051 3121 1177 3181 Dichter
1204 3121 1309 3181 Frank

1359 3144 1555 3204 hervorgeht,
1578 3144 1815 3204 heimgefunden
1850 3144 1918 3204 hat.
1942 3144 1999 3204 (In
2040 3144 2207 3204 Gegensatz
2231 3141 2352 3201 lichstes
2381 3141 2450 3201 Leid
2485 3144 2519 3204 um
2566 3141 2738 3201 Tragödien
2774 3143 2796 3203 im
2843 3142 2958 3202 engsten
2993 3140 3085 3200 Kreis

464 3171 579 3231 reichs,
600 3171 630 3231 an
666 3168 761 3228 seiner
792 3165 1009 3225 Totenbahre,
1030 3168 1059 3228 an
1096 3165 1191 3225 seinem
1232 3165 1312 3225 Sarg

1352 3186 1427 3246 etwa
1466 3188 1492 3248 zu
1530 3186 1632 3246 Jakob
1665 3186 1903 3246 Wassermann,
1931 3187 1979 3247 der
2012 3189 2120 3249 ehrlich
2158 3185 2293 3245 be¬der
2315 3183 2471 3243 Familie.

461 3213 572 3273 würde
600 3214 641 3274 sich
674 3213 801 3273 spontan
834 3212 881 3272 die
908 3210 982 3270 beste
1009 3210 1136 3270 Jugend
1168 3207 1216 3267 des
1248 3207 1322 3267 Lan¬

2281 3228 2376 3288 Welch
2413 3228 2593 3288 ungeheure
2619 3228 2823 3288 Resignation
2866 3228 2945 3288 liegt
2969 3228 2993 3288 in
3036 3225 3083 3285 des

1354 3229 1446 3289 müht
1468 3233 1517 3293 ist,
1539 3231 1587 3291 den
1620 3231 1712 3291 Geist
1735 3232 1783 3292 der
1827 3232 1925 3292 neuen
1958 3234 2033 3294 Zeit
2078 3235 2104 3295 zu
2159 3230 2191 3290 er

461 3258 512 3318 des
543 3255 743 3315 versammelt
770 3255 888 3315 haben,
909 3254 945 3314 sie
971 3252 1078 3312 würde
1105 3253 1135 3313 es
1161 3249 1207 3309 sich
1244 3249 1305 3309 nich

2236 3273 2311 3333 toten
2345 3271 2496 3331 Meisters
2530 3270 2677 3330 Wunsch,
2704 3270 2742 3330 ein
2781 3267 2966 3327 Begräbnis
2994 3267 3091 3327 letzter

1355 3274 1494 3334 kämpfen
1530 3273 1587 3333 und
1619 3273 1644 3333 in
1681 3275 1731 3335 sich
1758 3274 2011 3334 aufzunehmen,
2038 3276 2089 3336 der
2115 3273 2192 3333 aller

457 3301 587 3361 nehmen
623 3300 737 3360 lassen,
785 3297 836 3357 den
873 3298 1003 3358 Dichter
1035 3296 1086 3356 der
1118 3294 1227 3354 Liebe,
1269 3294 1320 3354 der

1349 3315 1438 3375 dings
1465 3318 1538 3378 aber
1560 3318 1628 3378 auch
1676 3318 1735 3378 aus
1783 3319 1856 3379 ganz
1904 3318 2036 3378 anderem
2085 3317 2195 3377 Milieu
2233 3314 2338 3374 Klasse
2365 3313 2396 3373 zu
2434 3314 2587 3374 erhalten.
2630 3313 2714 3373 Sein
2746 3312 2873 3372 Freund
2911 3314 2994 3374 Hugo
3027 3310 3084 3370 von

456 3344 633 3404 Sehnsucht
655 3341 718 3401 und
746 3340 794 3400 des
827 3339 934 3399 Leides
961 3339 1014 3399 zur
1042 3338 1138 3398 letzten
1170 3336 1267 3396 Ruhe
1294 3336 1320 3396 zu

2232 3356 2488 3416 Hofmannsthal
2525 3354 2630 3414 wurde
2667 3355 2691 3415 in
2732 3353 2782 3413 der
2818 3353 2949 3413 härenen
2995 3350 3090 3410 Kutte

1354 3359 1510 3419 stammt.)

455 3386 582 3446 trugen,
603 3385 676 3445 auch
711 3383 794 3443 wenn
829 3383 863 3443 er
893 3383 976 3443 nicht
1001 3383 1085 3443 mehr
1115 3380 1227 3440 Herold
1257 3379 1315 3439 und

2231 3399 2284 3459 der
2312 3398 2495 3458 Kapuziner
2523 3396 2690 3456 beigesetzt.
2712 3396 2760 3456 In
2793 3395 2884 3455 dieser
2918 3395 3003 3455 Geste
3037 3396 3079 3456 lag

1392 3401 1461 3461 Wie
1496 3404 1670 3464 begreiflich
1706 3402 1769 3462 also
1822 3404 1863 3464 ist
1892 3404 1943 3464 es,
1985 3404 2042 3464 daß
2084 3402 2199 3462 Arthur

461 3431 616 3491 Sprecher
648 3428 727 3488 ihrer
755 3428 893 3488 Gefühle
921 3425 1021 3485 ware.

2233 3440 2282 3500 das
2305 3440 2422 3500 Pathos
2445 3441 2540 3501 seiner
2563 3440 2736 3500 Dichtung.
2748 3440 2792 3500 Jn
2815 3440 2932 3500 Arthur
2955 3440 3089 3500 Schnitz=

1353 3446 1541 3506 Schnitzler,
1559 3446 1608 3506 der
1636 3446 1758 3506 Dichter
1787 3444 1836 3504 des
1870 3446 1993 3506 Leides,
2015 3446 2065 3506 des
2099 3443 2198 3503 Leides

498 3481 590 3541 Wäre
618 3482 748 3542 Arthir
781 3479 971 3539 Schnitzlers
1026 3476 1123 3536 letztes
1178 3475 1318 3535 Lebens¬

2233 3485 2292 3545 lers
2319 3482 2443 3542 Wunsch
2471 3484 2649 3544 verkörpert
2666 3483 2714 3543 sich
2742 3482 2817 3542 seine
2839 3482 3088 3542 Bescheidenheit

1349 3490 1399 3550 der
1430 3491 1643 3551 Einsamkeit,
1689 3491 1780 3551 selbst
1811 3489 1928 3549 immer
1964 3489 2050 3549 mehr
2086 3489 2202 3549 verein¬

455 3525 565 3585 drittel
611 3523 697 3583 nicht
763 3523 778 3583 a
819 3523 874 3583 das
910 3520 1203 3580 Katastrophentief
1259 3518 1314 3578 von

2236 3527 2294 3587 und
2320 3529 2398 3589 seine
2428 3526 2531 3586 Güte,
2551 3526 2624 3586 denn
2654 3526 2707 3586 er,
2727 3526 2776 3586 der
2806 3525 3090 3585 Armgewordene,

1351 3535 1447 3595 samte
1481 3535 1538 3595 und
1572 3532 1682 3592 immer
1716 3532 1797 3592 mehr
1832 3532 1975 3592 verlassen
2009 3532 2134 3592 wurde.
2158 3529 2201 3589 Ei

453 3568 550 3628 Krieg
588 3568 644 3628 und
670 3567 856 3627 Nachtrieg,
872 3565 928 3625 von
961 3565 1105 3625 Umsturz
1131 3562 1187 3622 und
1220 3562 1322 3622 Revo¬

2230 3571 2385 3631 verfügte,
2432 3568 2489 3628 daß
2526 3568 2577 3628 die
2609 3568 2738 3628 dadurch
2775 3570 2930 3630 ersparten
2973 3566 3086 3626 Mehr¬

1350 3577 1452 3637 wuchs
1479 3577 1535 3637 aus
1561 3577 1612 3637 der
1639 3577 1840 3637 Konsequenz
1861 3575 1959 3635 seiner
1986 3575 2058 3635 Zeit
2084 3577 2109 3637 in
2136 3573 2197 3633 eine

448 3611 548 3671 lution
585 3612 615 3672 in
651 3610 727 3670 allem
773 3610 930 3670 gefallen,
957 3609 987 3669 er
1018 3607 1104 3667 wäre
1135 3607 1221 3667 wohl
1252 3604 1317 3664 noch

1360 3622 1424 3682 Zeit
1452 3622 1581 3682 hinein,
1608 3619 1652 3679 die
1685 3622 1797 3682 rascher
1830 3619 2003 3679 gekommen
2041 3618 2127 3678 war,
2149 3617 2197 3677 als
2231 3615 2322 3675 kosten
2365 3613 2451 3673 eines
2489 3613 2814 3673 Prunkbegräbnisses
2852 3610 2900 3670 für
2938 3609 3089 3669 Spitals¬

454 3653 511 3713 der
535 3655 664 3715 Dichter
689 3654 755 3714 auch
789 3652 841 3712 der
871 3652 966 3712 neuen
1000 3649 1215 3709 Generation.
1240 3649 1316 3709 Aber

2236 3658 2333 3718 zwecke
2364 3655 2549 3715 verwendet
2580 3655 2723 3715 werden,
2750 3655 2801 3715 den
2837 3655 2975 3715 Armsten
3017 3652 3078 3712 also

1347 3666 1394 3726 der
1427 3664 1575 3724 Stunden
1609 3664 1704 3724 Folge
1731 3662 1912 3722 entspricht,
1939 3663 1998 3723 und
2030 3663 2105 3723 diese
2132 3658 2206 3718 Zeit

453 3700 500 3760 die
528 3700 601 3760 Zeit
623 3697 718 3757 schlug
751 3697 792 3757 ein
825 3697 941 3757 neues,
979 3694 1026 3754 ein
1058 3694 1313 3754 überstürzendes

2225 3703 2334 3763 zugute
2366 3699 2449 3759 komm
2492 3700 2506 3760 n
2538 3698 2653 3758 sollen.

1347 3709 1503 3769 entwuchs
1534 3708 1615 3768 ihm,
1636 3706 1737 3766 fremd
1768 3706 1824 3766 und
1855 3704 2053 3764 unberührt,
2074 3704 2099 3764 so
2125 3705 2190 3765 sehr

450 3743 574 3803 Tempo
606 3741 646 3801 ein
705 3741 766 3801 und
798 3740 844 3800 die
876 3738 1089 3798 Entfesselung
1141 3736 1213 3796 fand
1250 3735 1317 3795 noch

2279 3741 2317 3801 Es
2351 3744 2389 3804 ist
2417 3743 2561 3803 traurig,
2584 3741 2639 3801 daß
2673 3741 2800 3801 Anatol
2829 3738 2883 3798 und
2923 3738 2978 3798 das
3012 3738 3083 3798 süße

1348 3751 1406 3811 daß
1433 3752 1469 3812 sie
1491 3751 1569 3811 seine
1591 3750 1781 3810 Tapferkent,
1798 3747 1892 3807 seinen
1924 3747 2093 3807 aufrechten
2125 3747 2198 3807 Mut

453 3784 535 3844 nicht
561 3786 592 3846 in
624 3786 701 3846 neue
732 3783 892 3843 Dämme;
939 3782 1079 3842 unruhig
1121 3780 1178 3840 und
1209 3780 1312 3840 ziellos

2226 3783 2342 3843 Mädel
2363 3786 2447 3846 ihren
2484 3785 2606 3845 Dichter
2638 3783 2716 3843 nicht
2743 3783 2764 3843 zu
2802 3783 2901 3843 Grabe
2928 3782 3070 3842 gervagen

1350 3794 1547 3854 mitvergaß.

464 3828 591 3888 stromen
623 3828 670 3888 die
697 3826 818 3886 Wässer
846 3825 962 3885 dahin,
978 3825 1031 3885 das
1063 3825 1195 3885 Morgen
1233 3825 1269 3885 ist
1291 3823 1317 3883 so

2230 3831 2336 3891 haben.
2363 3828 2448 3888 Aber
2481 3831 2517 3891 sie
2550 3826 2608 3886 sind
2641 3828 2699 3888 vor
2731 3828 2779 3888 ihm
2822 3826 2992 3886 gestorben.

1389 3846 1545 3906 Niemand
1571 3844 1641 3904 kann
1672 3843 1783 3903 daraus
1815 3843 1855 3903 ein
1886 3843 2042 3903 Vorwurf
2063 3841 2199 3901 gemacht

453 3873 593 3933 unsicher
625 3873 682 3933 wie
703 3870 760 3930 das
787 3870 906 3930 Heute.

2602 3879 2716 3939 Hanns
2751 3883 3036 3943 Margulies.

1348 3891 1491 3951 werden.
1519 3888 1677 3948 Niemand
1715 3890 1750 3950 ist
1782 3888 1874 3948 schuld
1911 3885 2029 3945 daran,
2056 3885 2127 3945 aber
2164 3885 2194 3945 es

499 3922 544 3982 Es
573 3920 606 3980 ist
629 3919 736 3979 müßig
766 3918 793 3978 zu
822 3920 975 3980 betonen,
998 3920 1048 3980 daß
1083 3917 1134 3977 das
1163 3917 1315 3977 politische

455 3966 518 4026 und
545 3965 793 4025 wirtschaftliche
825 3962 930 4022 Chaos
962 3963 1030 4023 auch
1063 3962 1120 4022 das
1152 3959 1315 4019 kulturelle

456 4010 516 4070 und
572 4008 787 4068 künstlerische
821 4007 925 4067 Chaos
987 4004 1207 4064 mitgeschaffen
1252 4004 1318 4064 hat.

453 4053 515 4113 Die
546 4053 764 4113 Kontinuität
791 4052 843 4112 der
879 4051 999 4111 Kultur
1030 4049 1066 4109 ist
1093 4049 1175 4109 keine
1208 4049 1321 4109 gerade

455 4096 557 4156 Linie,
605 4097 733 4157 sondern
770 4094 810 4154 oin
847 4094 908 4154 Auf
940 4094 996 4154 und
1033 4091 1145 4151 Nieder
1177 4091 1316 4151 periodi¬

459 4139 532 4199 scher
559 4140 840 4200 Schwankungen,
862 4138 931 4198 Wir
958 4138 1053 4198 wissen
1085 4136 1175 4196 heute
1202 4136 1318 4196 besten¬
