3392 4320
144 273 267 333 12.

347 275 911 335 Schuitzler's
980 273 1208 333 Deatl

366 698 1077 758 OBSERVER

453 765 479 825 I.
492 760 612 820 österr.
621 757 771 817 behördl.
785 750 1082 810 konzessioniertes

403 803 639 863 Unternehmen
671 798 715 858 für
742 792 1135 852 Zeitungs-Ausschnitte

463 862 608 922 WIEN,
636 864 681 924 I.,
709 855 994 915 WOLLZEILE
1041 851 1080 911 11

562 909 774 969 TELEPHON
806 906 982 966 R-23-0-43

370 1057 594 1117 Ausschnitt
621 1052 706 1112 aus:

357 1129 641 1189 Kölnische
691 1122 942 1182 Zeitun,
993 1121 1176 1181 Abend¬

689 1181 991 1241 ausgabe,.

373 1282 485 1342 vemn:

670 1297 1015 1357 23.10.1931.

361 1399 447 1459 Zum
511 1395 629 1455 Tode
661 1391 835 1451 Arthur
868 1387 1143 1447 Schnitzlers

796 1452 920 1512 Wien,
944 1449 989 1509 23.
1007 1448 1149 1508 Ortodor.
1184 1444 1326 1504 (Telege.)

190 1505 304 1565 Arthur
332 1503 552 1563 Schnitzler
580 1502 650 1562 wird
678 1500 756 1560 heute
784 1498 836 1558 auf
855 1497 906 1557 dem
943 1493 1138 1553 israalitischen
1165 1491 1306 1551 Friedhof
1333 1488 1350 1548 in

155 1546 231 1606 einem
270 1545 518 1605 Ehrengrab
542 1542 700 1602 beigeseht.
724 1539 796 1599 Sein
825 1536 906 1596 Sohn
935 1536 1064 1596 Heinrich
1093 1531 1140 1591 hat
1160 1530 1207 1590 den
1236 1530 1355 1590 hiesigen

162 1584 309 1644 Zeitungen
349 1581 486 1641 folgende
516 1578 780 1638 letztwillige
815 1575 1065 1635 Verfügung
1110 1569 1281 1629 mitgeteilt,
1316 1566 1359 1626 die

153 1621 193 1681 sich
221 1620 247 1680 im
289 1619 410 1679 Nachlaß
443 1619 533 1679 seines
560 1617 668 1677 Vators
696 1613 890 1673 vorgefunden
922 1610 985 1670 hat,
1004 1610 1058 1670 und
1085 1609 1107 1669 im
1149 1607 1261 1667 Namen
1289 1604 1361 1664 aller

152 1658 403 1718 Hinterbliebenen
438 1657 482 1717 die
507 1657 630 1717 gesamte
656 1654 872 1714 Offentlichkeit
892 1652 1030 1712 gebeten,
1050 1648 1124 1708 diese
1149 1646 1287 1706 Wünsche
1312 1642 1361 1702 des

157 1699 339 1759 Verewigten
374 1699 401 1759 zu
429 1697 551 1757 achten:

899 1725 1032 1785 Wien,
1055 1726 1105 1786 29.
1128 1724 1223 1784 April
1246 1721 1335 1781 1912.

269 1784 527 1844 Bestimmungen,
548 1781 589 1841 die
615 1779 651 1839 ich
678 1780 739 1840 nach
771 1778 879 1838 meinem
921 1775 1045 1835 Ableben
1076 1772 1101 1832 zu
1133 1770 1251 1830 erfüllen
1283 1768 1365 1828 bitte:

230 1822 451 1882 Herzstich,
477 1816 815 1876 keinesKränze!
856 1813 992 1873 Keina
1018 1810 1184 1870 Parte!
1230 1807 1305 1867 Auch
1336 1807 1361 1867 in

226 1861 270 1921 der
306 1860 434 1920 Zeitung
469 1858 562 1918 nicht!
613 1855 865 1915 Begräbnis
900 1849 1044 1909 letzter
1079 1846 1252 1906 Klasse!
1302 1845 1365 1905 Das

228 1898 309 1958 durch
343 1898 512 1958 Befolgung
541 1895 627 1955 dieser
657 1892 892 1952 Bestimmungen
926 1889 1075 1949 erübrigte
1100 1885 1171 1945 Geld
1201 1882 1234 1942 ist
1259 1882 1378 1942 Spital¬

236 1938 347 1998 zwecken
385 1936 599 1996 zuzuwenden.
637 1932 767 1992 Keine
806 1928 973 1988 Reden!
1011 1924 1211 1984 Vermeidung
1249 1922 1360 1982 allen

231 1975 360 2035 rituellen
398 1975 551 2035 Beiwerks
584 1970 803 2030 (insbesondere
831 1966 1077 2026 Leichenmächter
1106 1963 1208 2023 usw.).
1236 1960 1366 2020 Keine

232 2015 393 2075 Trauer
419 2014 520 2074 tragen
551 2013 617 2073 nach
648 2011 759 2071 meinem
801 2008 896 2068 Tode,
917 2005 1038 2065 absolut
1064 2002 1155 2062 keine.

197 2069 308 2129 Arthur
335 2068 494 2128 Schnitzler
526 2068 579 2128 hat
606 2066 632 2126 in
664 2064 754 2124 seinem
797 2061 972 2121 Testament
999 2059 1089 2119 seinen
1127 2057 1206 2117 Sohn
1244 2055 1376 2115 Heinrich

159 2114 204 2174 zum
250 2109 404 2169 alleinigen
436 2105 794 2165 Testamentsvollstrecker
826 2102 875 2162 und
908 2100 1075 2160 Verwalter
1098 2096 1189 2156 seines
1216 2094 1374 2154 litera¬

158 2149 306 2209 rischen
340 2145 589 2205 Nachlasses
628 2142 790 2202 bestimmt.
834 2139 891 2199 Als
920 2139 1049 2199 Berater
1083 2134 1154 2194 wird
1188 2133 1231 2193 ihm
1280 2133 1380 2193 dabei,

158 2187 239 2247 einem
292 2187 387 2247 letzten
426 2183 544 2243 Wunsch
588 2181 635 2241 des
669 2181 745 2241 toten
784 2178 912 2238 Dichters
956 2175 1084 2235 zufolge,
1123 2172 1247 2232 Richard
1281 2171 1376 2231 Beer¬

158 2225 320 2285 Hoifmann
350 2223 397 2283 zur
422 2222 508 2282 Seite
528 2220 637 2280 stehen.
662 2220 724 2280 Bei
744 2219 820 2279 einer
844 2215 1075 2275 oberflächlichen
1104 2211 1243 2271 Sichlung
1272 2211 1372 2271 fanden

161 2264 202 2324 sich
231 2264 425 2324 verschiedene
449 2259 779 2319 Novellenfragmente,
798 2255 937 2315 darunter
966 2255 1026 2315 eine
1049 2249 1226 2309 halbfertige
1250 2249 1370 2309 Novolle

159 2300 213 2360 mit
254 2300 304 2360 dem
364 2300 445 2360 Titel
486 2297 545 2357 Der
582 2297 773 2357 Sekundant,
810 2293 896 2353 Teile
937 2291 1019 2351 eines
1065 2290 1173 2350 großen
1225 2288 1383 2348 Romans,

160 2339 360 2399 Aphoriomen
393 2338 482 2398 sowie
515 2335 552 2395 ein
585 2336 762 2396 Schauspiel
787 2332 842 2392 mit
871 2332 917 2392 dem
964 2330 1043 2390 Titel
1067 2326 1127 2386 Zug
1165 2324 1212 2384 der
1241 2326 1375 2386 Schatten

166 2382 221 2442 (das
245 2378 422 2438 Schauspiel
441 2375 473 2435 ist
493 2374 595 2434 bereits
619 2374 703 2434 fertig
727 2374 783 2434 und
807 2372 876 2432 schon
905 2369 1035 2429 mehrere
1059 2367 1143 2427 Male
1167 2365 1381 2425 umgearbeltet

163 2419 310 2479 worden).
344 2418 401 2478 Der
426 2415 555 2475 Nachlaß
584 2412 698 2472 enthält
723 2411 823 2471 ferner
847 2408 1047 2468 Tagebsicher,
1072 2405 1153 2465 deren
1182 2405 1292 2465 Inhali
1316 2403 1378 2463 eine

164 2456 420 2516 Aufablographie
459 2452 509 2512 des
554 2450 686 2510 Dichters
726 2448 873 2508 darstellt.
923 2443 1095 2503 Allerdinjo
1135 2443 1277 2503 verbietet
1322 2440 1376 2500 das

168 2494 333 2554 Testament
359 2494 429 2554 seine
455 2491 650 2551 Verwertung
681 2491 731 2551 vor
762 2490 878 2550 Ablauf
903 2488 948 2548 der
979 2485 1099 2545 nächsten
1135 2482 1185 2542 30,
1206 2482 1225 2542 in
1261 2482 1371 2542 einigen

164 2534 264 2594 Föllen
297 2531 381 2591 sogar
414 2530 440 2590 40
472 2528 583 2588 Jahre.

203 2571 260 2631 Der
290 2570 434 2630 Vorstand
464 2568 509 2628 des
539 2566 804 2626 Schutzverdandes
834 2564 972 2624 doutschor
996 2559 1204 2619 Schriftsteller
1234 2559 1256 2619 in
1286 2558 1366 2618 Ofter

168 2609 234 2669 reich
261 2610 404 2670 beschloß,
420 2609 445 2669 zu
482 2608 569 2668 Ehren
600 2606 646 2666 den
673 2604 806 2664 Dichters
832 2602 893 2662 eine
915 2600 1084 2660 Totanfeler
1110 2596 1136 2656 zu
1167 2598 1362 2658 veranstalten

182 2646 277 2706 Fernar
306 2646 406 2706 wurdt
435 2645 458 2705 in
497 2644 583 2704 seinom
627 2642 726 2702 Sinne
751 2640 936 2700 beschlosson,
956 2637 1004 2697 dem
1047 2634 1376 2694 Unterstützungssondt

172 2690 211 2750 das
242 2685 512 2745 Schaitzverbandes
538 2682 678 2742 deutscher
704 2679 909 2739 Schriftsteller
935 2676 959 2736 in
985 2673 1140 2733 Ofterreich
1171 2673 1231 2733 eine
1256 2674 1376 2734 größere

164 2724 292 2784 Summa
322 2721 533 2781 zuzuwenden.
563 2718 627 2778 Vom
667 2720 740 2780 Dach
776 2718 819 2778 des
849 2715 1065 2775 Burgtheaters
1096 2715 1184 2775 herab
1214 2713 1292 2773 weht
1317 2710 1381 2770 eine

166 2763 300 2823 schwarze
328 2763 452 2823 Fahne,
474 2759 533 2819 eine
560 2759 700 2819 Ehrung,
723 2759 765 2819 die
793 2757 868 2817 sonst
896 2756 949 2816 nur
982 2755 1171 2815 Mitglledern
1204 2751 1252 2811 des
1279 2751 1360 2811 Burg

167 2805 293 2865 theaters
323 2805 415 2865 zuleil
440 2802 531 2862 wird.

1438 252 1563 312 box
1642 256 1878 316 43/26

2169 76 2253 136 ne
2271 81 2396 141 none
2423 81 2472 141 dir
2499 85 2633 145 Taunge
2667 91 2861 151 funaelane

2204 139 2345 199 WIEN,
2373 148 2419 208 I.,
2447 148 2730 208 WOLLZEILE
2778 154 2818 214 11

2293 194 2511 254 TELEPHON
2549 201 2724 261 R-23-0-43

2088 330 2314 390 Ausschnitt
2342 334 2433 394 aus:

2250 440 2375 500 UES
2410 455 2570 515 VIEEEE
2603 472 2789 532 TAEIT

2090 551 2204 611 vom:

2476 835 2562 895 23.
2577 821 2714 881 0KT.
2740 803 2840 863 1931

2151 1091 2785 1151 Tagcsbericht

2181 1191 2370 1251 Artur
2408 1191 2762 1251 Schnitzler.

1912 1273 2140 1333 Letztwillige
2168 1272 2430 1332 Verfügungen
2466 1269 2549 1329 über
2577 1268 2638 1328 das
2667 1264 3040 1324 Leichenbegängnis.

1978 1337 2035 1397 Die
2077 1335 2204 1395 irdische
2251 1333 2350 1393 Hülle
2397 1331 2466 1391 Dr.
2502 1330 2612 1390 Artur
2653 1327 2926 1387 Schnitzlers
2973 1322 3054 1382 wird

1886 1384 2033 1444 heute,
2060 1382 2266 1442 Freitag,
2293 1380 2329 1440 um
2378 1378 2451 1438 ½12
2483 1375 2551 1435 Uhr
2583 1375 2778 1435 vormittags
2816 1374 2869 1434 vom
2917 1369 3064 1429 Trauer¬

1885 1431 1977 1491 hause
2024 1427 2054 1487 in
2102 1427 2158 1487 der
2205 1425 2526 1485 Sternwartestraße
2573 1422 2630 1482 auf
2672 1421 2728 1481 den
2781 1417 3065 1477 Zentralfriedhof

1894 1479 1936 1539 (1.
1953 1477 2038 1537 Tor)
2061 1473 2201 1533 gebracht
2229 1471 2287 1531 und
2315 1471 2374 1531 auf
2397 1470 2444 1530 dem
2483 1466 2698 1526 israelitischen
2731 1463 2882 1523 Friedhof
2904 1462 3071 1522 beigesetzt.

1980 1525 2049 1585 Vom
2104 1524 2223 1584 Sohne
2256 1521 2369 1581 Artur
2402 1520 2596 1580 Schnitzlers
2635 1518 2775 1578 erhalten
2819 1514 2877 1574 wir
2917 1512 3062 1572 folgende

1889 1575 2021 1635 Zeilen:
2055 1572 2276 1632 „Verehrliche
2310 1569 2508 1629 Redaktion!
2536 1565 2591 1625 Ich
2630 1564 2752 1624 ersuche
2785 1561 2823 1621 um
2868 1559 3061 1619 freundliche

1891 1619 2187 1679 Veröffentlichung
2224 1617 2276 1677 der
2314 1614 2530 1674 beifolgenden
2568 1610 2774 1670 letztwilligen
2816 1607 3075 1667 Verfügungen,

1890 1667 1931 1727 die
1962 1667 2008 1727 sich
2040 1667 2065 1727 im
2112 1664 2272 1724 Nachlasse
2304 1664 2422 1724 meines
2454 1659 2572 1719 Vaters
2604 1658 2820 1718 vorgefunden
2857 1655 2976 1715 haben,
2997 1652 3058 1712 und

1890 1715 1971 1775 bitte
2004 1713 2030 1773 im
2079 1712 2197 1772 Namen
2241 1712 2316 1772 aller
2349 1709 2629 1769 Hinterbliebenen
2673 1706 2722 1766 die
2755 1706 2889 1766 gesamte
2917 1702 3067 1762 Oeffent¬

1896 1761 2026 1821 lichkeit,
2049 1763 2128 1823 diese
2157 1759 2309 1819 Wünsche
2338 1758 2388 1818 des
2423 1757 2621 1817 Verewigten
2655 1753 2683 1813 zu
2717 1752 2841 1812 achten.

2648 1799 2790 1859 Heinrich
2823 1799 3030 1859 Schnitzler."

1968 1855 2082 1915 Wien,
2105 1855 2157 1915 29.
2180 1852 2283 1912 April
2307 1852 2398 1912 1912.

1995 1901 2279 1961 Bestimmungen,
2313 1902 2358 1962 die
2392 1900 2438 1960 ich
2472 1900 2544 1960 nach
2585 1897 2703 1957 meinem
2757 1894 2895 1954 Ableben
2942 1894 2974 1954 zu
3015 1891 3067 1951 er¬

1900 1954 1990 2014 füllen
2029 1951 2130 2011 bitte:

1990 1999 2224 2059 Herzstich.

1997 2043 2133 2103 Keine
2159 2043 2358 2103 Kränze!

1995 2091 2130 2151 Keine
2159 2090 2328 2150 Partel
2351 2088 2435 2148 Auch
2470 2085 2498 2145 in
2532 2082 2582 2142 der
2617 2082 2752 2142 Zeitung
2792 2077 2893 2137 nicht!

2001 2137 2262 2197 Begräbnis
2288 2133 2442 2193 letzter
2468 2130 2646 2190 Klassel
2666 2129 2737 2189 Das
2769 2127 2858 2187 durch
2884 2121 3069 2181 Befolgung

1899 2190 2000 2250 dieser
2041 2187 2311 2247 Bestimmungen
2366 2183 2535 2243 erübrigte
2583 2178 2664 2238 Geld
2719 2177 2758 2237 ist
2800 2173 3070 2233 Spitalszwecken

1900 2234 2142 2294 zuzuwenden.

1995 2285 2137 2345 Keine
2160 2282 2334 2342 Reden!

2002 2333 2213 2393 Vermeidung
2250 2330 2372 2390 allen
2414 2327 2556 2387 rituellen
2598 2321 2791 2381 Beiwerkes.
2815 2316 3080 2376 (Insbesondere

1910 2380 2177 2440 Leichenwächter
2204 2378 2297 2438 usw.)

2005 2428 2139 2488 Keine
2179 2427 2350 2487 Trauer
2389 2423 2493 2483 tragen
2539 2419 2614 2479 nach
2645 2414 2772 2474 meinem
2818 2411 2922 2471 Tode,
2953 2405 3080 2465 absolut

2723 2459 2830 2519 Artur
2859 2453 3045 2513 Schnitzler.

1917 2479 2013 2539 keine.

2011 2525 2080 2585 (Die
2104 2524 2166 2584 hier
2191 2522 2335 2582 gesperrt
2359 2518 2526 2578 gebruckten
2557 2512 2672 2572 Worte
2695 2512 2753 2572 sind
2783 2510 2805 2570 in
2835 2508 2886 2568 der
2910 2503 3083 2563 Original¬

1918 2572 2109 2632 handschrift
2137 2569 2398 2629 unterstrichen.)

1937 2647 2210 2707 Trauersitzung
2247 2646 2301 2706 des
2338 2637 2667 2697 Schutzverbandes
2704 2633 2877 2693 deutscher
2905 2627 3068 2687 Schrift¬

2486 2685 2619 2745 steller.

2019 2757 2083 2817 Der
2108 2755 2261 2815 Vorstand
2295 2751 2342 2811 des
2368 2747 2660 2807 Schutzverbandes
2685 2738 2839 2798 deutscher
2864 2734 3090 2794 Schriftsteller

1920 2802 1941 2862 in
1969 2802 2152 2862 Oesterreich
2186 2799 2250 2859 trat
2272 2796 2385 2856 gestern
2418 2793 2510 2853 unter
2532 2789 2656 2849 Vorsitz
2673 2786 2721 2846 des
2749 2782 2959 2842 Präsidenten
2987 2776 3089 2836 Oskar

1921 2846 2062 2906 Maurus
2098 2841 2308 2901 Fontana
2360 2839 2393 2899 zu
2434 2838 2519 2898 einer
2548 2832 2793 2892 Trauersitzung
2851 2825 3010 2885 anläßlich
3045 2821 3095 2881 des

1925 2890 2079 2950 Ablebens
2131 2886 2245 2946 Artur
2297 2882 2565 2942 Schnitzlers
2618 2873 2819 2933 zusammen.
2881 2867 3092 2927 Fontana

1918 2935 2075 2995 würdigte
2113 2931 2162 2991 die
2200 2927 2585 2987 Gesamtpersönlichkeit,
2613 2918 2743 2978 Echard
2782 2913 3009 2973 Buschbeck
3037 2908 3090 2968 den

1924 2975 2098 3035 führenden
2136 2972 2347 3032 Dramatiker
2380 2965 2586 3025 Oesterreichs
2624 2961 2682 3021 und
2719 2960 2867 3020 Sonka
2905 2954 2958 3014 den
2995 2952 3106 3012 väter¬

1923 3018 2005 3078 lichen
2036 3016 2175 3076 Verater
2202 3013 2258 3073 und
2284 3010 2413 3070 Freund
2439 3007 2485 3067 des
2512 3002 2821 3062 Schutzverbandes,
2843 2999 2894 3059 dem
2931 2998 3100 3058 Schnitzler

1921 3058 1972 3118 seit
2003 3058 2106 3118 seiner
2139 3054 2330 3114 Gründung
2367 3050 2563 3110 angehörte.
2590 3046 2657 3106 Der
2688 3046 2854 3106 Vorstand
2891 3042 3046 3102 beschloß,
3067 3040 3098 3100 zu

1920 3101 2019 3161 Ehren
2059 3097 2112 3157 des
2152 3097 2295 3157 Dichters
2331 3096 2399 3156 eine
2444 3092 2587 3152 große
2637 3088 2913 3148 Totenfeier
2968 3088 3002 3148 zu
3037 3081 3110 3141 ver¬

1916 3145 2089 3205 anstalten.
2134 3140 2256 3200 Weiter
2287 3139 2400 3199 wurde
2445 3136 2474 3196 im
2524 3136 2632 3196 Sinne
2662 3130 2776 3190 Artur
2806 3129 2998 3189 Schnitzlers
3053 3125 3107 3185 be¬

1924 3189 2080 3249 schlossen,
2121 3187 2173 3247 dem
2225 3181 2596 3241 Unterstützungssonds
2632 3178 2677 3238 des
2713 3176 3007 3236 Schutzverbandes
3037 3172 3106 3232 eine

1924 3236 2064 3296 größere
2095 3232 2240 3292 Summe
2270 3228 2505 3288 zuzuwenden.

2169 3309 2383 3369 Schnitzlers
2420 3306 2577 3366 Geltung
2608 3304 2635 3364 im
2686 3300 2879 3360 Ausland.

2030 3369 2118 3429 Nicht
2152 3368 2212 3428 nur
2246 3368 2273 3428 in
2307 3365 2550 3425 Deutschland,,
2574 3361 2628 3421 das
2662 3360 2711 3420 die
2740 3357 2872 3417 Wiener
2906 3354 3022 3414 Schule
3050 3351 3111 3411 mit

1935 3417 2035 3477 Artur
2067 3419 2310 3479 Schnitzler
2348 3413 2496 3473 geradezu
2533 3408 2781 3468 identifizierte,
2809 3404 2877 3464 auch
2914 3404 2940 3464 im
2989 3400 3104 3460 frend¬

1932 3466 2107 3526 sprachigen
2148 3464 2298 3524 Ausland
2329 3461 2419 3521 hatte
2449 3457 2504 3517 sein
2540 3457 2645 3517 Name
2675 3455 2951 3515 hervorragenden
2987 3450 3112 3510 Klang,

1930 3515 2055 3575 wurden
2096 3512 2151 3572 vor
2187 3512 2267 3572 allem
2313 3508 2328 3568 —
2384 3507 2449 3567 was
2485 3506 2561 3566 weit
2592 3503 2753 3563 wichtiger
2789 3500 2839 3560 für
2874 3500 2924 3560 die
2955 3496 3101 3556 Geltung

1935 3564 2014 3624 eines
2046 3563 2295 3623 Schriftstellers
2333 3559 2369 3619 ist
2396 3555 2412 3615 —
2465 3555 2549 3615 seine
2582 3552 2693 3612 Werke
2725 3551 2889 3611 übersetzt,
2916 3545 3106 3605 aufgeführt

1935 3611 2009 3671 oder
2030 3611 2120 3671 eifrig
2146 3610 2281 3670 gelesen.
2307 3606 2362 3666 Als
2388 3602 2553 3662 besondere
2579 3598 2760 3658 Merkmale
2786 3596 2881 3656 seiner
2906 3591 3117 3651 Beliebtheit,

1932 3661 1980 3721 als
2019 3659 2198 3719 sprechende
2237 3655 2383 3715 Beweise
2416 3652 2471 3712 für
2504 3648 2590 3708 seine
2624 3645 2847 3705 Verbreitung
2885 3644 2967 3704 seien
3005 3639 3108 3699 einige

1940 3710 2006 3770 solch
2043 3704 2342 3764 literarhistorische
2364 3699 2528 3759 Tatsachen
2560 3696 2585 3756 in
2612 3694 2828 3754 Erinnerung
2855 3690 3014 3750 gebracht:

2036 3758 2074 3818 In
2101 3755 2268 3815 Japan,
2285 3754 2339 3814 das
2367 3750 2431 3810 eine
2453 3747 2729 3807 Gesamtausgabe
2756 3742 2853 3802 seiner
2875 3738 2983 3798 Werke
3000 3734 3113 3794 besitzt,

1937 3804 1966 3864 ist
2002 3805 2184 3865 Schnitzler
2230 3801 2326 3861 neben
2377 3796 2539 3856 Wedekind
2585 3792 2640 3852 der
2681 3790 2731 3850 am
2788 3788 2970 3848 öftesten
3016 3781 3111 3841 auf¬

1927 3854 2139 3914 gefhrte
2167 3850 2476 3910 Dramatiker.
2493 3845 2540 3905 In
2573 3838 2829 3898 New-York
2851 3838 2920 3898 liest
2942 3833 3032 3893 man,
3054 3829 3107 3889 wie

1940 3903 1994 3963 wir
2035 3900 2206 3960 seinerzeit
2242 3895 2398 3955 berichtet
2439 3892 2555 3952 haben,
2591 3886 2781 3946 Schnitzlers
2827 3882 2948 3942 Namen
2994 3877 3104 3937 ebenso

1943 3951 2047 4011 häufig
2076 3951 2136 4011 auf
2159 3950 2208 4010 dem
2253 3944 2502 4004 Theaterzettel,
2525 3942 2579 4002 sein
2613 3936 2779 3996 „Anatol"
2802 3934 2879 3994 wird
2912 3931 3023 3991 gerade
3051 3927 3117 3987 jetzt

1946 4000 1998 4060 seit
2025 3996 2189 4056 Monaten
2226 3996 2337 4056 täglich
2369 3992 2516 4052 gespielt,
2539 3984 2717 4044 allerdings
2750 3981 2766 4041 —
2819 3982 2882 4042 mit
2909 3981 2972 4041 echt
2994 3974 3114 4034 ameri¬

1938 4046 2093 4106 kanischer
2118 4044 2250 4104 Willkür
2275 4044 2285 4104 —
2332 4042 2436 4102 schwer
2460 4038 2651 4098 verändert,
2669 4035 2743 4095 denn
2767 4030 2894 4090 Anatol
2918 4029 2952 4089 ist
2971 4028 2993 4088 in
3023 4023 3115 4083 New¬

1942 4094 2025 4154 York
2052 4091 2312 4151 Gardeoffizier.

2721 4125 2900 4185 Schnitzler
2944 4120 2974 4180 es
3013 4119 3111 4179 besitzt
