3392 4320
810 151 946 211 n

802 198 938 258 einmal
964 197 1019 257 die
1051 197 1121 257 Bas

791 243 826 303 so
858 246 1059 306 blindlings
1086 246 1121 306 fü

795 292 860 352 vor
893 294 1131 354 Presseangri

2119 296 2208 356 len.

862 344 941 404 Gar
973 345 1079 405 nicht
1106 346 1121 406 k

2116 346 2193 406 enn

796 393 875 453 man
911 395 1107 455 zugunsten
1148 392 1208 452 des
1239 394 1485 454 zornwütigen
1526 393 1661 453 Rizahs
1692 392 1792 452 nicht
1823 391 1893 451 nur
1924 392 1979 452 aie
2015 393 2205 453 Gerichts¬

795 443 980 503 maschine
1013 442 1041 502 in
1078 442 1180 502 Gang
1218 441 1324 501 setzt,
1353 443 1501 503 sondern
1539 441 1603 501 der
1636 440 1938 500 Notverordnung
1971 443 2073 503 einen
2111 442 2194 502 Sinn

795 491 995 551 unterlegt,
1019 491 1081 551 den
1115 491 1162 551 sie
1196 491 1448 551 ursprünglich
1487 491 1539 551 nie
1573 491 1706 551 gehabt
1735 491 1802 551 hat
1826 491 1892 551 und
1931 491 2012 551 der,
2031 491 2131 551 solite
2165 491 2198 551 er

795 542 847 602 als
876 539 991 599 rechte
1025 539 1302 599 Interpretation
1336 540 1546 600 anerkannt
1575 541 1738 601 werden,
1757 542 1896 602 einfach
1934 539 2010 599 jede
2045 538 2202 598 Willkür

796 589 825 649 in
856 589 1104 649 Deutschland
1145 589 1291 649 möglich
1327 589 1468 649 macht.

862 640 926 700 Die
957 640 1163 700 Forderung
1194 640 1254 700 des
1274 640 1430 700 Schahs,
1451 642 1511 702 den
1542 640 1727 700 „Peykar“
1758 640 1793 700 zu
1824 640 2025 700 verbieten,
2046 642 2116 702 war
2141 638 2206 698 auf

787 689 1024 749 gesetzlichem
1067 688 1168 748 Wege
1193 688 1294 748 nicht
1314 691 1347 751 zu
1377 691 1550 751 erfüllen.
1565 691 1642 751 Man
1671 690 1801 750 konnte
1826 688 1980 748 cinzelne
2010 691 2202 751 Nummern

794 739 1144 799 beschlagnahmen,
1183 738 1284 798 wenn
1332 737 1380 797 sie
1419 739 1702 799 Beleidigungen
1741 739 1962 799 enthielten,
2001 739 2087 799 aber
2121 738 2197 798 man

795 787 929 847 konnte
962 786 1027 846 das
1060 786 1200 846 fernere
1242 785 1452 845 Erscheinen
1494 788 1596 848 nicht
1629 786 1867 846 untersagen.
1890 786 2086 846 Zeitungen
2128 786 2207 846 ver¬

792 837 908 897 bieten
941 835 1033 895 kann
1067 836 1145 896 man
1178 837 1243 897 auf
1267 835 1392 895 Grund
1425 836 1485 896 der
1514 834 1816 894 Notverordnung
1849 836 1933 896 nur,
1956 835 2054 895 wenn
2087 837 2193 897 durch

790 885 834 945 sie
869 886 942 946 „die
978 885 1076 945 Ruhe
1111 887 1175 947 und
1215 885 1392 945 Ordnung
1432 885 1456 945 in
1496 885 1767 945 Deutschland“
1803 883 1940 943 gestört
1970 884 2113 944 worden
2148 886 2211 946 ist.

858 938 929 998 Der
959 939 1164 999 „Peykar“,
1183 939 1235 999 als
1255 939 1513 999 Zentralorgan
1547 940 1642 1000 einer
1667 939 1795 999 ganzen
1829 939 1977 999 Anzahl
1997 939 2202 999 persischer

795 989 995 1049 Gruppen,
1015 988 1062 1048 die
1087 987 1115 1047 im
1153 987 1358 1047 Gegensatz
1383 987 1440 1047 zum
1484 987 1627 1047 Regime
1651 987 1708 1047 des
1727 987 1866 1047 Schahs
1885 987 2029 1047 stehen,
2043 987 2195 1047 erschien

790 1028 1024 1088 nnha
1071 1025 1229 1085 Cha
1268 1024 2175 1084 Vaataiaaaata

787 1252 994 1312 bestimmte
1036 1255 1129 1315 Welt
1161 1258 1461 1318 auszudrücken,
1487 1258 1565 1318 eine
1607 1258 1700 1318 Welt
1732 1261 1794 1321 der
1831 1263 2089 1323 Genießenden
2132 1264 2198 1324 und

795 1303 1079 1363 Passionierten,
1105 1305 1202 1365 keine
1232 1307 1291 1367 der
1311 1309 1630 1369 Zeugungsfrohen
1665 1310 1728 1370 und
1763 1312 2028 1372 Arbeitenden.
2053 1315 2126 1375 Und
2156 1313 2205 1373 als

796 1353 1110 1413 „Puppenspieler
1152 1356 1255 1416 stand
1286 1358 1492 1418 Schnitzler
1519 1359 1626 1419 neben
1658 1360 1730 1420 ihr,
1746 1360 1864 1420 lenkte
1890 1362 1946 1422 die
1973 1363 2132 1423 Drähte.
2148 1364 2199 1424 Da

795 1403 861 1463 gab
891 1401 924 1461 es
953 1401 1010 1461 die
1039 1403 1168 1463 braven
1207 1404 1274 1464 und
1308 1406 1418 1466 etwas
1448 1410 1711 1470 beschränkten
1750 1410 1855 1470 Leute
1884 1410 1951 1470 und
1985 1410 2042 1470 ihr
2071 1412 2205 1472 kleines

790 1449 991 1509 irgendwie
1026 1452 1291 1512 verächtliches
1326 1455 1463 1515 Glück,
1503 1458 1571 1518 und
1611 1460 1708 1520 jene,
1749 1458 1802 1518 die
1837 1458 1920 1518 dort
1959 1461 2205 1521 einbrachen:

805 1498 892 1558 Wolf
918 1500 943 1560 in
975 1498 1036 1558 der
1058 1502 1201 1562 Hürde,
1217 1503 1449 1563 gebieterisch
1485 1507 1547 1567 und
1579 1508 1826 1568 verführend:
1847 1507 2073 1567 Parazelsus,
2095 1510 2202 1570 Casa-

791 1548 903 1608 nova.
919 1548 970 1608 Da
1002 1548 1073 1608 war
1099 1551 1253 1611 Neugier
1279 1551 1346 1611 und
1377 1557 1515 1617 Gefahr
1542 1555 1551 1615 —
1603 1557 1829 1617 „Sicherheit
1850 1557 1896 1617 ist
1917 1557 2107 1617 nirgends.
2128 1560 2199 1620 Wir

789 1597 924 1657 spielen
960 1599 1050 1659 alle;
1076 1597 1146 1657 wer
1176 1598 1211 1658 es
1242 1602 1352 1662 weiß,
1373 1605 1418 1665 ist
1449 1605 1574 1665 klug“.
1600 1607 1670 1667 Für
1696 1606 1791 1666 diese
1827 1608 2094 1668 Verstörungen
2129 1607 2194 1667 und

796 1643 1095 1703 Verwirrungen,
1121 1649 1178 1709 für
1214 1649 1306 1709 diese
1343 1651 1477 1711 Flucht
1504 1655 1570 1715 aus
1602 1655 1664 1715 dem
1716 1655 1927 1715 Gleichmaß
1969 1657 2036 1717 und
2078 1657 2196 1717 Alltag

795 1695 890 1755 hatte
924 1697 957 1757 er
986 1698 1257 1758 Zwischentöne
1291 1700 1357 1760 und
1392 1703 1525 1763 Farben
1564 1703 1630 1763 wie
1659 1704 1735 1764 kein
1774 1704 1945 1764 anderer;
1970 1706 2036 1766 und
2075 1706 2198 1766 immer

790 1745 924 1805 wieder
962 1747 1034 1807 war
1068 1746 1105 1806 es
1140 1750 1292 1810 Anatol,
1321 1751 1440 1811 reich,
1470 1754 1647 1814 unruhig,
1676 1754 1934 1814 Lebenszweck
1978 1756 2011 1816 im
2064 1756 2202 1816 Genust

790 1796 971 1856 suchend,
1001 1797 1059 1857 der
1094 1799 1305 1859 Abenteuer
1340 1799 1427 1859 will,
1457 1804 1643 1864 duelliert,
1673 1805 1854 1865 ermordet
1884 1804 1996 1864 wird,
2021 1804 2089 1864 mit
2119 1805 2182 1865 dem

791 1843 860 1903 Tod
896 1845 941 1905 ein
977 1846 1242 1906 Arrangement
1263 1846 1443 1906 anstrebt.
1464 1852 1614 1912 Anatol,
1630 1852 1690 1912 der
1715 1854 1815 1914 nicht
1841 1852 1875 1912 an
1906 1851 2202 1911 Bürgerlichkeit

790 1895 937 1955 glaubt,
976 1897 1114 1957 asozial
1143 1897 1190 1957 ist
1219 1897 1286 1957 und
1324 1899 1391 1959 zum
1444 1900 1553 1960 Volke
1601 1902 1701 1962 keine
1749 1901 1901 1961 anderen
1941 1903 2192 1963 Beziehungen

790 1943 900 2003 kennt
929 1945 981 2005 als
1011 1945 1087 2005 jene
1122 1945 1179 2005 des
1208 1947 1376 2007 Mannes,
1400 1948 1462 2008 der
1491 1950 1563 2010 eine
1597 1951 1688 2011 Frau
1722 1951 1789 2011 sich
1823 1951 1885 2011 aus
1914 1951 1976 2011 dem
2025 1954 2207 2014 dunklen,

791 1995 1046 2055 unbekannten
1076 1993 1297 2053 Gewimmel
1317 1997 1346 2057 in
1376 1999 1435 2059 den
1470 1999 1592 2059 Tiefen
1622 2002 1759 2062 einmal
1775 2002 1897 2062 sucht.
1912 2002 2010 2062 Doch
2040 2002 2128 2062 auch
2158 2003 2197 2063 da

784 2042 939 2102 zumeist
970 2041 1000 2101 in
1037 2042 1102 2102 der
1132 2044 1259 2104 „guten
1300 2046 1567 2106 Gesellschaft“
1603 2049 1734 2109 bleibt.
1765 2049 1795 2109 Im
1851 2050 2194 2110 Unterbewußtsein

790 2091 907 2151 fühlt,
927 2091 990 2151 daß
1025 2090 1059 2150 er
1084 2092 1176 2152 seine
1206 2094 1328 2154 Gaben
1363 2097 1465 2157 nicht
1490 2100 1676 2160 ausnützt,
1696 2097 1842 2157 erotisch
1877 2097 2058 2157 überreizt
2083 2100 2146 2160 ist,
2166 2100 2190 2160 in

788 2141 907 2201 seinem
955 2141 1079 2201 Genuß
1123 2140 1309 2200 vielleicht
1338 2145 1400 2205 den
1434 2148 1592 2208 edelsten
1630 2148 1755 2208 Genuß
1798 2147 1974 2207 verkennt
2009 2148 2070 2208 und
2109 2151 2195 2211 eben

788 2190 955 2250 deshalb,
985 2193 1171 2253 durchaus
1206 2193 1456 2253 unväterlich,
1486 2196 1637 2256 Familie
1672 2196 1834 2256 dadurch
1879 2198 2025 2258 ersetzt,
2055 2199 2119 2259 daß
2164 2197 2197 2257 er

791 2240 996 2300 hochmütig
1028 2240 1223 2300 Schicksal
1244 2240 1377 2300 spielt.
1398 2242 1475 2302 Und
1522 2243 1557 2303 am
1620 2246 1717 2306 Ende
1759 2246 1876 2306 einsam
1939 2246 2118 2306 verdirbt.
2150 2246 2190 2306 So

791 2287 906 2347 wollte
936 2288 971 2348 es
997 2290 1218 2350 Schnitzlers
1249 2290 1506 2350 unerbittliche
1536 2294 1828 2354 Gerechtigkeit.

855 2336 1071 2396 Unablässig
1108 2338 1177 2398 hat
1209 2337 1240 2397 er
1278 2339 1340 2399 für
1367 2342 1436 2402 sein
1484 2342 1583 2402 Werk
1621 2344 1695 2404 sich
1732 2345 1900 2405 gemüht,
1927 2345 2033 2405 jedem
2081 2344 2196 2404 Motiv

784 2384 1065 2444 nachspürend,
1086 2385 1120 2445 es
1151 2387 1175 2447 in
1211 2387 1276 2447 alle
1307 2390 1503 2450 seelischen
1533 2393 1840 2453 Schlupfwinkel
1866 2393 2102 2453 verfolgend,
2122 2396 2187 2456 und

790 2432 890 2492 wenn
924 2433 961 2493 er
995 2432 1081 2492 über
1115 2434 1229 2494 seinen
1268 2438 1410 2498 Einfall
1435 2440 1592 2500 sprach,
1616 2442 1649 2502 so
1683 2443 1816 2503 konnte
1850 2440 1883 2500 es
1917 2443 1983 2503 sich
2022 2443 2203 2503 begeben,

787 2482 851 2542 daß
887 2482 922 2542 er
947 2482 1008 2542 von
1039 2485 1154 2545 seinem
1200 2487 1375 2547 Stehpult
1402 2488 1557 2548 forteilte
1593 2491 1658 2551 und
1694 2491 1718 2551 in
1754 2491 1815 2551 den
1850 2491 2026 2551 zahllosen
2062 2494 2202 2554 Schub-

786 2530 933 2590 fächern
973 2533 1184 2593 gewaltiger
1214 2536 1400 2596 Schränke
1450 2539 1700 2599 herausholte,
1741 2539 1814 2599 was
1859 2540 1893 2600 er
1937 2542 2099 2602 darüber
2139 2543 2197 2603 ge-

783 2581 994 2641 schrieben,
1014 2582 1200 2642 gedichtet
1225 2586 1313 2646 oder
1339 2588 1407 2648 sich
1442 2590 1578 2650 notiert
1604 2589 1721 2649 hatte.
1747 2588 1820 2648 Und
1855 2590 1932 2650 man
1967 2593 2065 2653 hatte
2095 2593 2188 2653 dann

787 2629 851 2689 das
877 2632 1032 2692 Gefühl,
1048 2633 1077 2693 im
1123 2634 1378 2694 Laboratorium
1424 2637 1519 2697 eines
1545 2637 1670 2697 großen
1701 2637 1811 2697 Herrn
1846 2637 1906 2697 der
1932 2638 2197 2698 Wissenschaft

791 2679 827 2739 zu
865 2681 959 2741 sein.
987 2679 1049 2739 Die
1087 2685 1377 2745 Verkleidungen
1420 2685 1483 2745 der
1515 2688 1694 2748 Gefühle,
1722 2688 1774 2748 die
1812 2689 1927 2749 Ironie
1959 2688 1990 2748 in
2034 2689 2096 2749 den
2134 2688 2197 2748 Be-

783 2730 984 2790 ziehungen
1014 2731 1186 2791 zwischen
1216 2735 1313 2795 Mann
1348 2736 1406 2796 und
1436 2736 1525 2796 Frau
1555 2736 1564 2796 —
1614 2738 1692 2798 aufs
1712 2736 1829 2796 tiefste
1860 2737 1918 2797 und
1948 2739 2109 2799 zugleich
2134 2739 2197 2799 an¬

786 2778 953 2838 mutigste
981 2780 1008 2840 in
1037 2782 1153 2842 seinem
1196 2784 1348 2844 „Reigen
1396 2784 1568 2844 gestaltet
1591 2785 1600 2845 —
1652 2787 1763 2847 waren
1797 2789 2006 2849 Domänen,
2020 2788 2052 2848 in
2081 2789 2187 2849 denen

786 2829 819 2889 er
857 2829 924 2889 sich
967 2831 1111 2891 erging,
1140 2832 1207 2892 und
1250 2834 1369 2894 hinter
1404 2836 1556 2896 Sätzen,
1585 2838 1638 2898 die
1677 2838 1887 2898 gewichtlos
1926 2836 1963 2896 zu
2002 2838 2188 2898 schweben

778 2877 969 2937 schienen,
994 2879 1151 2939 steckten
1196 2883 1445 2943 Beziehungen
1498 2885 1559 2945 und
1604 2885 1881 2945 Erkenntnisse,
1920 2885 1972 2945 die
2021 2886 2092 2946 nur
2136 2886 2198 2946 der

784 2926 913 2986 feinste
944 2927 1044 2987 Leser
1074 2927 1159 2987 oder
1185 2930 1300 2990 Hörer
1330 2932 1506 2992 erfühlte.
1527 2933 1651 2993 Dieses
1677 2934 1942 2994 aufmerkende
1968 2937 2193 2997 Schnitzler-

785 2978 961 3038 publikum
1005 2978 1100 3038 hatte
1129 2978 1162 3038 er
1181 2980 1248 3040 sich
1277 2982 1448 3042 erzogen,
1463 2984 1558 3044 hatte
1587 2984 1673 3044 auch
1702 2984 1754 3044 die
1778 2984 1840 3044 aus
1864 2984 2078 3044 politischen
2108 2987 2193 3047 oder

784 3029 1085 3089 Rassengründen
1125 3029 1226 3089 lange
1267 3032 1603 3092 Widerstrebenden
1654 3032 1684 3092 in
1725 3032 1926 3092 Österreich
1977 3035 2182 3095 allmählich

783 3075 1002 3135 gewonnen;
1022 3076 1065 3136 sie
1090 3076 1237 3136 spürten
1267 3079 1290 3139 in
1319 3080 1377 3140 ihm
1416 3082 1511 3142 ihren
1540 3082 1712 3142 Dichter,
1727 3082 1923 3142 erkannten
1953 3082 2005 3142 die
2034 3082 2196 3142 Wesens¬

785 3127 1128 3187 verwandtschaft.

828 3178 912 3238 Wer
944 3183 1107 3243 Formeln
1145 3184 1250 3244 liebt,
1272 3185 1351 3245 mag
1388 3185 1441 3245 ihn
1484 3185 1546 3245 den
1584 3186 1737 3246 Dichter
1774 3185 1832 3245 der
1865 3187 2186 3247 österreichischen

779 3231 1004 3291 Bourgeoisie
1034 3233 1191 3293 nennen.
1211 3234 1309 3294 Aber
1334 3234 1442 3294 eben,
1462 3237 1501 3297 da
1531 3235 1565 3295 er
1590 3235 1672 3295 doch
1707 3235 1855 3295 Dichter
1885 3236 1973 3296 war,
1993 3238 2193 3298 Gestalter,

784 3279 810 3339 in
837 3279 953 3339 Seelen
985 3279 1048 3339 und
1075 3282 1255 3342 Gefühlen
1287 3285 1434 3345 formte,
1451 3285 1509 3345 fiel
1531 3284 1583 3344 die
1605 3284 1884 3344 Beschränkung
1912 3285 1975 3345 auf
2002 3286 2059 3346 den
2092 3285 2191 3345 Kreis

784 3327 843 3387 der
874 3330 1060 3390 Sorglosen
1096 3330 1150 3390 oft
1176 3330 1241 3390 von
1277 3333 1332 3393 ihm
1378 3334 1443 3394 ab,
1469 3334 1533 3394 und
1569 3333 1644 3393 was
1675 3333 1730 3393 ihm
1776 3333 1816 3393 an
1857 3333 1967 3393 Weite
1997 3336 2198 3396 mangelte,

781 3377 927 3437 ersetzte
962 3378 996 3438 er
1026 3378 1134 3438 durch
1173 3379 1291 3439 Tiefe.
1316 3381 1428 3441 Heute
1458 3381 1507 3441 ist
1536 3382 1565 3442 in
1600 3381 1825 3441 Österreichs
1860 3385 2080 3445 Verarmung
2115 3387 2183 3447 sein

783 3427 983 3487 Bürgertum
1031 3429 1342 3489 verschwunden,
1367 3431 1447 3491 doch
1486 3432 1552 3492 sein
1591 3432 1744 3492 Dichter
1782 3430 1844 3490 ist,
1878 3435 1983 3495 indem
2041 3435 2078 3495 er
2117 3435 2193 3495 ent¬

774 3476 971 3536 schwand,
986 3479 1193 3539 geblieben,
1208 3479 1361 3539 feinster
1386 3482 1573 3542 Ausdruck
1603 3481 1696 3541 einer
1727 3482 1973 3542 vergangenen
2003 3483 2116 3543 Welt.
2131 3483 2190 3543 Als

779 3527 833 3587 ich
863 3527 1117 3587 heranwuchs,
1138 3528 1210 3588 war
1231 3530 1265 3590 er
1290 3530 1348 3590 der
1373 3533 1550 3593 Schöpfer
1580 3530 1638 3590 der
1658 3533 1977 3593 österreichischen
2007 3535 2198 3595 Moderne,

779 3679 858 3739 ﻿1706
