3392 4384
578 237 631 297 De
658 243 890 303 Avondpost

585 294 876 354 ’s-Gravenhage

297 482 522 542 KUNST
569 476 640 536 EN
696 467 1058 527 LETTEREN

399 676 570 736 Arthur
618 671 893 731 Schnitzler

409 823 452 883 OP
486 825 724 885 69-JARIGEN
758 823 947 883 LEEFTIJD

290 917 331 977 De
369 920 519 980 bekende
557 921 835 981 Oostenrijksche
890 918 1056 978 schrijver
1094 918 1148 978 dr.

248 963 372 1023 Arthur
402 964 593 1024 Schnitzler
619 964 648 1024 is
673 963 815 1023 gisteren
869 960 881 1020 —
949 960 1057 1020 zooals
1086 960 1140 1020 wij

245 1008 343 1068 reeds
374 1006 610 1066 mededeelden
650 1005 662 1065 —
714 1008 748 1068 op
788 1007 972 1067 69-jarigen
1007 1005 1136 1065 leeftijd

241 1050 271 1110 te
307 1050 447 1110 Weenen
483 1051 688 1111 overleden.

283 1104 343 1164 Des
369 1107 525 1167 morgens
556 1107 651 1167 kreeg
677 1108 711 1168 de
738 1108 902 1168 schriver
928 1106 1053 1166 tijdens
1080 1105 1131 1165 een

248 1151 435 1211 wandeling
469 1151 522 1211 een
561 1148 861 1208 bloeduitstorting
895 1148 919 1208 in
957 1148 990 1208 de
1020 1149 1136 1209 herse¬

245 1193 329 1253 nen.
346 1193 385 1253 Na
414 1193 467 1253 een
500 1193 803 1253 bewusteloosheid
831 1193 887 1253 van
916 1193 1029 1253 eenige
1058 1190 1130 1250 uren

245 1241 270 1301 is
301 1238 356 1298 dr.
379 1238 507 1298 Arthur
534 1238 727 1298 Schnitzler
757 1237 955 1297 gestorven.

282 1294 478 1354 Schnitzler
533 1294 637 1354 wiens
692 1295 800 1355 vader
855 1294 1005 1354 medicus
1064 1292 1147 1352 was.

245 1339 365 1399 wijdde
395 1339 460 1399 zich
498 1339 669 1399 eveneens
715 1339 743 1399 in
802 1338 860 1398 den
898 1336 1039 1396 beginne
1073 1336 1131 1396 aan

245 1381 416 1441 medische
467 1382 601 1442 studies
648 1381 685 1441 en
740 1383 802 1443 liep
836 1381 978 1441 colleges
1008 1381 1067 1441 aan
1105 1381 1142 1441 de

251 1426 461 1486 universitelt
492 1426 551 1486 van
590 1424 757 1484 Weenen.
801 1425 861 1485 Hij
887 1425 968 1485 werd
1003 1424 1140 1484 officier

247 1470 300 1530 van
343 1471 572 1531 gezondheid,
601 1471 664 1531 had
706 1468 793 1528 later
827 1468 877 1528 een
919 1468 1136 1528 particuliere

241 1512 387 1572 practijk
426 1512 459 1572 om
512 1511 575 1571 zich
619 1511 820 1571 vervolgens
872 1509 1069 1569 uitsluitend
1108 1512 1138 1572 te

245 1554 356 1614 wijden
391 1557 451 1617 aan
482 1554 700 1614 litteratuur.
718 1554 782 1614 Een
813 1555 915 1615 zijner
942 1554 1049 1614 eerste
1080 1552 1135 1612 no¬

247 1599 345 1659 vellen
381 1599 449 1659 was
484 1599 683 1659 „Leutnant
731 1599 873 1659 Gustl",
900 1596 999 1656 welke
1039 1601 1064 1661 in
1103 1597 1141 1657 de

248 1644 350 1704 „Neue
381 1644 464 1704 freie
496 1641 633 1701 Presse"
664 1641 748 1701 werd
801 1641 1035 1701 gepubliceerd
1097 1641 1132 1701 an

241 1686 440 1746 tengevolge
490 1686 556 1746 had
611 1686 673 1746 dat
719 1688 819 1748 tegen
852 1686 910 1746 hem
960 1684 1010 1744 een
1052 1685 1135 1745 aan-

245 1730 360 1790 klacht
387 1730 468 1790 werd
524 1730 704 1790 Ingediend
761 1730 894 1790 wegens
924 1728 1134 1788 beleediging

245 1773 302 1833 van
360 1775 416 1835 het
465 1775 575 1835 leger.
619 1774 689 1834 Zijn
725 1773 808 1833 titel
831 1772 1112 1832 „regimentsarts

245 1819 323 1879 werd
357 1820 415 1880 hem
462 1820 532 1880 toen
570 1818 649 1878 voor
674 1819 736 1879 het
762 1820 890 1880 vervolg
921 1819 1082 1879 ontzegd.

283 2013 351 2073 Het
401 2014 428 2074 is
483 2011 537 2071 een
601 2011 873 2071 veel-gebrulkte
910 2008 1132 2068 uitdrukkiag

244 2056 334 2116 maar
382 2056 455 2116 met
499 2053 632 2113 Arthur
676 2054 875 2114 Schnitzler
901 2050 927 2110 is
953 2050 1009 2110 een
1044 2053 1138 2113 groot

244 2100 456 2160 kunstenaar
478 2098 725 2158 heengegaan.
743 2098 785 2158 En
812 2098 873 2158 des
895 2096 920 2156 te
947 2096 1141 2156 tragischer

247 2146 267 2206 is
297 2144 346 2204 dit
376 2143 590 2203 verschelden
628 2143 715 2203 juist
745 2143 786 2203 nu
820 2141 891 2201 men
929 2140 966 2200 de
996 2140 1138 2200 voorbe¬

245 2187 416 2247 reldingen
472 2184 540 2244 trof
592 2184 669 2244 voor
721 2184 780 2244 het
828 2181 935 2241 vieren
974 2181 1033 2241 van
1068 2184 1127 2244 zija

248 2226 351 2286 70sten
394 2227 617 2287 verjaardag.
643 2227 725 2287 Voor
760 2226 815 2286 een
854 2223 1034 2283 opvoering
1073 2223 1133 2283 van

251 2271 423 2331 „Liebele!“
473 2271 583 2331 onder
632 2271 858 2331 Reinhardt's
907 2268 995 2328 regle
1027 2271 1132 2331 waren

245 2316 474 2376 maatregelen
510 2313 704 2373 getroffen.

286 2372 462 2432 Misschlen
494 2372 516 2432 is
544 2372 602 2432 het
625 2372 715 2432 waar
743 2372 801 2432 dat
824 2370 1018 2430 Schnitzler
1041 2370 1135 2430 nooit

239 2417 292 2477 een
330 2417 497 2477 schrijver
527 2417 551 2477 is
581 2416 743 2476 geweest,
769 2414 873 2474 wiens
903 2414 982 2474 werk
1020 2414 1069 2474 tot
1099 2414 1136 2474 de

237 2462 345 2522 groote
396 2460 508 2520 massa
559 2461 679 2521 sprak.
722 2459 789 2519 Het
814 2459 881 2519 was
906 2456 1073 2516 daarvoor
1103 2453 1132 2513 te

248 2504 442 2564 finzinnig,
465 2502 526 2562 het
558 2506 677 2566 volgde
708 2504 801 2564 soms
850 2501 907 2561 zoo
938 2502 1137 2562 heimelijke

241 2549 369 2609 paden,
395 2549 433 2609 de
468 2546 712 2606 menschelitke
747 2546 815 2606 ziel
841 2545 922 2605 werd
961 2545 1025 2605 erin
1069 2545 1133 2605 uit¬

241 2593 369 2653 gebeeld
406 2593 442 2653 op
483 2590 535 2650 zoo
572 2590 710 2650 teedere
746 2590 782 2650 en
819 2589 953 2649 schuwe
989 2589 1025 2649 en
1066 2589 1126 2649 aan

245 2636 296 2696 den
327 2635 472 2695 anderen
508 2635 597 2695 kant
624 2635 864 2695 tegelljkertijd
895 2632 946 2692 zoo
977 2632 1140 2692 meedoo-

241 2677 544 2737 genloos-scherpe
584 2677 700 2737 wijze,
727 2678 789 2738 dat
830 2677 891 2737 het
928 2677 1003 2737 niet
1039 2679 1132 2739 altijd

236 2722 315 2782 voor
343 2722 493 2782 ledereen
530 2722 560 2782 te
587 2722 804 2782 waardeeren
841 2721 915 2781 viel.

281 2780 338 2840 Hlj
361 2779 426 2839 was
449 2780 462 2840 —
511 2779 567 2839 het
594 2781 647 2841 zal
670 2779 766 2839 dezer
789 2779 894 2839 dagen
930 2778 996 2838 vele
1023 2779 1128 2839 malen

240 2823 439 2883 opgemerkt
469 2823 602 2883 worden
640 2820 652 2880 —
707 2820 761 2880 een
799 2820 927 2880 typisch
965 2820 1124 2880 Weensch

242 2865 420 2925 schriver.
434 2866 493 2926 Hij
513 2865 576 2925 had
609 2865 617 2925 —
669 2865 718 2925 uit
742 2865 774 2925 al
793 2864 851 2924 zijn
884 2863 1012 2923 werken
1041 2865 1141 2925 blijkt

239 2911 295 2971 het
330 2907 342 2967 —
394 2910 458 2970 zijn
498 2910 583 2970 hart
614 2907 942 2967 onvoorwaardelijk
981 2910 1131 2970 verpand

240 2952 300 3012 aan
330 2952 403 3012 deze
434 2955 527 3015 stad,
546 2955 579 3015 om
627 2952 704 3012 wier
730 2952 816 3012 naam
860 2952 872 3012 —
920 2952 945 3012 in
980 2952 1014 3012 de
1040 2952 1138 3012 litte¬

237 2997 357 3057 ratuur
383 2997 524 3057 althans
551 2997 563 3057 —
615 2997 705 3057 altijd
740 2997 804 3057 lets
830 2997 941 3057 hangt
968 2995 1023 3055 van
1062 2997 1130 3057 me¬

234 3041 405 3101 lancholle
431 3041 464 3101 en
489 3038 648 3098 teederen
678 3038 820 3098 humor.
833 3038 891 3098 Dit
912 3038 1046 3098 maakte
1071 3038 1130 3098 van

235 3086 290 3146 zijn
330 3083 455 3143 oeuvre
486 3086 551 3146 dan
594 3083 650 3143 ook
690 3081 754 3141 wel
785 3083 824 3143 de
859 3080 975 3140 groote
1010 3083 1135 3143 kracht

236 3128 308 3188 ult:
352 3128 415 3188 dat
464 3125 497 3185 er
545 3128 622 3188 toch
661 3128 755 3188 altijd
790 3125 845 3185 een
884 3125 1017 3185 mensch
1056 3125 1133 3185 over

241 3170 418 3230 menschen
451 3171 604 3231 schreef.
624 3170 693 3230 Met
717 3170 796 3230 rake
824 3170 978 3230 intuitie.
997 3170 1038 3230 En
1071 3170 1122 3230 een

240 3215 416 3275 toegewijd
445 3215 547 3275 hart.

281 3269 418 3329 Hoevele
445 3271 608 3331 gestalten
640 3271 737 3331 heeft
759 3271 812 3331 hij
830 3271 878 3331 tot
901 3269 989 3329 leven
1020 3271 1122 3331 weten

239 3315 269 3375 te
299 3313 458 3373 wekken!
484 3316 639 3376 Vreugde
669 3315 699 3375 en
738 3316 884 3376 verdriet
910 3313 935 3373 in
987 3316 1133 3376 dulzen-

239 3358 342 3418 derlei
364 3358 630 3418 schakeeringen
665 3358 802 3418 beeldde
828 3358 879 3418 hij
901 3358 948 3418 uit
974 3358 1042 3418 met
1069 3358 1120 3418 en

235 3401 386 3461 feillooze
436 3403 725 3463 psychologische
780 3401 922 3461 kennis,
967 3403 1039 3463 met
1070 3400 1123 3460 een

241 3445 383 3505 nimmer
406 3445 521 3505 falend
552 3445 778 3505 medelijden.
797 3445 885 3505 Zelfs
912 3445 983 3505 niet
1005 3446 1032 3506 in
1068 3447 1125 3507 zijn

236 3486 347 3546 koelst
374 3488 575 3548 geschreven
614 3486 768 3546 werken,
790 3489 901 3549 zooals
931 3489 1132 3549 „Therèse".

278 3531 344 3591 Van
398 3534 459 3594 zijn
513 3531 597 3591 werk
650 3531 791 3591 noemen
827 3530 898 3590 wij:
925 3532 1013 3592 „Das
1040 3531 1132 3591 Mär¬

232 3573 356 3633 chen".
375 3575 562 3635 Liebelel"
602 3576 665 3636 het
687 3576 915 3636 tooneelwerk
947 3576 1008 3636 dat
1032 3576 1129 3636 zeker

244 3615 299 3675 wel
321 3617 381 3677 het
412 3618 545 3678 grootet
588 3618 718 3678 aantal
761 3618 989 3678 opvoeringen
1024 3621 1140 3681 heeft.

254 3659 450 3719 Freiwild".
493 3659 685 3719 „Relgen".
733 3663 819 3723 „Das
858 3662 1097 3722 Vermächtnis

245 3701 309 3761 Dle
338 3704 567 3764 Gefährtin".
587 3705 675 3765 Der
704 3705 807 3765 grüne
840 3704 1022 3764 Kakadu".
1042 3707 1130 3767 „Der

235 3746 384 3806 Schleier
413 3746 468 3806 der
502 3748 698 3808 Beatrice",
721 3749 805 3809 „Der
838 3750 983 3810 einsame
1021 3749 1090 3809 Weg

242 3791 566 3851 „Zwischenspiel".

604 3794 809 3854 „Professor
889 3794 1100 3854 Bernhardi

245 3833 313 3893 Die
357 3836 572 3896 Schwestern
628 3836 709 3896 oder
757 3837 934 3897 Casanova
969 3839 994 3899 in
1029 3839 1097 3899 Spa

237 3879 320 3939 „Der
353 3881 437 3941 gang
475 3878 535 3938 zum
587 3878 760 3938 Welher".
783 3883 853 3943 Zijn
891 3884 1119 3944 novelllstisch

232 3919 351 3979 oeuvre
392 3922 418 3982 is
449 3922 524 3982 zeer
564 3922 776 3982 ultgebreld:
812 3925 1015 3985 „Sterben".
1042 3926 1116 3986 „De

233 3964 447 4024 Ehrentag".
491 3965 572 4025 „Die
625 3967 758 4027 Toten.
788 3967 1021 4027 schweigen",
1046 3970 1121 4030 „Die

234 4006 441 4066 griechische
489 4009 701 4069 Tänzerin".
740 4010 957 4070 „Casanovas
1005 4013 1125 4073 Helm¬

233 4051 367 4111 fahrt".
391 4051 559 4111 „Fraulein
593 4054 702 4114 Else".
722 4054 803 4114 „Die
828 4054 909 4114 Frau
943 4054 995 4114 des
1025 4057 1125 4117 Rich¬

235 4096 338 4156 ters",
363 4093 687 4153 „Traumnovelle".
708 4096 771 4156 Tot
801 4101 860 4161 zijn
895 4099 1037 4159 romans
1067 4102 1125 4162 be¬

237 4137 382 4197 hooren:
408 4140 491 4200 „Der
517 4140 595 4200 Weg
621 4140 673 4200 ins
700 4138 834 4198 Freie".

1739 363 2442 423 OBSERVER

1819 416 1844 476 I.
1857 413 1980 473 österr.
1993 413 2141 473 benördl.
2154 413 2454 473 konzessioniertes

1773 455 2005 515 Unternehmen
2035 454 2085 514 für
2110 452 2499 512 Zeitungs-Ausschnitte

1832 512 1972 572 WIEN,
1999 517 2050 577 I.,
2076 515 2358 575 WOLLZEILE
2404 515 2448 575 11

1925 566 2142 626 TELEPHON
2173 564 2344 624 R-23-0-43

1676 685 1907 745 rrespondants
1931 682 2010 742 dans
2038 677 2140 737 toutes
2164 675 2209 735 les
2234 671 2372 731 grandes
2401 664 2507 724 villes.

1686 808 1701 868 t
1729 808 1766 868 du
1798 804 1964 864 Journal:

1927 886 1984 946 De
2004 882 2159 942 Nieuwe
2190 871 2364 931 Courant

1983 928 2287 988 'a-Gravenhage

1781 1014 2015 1074 AKTHUR
2079 1014 2447 1074 SCHNITZLER

1760 1235 1820 1295 De
1858 1238 2074 1298 schrijver
2112 1238 2191 1298 van
2236 1235 2427 1295 Liebelei
2464 1235 2506 1295 en

1875 1315 2114 1375 Professor
2150 1315 2406 1375 Bernhardi

1756 1466 1800 1526 De
1827 1466 1999 1526 beroemde
2026 1468 2180 1528 schrijver
2203 1465 2251 1525 dr.
2269 1468 2392 1528 Arthur
2415 1466 2569 1526 Schnitz¬

1717 1520 1759 1580 ler
1781 1519 1806 1579 is
1829 1518 2086 1578 gisterenavond
2116 1521 2142 1581 te
2172 1518 2314 1578 Weenen
2344 1521 2399 1581 aan
2430 1518 2481 1578 een
2512 1521 2567 1581 be¬

1705 1572 1820 1632 roerte
1852 1570 2054 1630 overleden.

1747 1641 1919 1701 Schnitzler
1951 1638 2012 1698 was
2043 1639 2069 1699 15
2105 1639 2167 1699 Mei
2194 1638 2260 1698 1862
2291 1640 2317 1700 in
2349 1638 2481 1698 Weenen
2517 1640 2569 1700 ge¬

1710 1680 1797 1740 boren
1821 1680 1862 1740 als
1885 1680 1957 1740 zoon
1984 1677 2033 1737 van
2061 1679 2109 1739 een
2137 1677 2570 1737 hoogleeraar-laryngoloog,

1710 1718 1755 1778 tot
1782 1718 1873 1778 wiens
1900 1718 2144 1778 patiëntenkring
2179 1715 2243 1775 veel
2266 1717 2505 1777 tooneelspelers
2532 1716 2562 1776 en

1709 1759 1833 1819 zangers
1858 1755 2048 1815 bchoorden.
2069 1756 2109 1816 Na
2133 1755 2154 1815 in
2182 1754 2247 1814 1885
2271 1756 2510 1816 gepromoveerd
2539 1755 2562 1815 te

1709 1797 1760 1857 zijn
1791 1796 1820 1856 en
1847 1796 1872 1856 in
1903 1796 2023 1856 Londen
2053 1794 2083 1854 en
2113 1795 2208 1855 Parijs
2234 1796 2427 1856 hygiënische
2453 1794 2565 1854 inrich¬

1708 1835 1806 1895 tingen
1837 1835 1860 1895 te
1888 1835 2001 1895 hebben
2033 1832 2228 1892 bestudeerd,
2248 1832 2326 1892 werd
2354 1834 2396 1894 hij
2416 1835 2564 1895 assistent

1705 1874 1756 1934 van
1784 1874 1834 1934 zijn
1862 1874 1952 1934 vader
1976 1874 2004 1934 en
2032 1874 2090 1934 trad
2118 1874 2188 1934 later
2212 1874 2231 1934 in
2259 1874 2428 1934 millitairen
2456 1874 2566 1934 dienst.

1708 1913 1806 1973 Dezen
1841 1913 1943 1973 moest
1975 1913 2018 1973 hij
2046 1912 2183 1972 evenwel
2211 1913 2242 1973 al
2270 1913 2391 1973 spoedig
2427 1911 2556 1971 verlaten

1706 1953 1739 2013 na
1777 1951 1809 2011 de
1843 1951 2005 2011 publicatie
2039 1951 2093 2011 van
2127 1951 2184 2011 zijn
2222 1951 2376 2011 Leutnant
2410 1951 2501 2011 Gustl
2531 1951 2555 2011 in

1709 1990 1773 2050 1900
1799 1990 1829 2050 en
1859 1993 1928 2053 toen
1958 1993 2066 2053 wijdde
2092 1993 2134 2053 hij
2152 1992 2212 2052 zich
2243 1991 2414 2051 uitsluitend
2445 1992 2496 2052 aan
2526 1991 2560 2051 de

1705 2029 1851 2089 letteren.

1744 2079 1773 2139 In
1802 2077 1835 2137 de
1869 2077 2021 2137 Deutsche
2055 2077 2285 2137 Wochenschau
2319 2077 2348 2137 en
2382 2077 2402 2137 in
2437 2077 2478 2137 An
2512 2080 2562 2140 der

1695 2116 1822 2176 schönen
1857 2116 1960 2176 blauen
1995 2116 2102 2176 Donau
2137 2116 2229 2176 waren
2264 2116 2287 2176 te
2318 2116 2406 2176 voren
2437 2116 2468 2176 al
2495 2116 2560 2176 ver¬

1701 2155 1838 2215 scheiden
1874 2154 2054 2214 publicaties
2086 2154 2286 2214 verschenen,
2314 2154 2490 2214 waaronder
2522 2155 2553 2215 de

1699 2193 1978 2253 opzienwekkende
2013 2194 2143 2254 Anatol,
2171 2194 2201 2254 de
2233 2193 2319 2253 recks
2351 2194 2555 2254 dramatische

1704 2235 1857 2295 dialogen,
1882 2233 1971 2293 welke
2000 2234 2056 2294 zijn
2089 2234 2182 2294 talent
2210 2234 2449 2294 verkondigden.
2478 2233 2550 2293 Toen

1700 2274 1808 2334 volgde
1841 2274 1895 2334 zijn
1934 2272 2075 2332 Märchen
2113 2273 2134 2333 in
2172 2272 2254 2332 1893,
2280 2274 2329 2334 het
2360 2272 2455 2332 cerste
2489 2274 2551 2334 stuk

1701 2310 1750 2370 van
1778 2313 1831 2373 hem
1869 2312 1922 2372 dat
1945 2310 2018 2370 werd
2045 2313 2216 2373 opgevoerd
2243 2313 2274 2373 en
2301 2313 2373 2373 twee
2400 2313 2461 2373 jaar
2484 2313 2556 2373 later

1699 2349 1781 2409 kwam
1832 2350 1883 2410 het
1915 2351 2009 2411 cerste
2048 2352 2154 2412 groote
2186 2352 2291 2412 succes
2327 2352 2476 2412 Liebelei,
2504 2353 2558 2413 dat

1699 2390 1750 2450 dra
1774 2390 1824 2450 ook
1852 2388 1875 2448 in
1902 2389 1953 2449 het
1973 2390 2144 2450 buitenland
2172 2390 2246 2450 werd
2270 2391 2410 2451 gespeeld
2438 2390 2465 2450 en
2492 2390 2554 2450 met

1702 2429 1762 2489 niet
1790 2429 1907 2489 minder
1936 2429 2040 2489 succes
2069 2429 2121 2489 dan
2154 2429 2177 2489 in
2214 2429 2363 2489 Weenen,
2388 2429 2480 2489 welks
2509 2429 2553 2489 at¬

1702 2468 1827 2528 mosfeer
1851 2468 1903 2528 het
1925 2468 1977 2528 zoo
2002 2468 2131 2528 treffend
2160 2470 2224 2530 gaf.
2241 2468 2269 2528 In
2301 2469 2431 2529 Weenen
2456 2468 2556 2528 speelt

1701 2509 1748 2569 ook
1788 2507 1838 2567 het
1870 2508 1999 2568 volgend
2050 2508 2117 2568 jaar
2148 2507 2329 2567 verschenen
2368 2507 2430 2567 stuk
2474 2507 2556 2567 Frei¬

1700 2548 1780 2608 wild,
1805 2546 1833 2606 en
1865 2547 1889 2607 in
1926 2547 2071 2607 hetzelfde
2104 2548 2164 2608 jaar
2193 2546 2375 2606 ontstonden
2408 2546 2460 2606 ook
2493 2549 2545 2609 zijn

1700 2588 1829 2648 Reigen,
1850 2588 1906 2648 nog
1939 2588 2004 2648 niet
2029 2585 2158 2645 zooveel
2179 2588 2260 2648 jaren
2293 2586 2414 2646 geleden
2448 2588 2500 2648 pas
2529 2588 2548 2648 in

1697 2625 1748 2685 het
1776 2626 2003 2686 Nederlandsch
2059 2626 2207 2686 vertaald.
2247 2623 2290 2683 Ze
2322 2623 2435 2683 werden
2471 2625 2553 2685 trou¬

1698 2665 1754 2725 we.
1766 2663 1778 2723 s
1807 2657 1887 2717 caret
1916 2661 1940 2721 in
1973 2664 2041 2724 1920
2070 2663 2102 2723 en
2136 2665 2188 2725 dan
2221 2665 2277 2725 nog
2310 2665 2427 2725 feitelijk
2464 2665 2548 2725 tegen

1698 2706 1750 2766 n
1778 2704 1843 2764 wil,
1860 2707 2026 2767 veer
2051 2704 2180 2764 gedrukt
2205 2704 2233 2764 on
2266 2704 2338 2764 werd
2371 2704 2436 2764 deze
2465 2704 2549 2764 recks

1699 2743 1746 2803 van
1783 2743 1834 2803 tien
1871 2743 2022 2803 erotische
2051 2743 2209 2803 tooneelen
2242 2743 2433 2803 opgevoerd.

1739 2792 1793 2852 Een
1827 2793 1910 2853 heele
1940 2791 2027 2851 reeks
2061 2791 2174 2851 werken
2208 2791 2233 2851 is
2263 2791 2363 2851 elkaar
2397 2791 2548 2851 sindsdien

1697 2832 1885 2892 opgevolgd.
1933 2830 1988 2890 We
2020 2829 2153 2889 volstaan
2193 2829 2255 2889 met
2283 2829 2310 2889 te
2342 2829 2491 2889 noemen:
2519 2830 2550 2890 de

1700 2871 1753 2931 drie
1779 2871 1937 2931 eenakters
1962 2869 2140 2929 Paracelsus
2166 2868 2220 2928 Die
2245 2868 2399 2928 Gefährtin
2428 2868 2457 2928 en
2486 2871 2548 2931 Der

1693 2910 1787 2970 grüne
1818 2910 1942 2970 Kakadu
1973 2908 1994 2968 in
2024 2908 2110 2968 1898,
2128 2910 2178 2970 het
2201 2907 2303 2967 drama
2330 2907 2389 2967 Der
2416 2907 2549 2967 Schleier

1692 2949 1737 3009 der
1767 2949 1900 3009 Beatrice
1930 2949 1951 3009 in
1981 2947 2068 3007 1899,
2085 2948 2118 3008 de
2144 2947 2281 3007 komedie
2307 2946 2549 3006 Zwischenspiel

1693 2988 1714 3048 in
1750 2988 1834 3048 1904,
1857 2988 1919 3048 Der
1950 2989 2038 3049 junge
2070 2985 2251 3045 Medardus,
2278 2985 2411 3045 waarvan
2447 2988 2491 3048 hij
2513 2989 2548 3049 de

1697 3027 1809 3087 titelrol
1830 3027 1901 3087 voor
1927 3027 2014 3087 Jozef
2039 3025 2131 3085 Kainz
2161 3026 2211 3086 had
2240 3025 2390 3085 bestemd,
2412 3026 2453 3086 die
2479 3027 2549 3087 haar

1690 3065 1831 3125 evenwel
1851 3065 1913 3125 niet
1937 3065 2015 3125 meer
2043 3065 2125 3125 heeft
2149 3063 2262 3123 kunnen
2295 3065 2411 3125 spelen,
2432 3063 2482 3123 dan
2514 3066 2545 3126 de

1692 3104 1909 3164 tragicomedie
1945 3105 1976 3165 op
2016 3104 2071 3164 het
2103 3101 2323 3161 ouderworden
2363 3103 2426 3163 Das
2466 3104 2548 3164 weite

1693 3143 1772 3203 Land
1804 3144 1825 3204 in
1861 3142 1927 3202 1910
1959 3142 1989 3202 en
2020 3143 2042 3203 in
2078 3143 2144 3203 1912
2171 3144 2228 3204 zijn
2260 3143 2423 3203 Professor
2450 3143 2547 3203 Bern¬

1692 3182 1787 3242 hardi,
1806 3181 1886 3241 waar
1909 3180 2038 3240 zooveel
2057 3182 2091 3242 om
2130 3182 2156 3242 te
2179 3182 2251 3242 doen
2282 3182 2304 3242 is
2327 3182 2475 3242 geweest.
2498 3185 2551 3245 Uit

1692 3218 1778 3278 latere
1810 3218 1892 3278 jaren
1928 3219 2055 3279 noemen
2092 3221 2132 3281 we
2165 3221 2223 3281 nog
2260 3221 2323 3281 Der
2351 3222 2437 3282 Gang
2474 3224 2528 3284 zum

1698 3255 1816 3315 Weiher
1841 3257 1887 3317 uit
1912 3256 1997 3316 1925.

1727 3304 1909 3364 Schnitzlers
1946 3304 2092 3364 bizonder
2125 3304 2157 3364 en
2194 3304 2287 3364 groot
2320 3306 2418 3366 talent
2450 3307 2547 3367 open-

1688 3343 1796 3403 baarde
1821 3343 1877 3403 zich
1906 3343 1930 3403 in
1955 3343 2007 3403 zijn
2040 3343 2213 3403 verhalende
2242 3344 2355 3404 werken
2388 3343 2444 3403 niet
2469 3346 2545 3406 min=

1686 3381 1735 3441 der
1757 3381 1807 3441 dan
1837 3383 1858 3443 in
1887 3384 1941 3444 zijn
1967 3384 2211 3444 tooneelspelen.
2228 3383 2257 3443 In
2287 3383 2354 3443 1892
2379 3385 2539 3445 verscheen

1687 3421 1828 3481 Sterben,
1853 3421 1905 3481 dat
1930 3422 1966 3482 de
1994 3423 2103 3483 laatste
2133 3423 2225 3483 dagen
2258 3421 2310 3481 van
2343 3426 2391 3486 een
2428 3424 2541 3484 tering¬

1686 3461 1765 3521 lijder
1799 3460 1967 3520 realistisch
2005 3461 2169 3521 schildert.
2199 3461 2261 3521 Het
2296 3463 2371 3523 werd
2409 3463 2539 3523 gevolgd

1683 3496 1755 3556 door
1778 3499 1827 3559 een
1858 3499 1964 3559 groote
1992 3501 2075 3561 reeks
2102 3501 2254 3561 novellen,
2277 3502 2410 3562 waarvan
2441 3501 2482 3561 we
2513 3504 2536 3564 in

1684 3537 1732 3597 het
1757 3540 1915 3600 bijzonder
1964 3540 2090 3600 noemen
2143 3540 2265 3600 Doktor
2314 3540 2456 3600 Gräsler,
2485 3540 2541 3600 Ba¬

1684 3576 1798 3636 de-arzt
1826 3579 1936 3639 (1917)
1985 3579 2170 3639 Casanova’s
2219 3581 2400 3641 Heimfahrt
2427 3582 2538 3642 (1918)

1685 3618 1821 3678 Fräulein
1858 3618 1927 3678 Else
1964 3619 2087 3679 (1924),
2116 3618 2170 3678 Die
2202 3618 2280 3678 Frau
2317 3620 2367 3680 des
2400 3618 2541 3678 Richters

1692 3657 1803 3717 (1925),
1827 3657 2066 3717 Traumnovelle
2099 3658 2216 3718 (1927),
2240 3657 2268 3717 en
2301 3660 2450 3720 Therese.
2474 3660 2535 3720 Zijn

1684 3695 1779 3755 eenige
1809 3696 1913 3756 groote
1943 3696 2043 3756 roman
2073 3697 2093 3757 is
2119 3695 2181 3755 Der
2207 3695 2277 3755 Weg
2307 3698 2349 3758 ina
2379 3695 2478 3755 Freie,
2500 3701 2541 3761 uit

1684 3734 1765 3794 1908,
1787 3734 1899 3794 waarin
1947 3737 1993 3797 hij
2033 3737 2084 3797 een
2119 3737 2261 3797 synthese
2291 3737 2373 3797 geeft
2399 3737 2455 3797 van
2489 3737 2541 3797 het

1684 3773 1854 3833 geestelijke
1888 3773 1968 3833 leven
2006 3773 2055 3833 van
2094 3774 2223 3834 Weenen
2257 3776 2428 3836 omstrecks
2458 3776 2545 3836 1900.

1680 3815 1740 3875 Zijn
1766 3812 1873 3872 laatste
1899 3814 2016 3874 werken
2046 3815 2097 3875 zijn
2128 3815 2188 3875 Der
2214 3815 2300 3875 Geist
2322 3815 2348 3875 im
2387 3815 2477 3875 Wort
2499 3815 2529 3875 en

1684 3852 1741 3912 Das
1771 3854 1850 3914 Buch
1883 3854 1933 3914 der
1963 3854 2079 3914 Spüche
2114 3854 2163 3914 und
2197 3853 2376 3913 Bedenken,
2397 3854 2538 3914 aphoris¬

1681 3890 1759 3950 men,
1775 3893 1996 3953 opmerkingen
2023 3893 2051 3953 en
2079 3893 2346 3953 dagbockbladen,
2366 3896 2409 3956 die
2429 3893 2539 3953 prach-

1679 3931 1714 3991 tig
1742 3931 1902 3991 materiaal
1922 3931 2023 3991 bleken
2051 3931 2082 3991 om
2126 3931 2294 3991 Schnitzler
2318 3931 2368 3991 ook
2396 3933 2439 3993 als
2463 3933 2533 3993 den¬

1675 3967 1724 4027 ker
1775 3968 1803 4028 te
1833 3967 1929 4027 leeren
1967 3970 2100 4030 kennen.
2147 3970 2229 4030 Maar
2263 3971 2434 4031 Schnitzler
2489 3973 2534 4033 als

1679 4006 1812 4066 mensch,
1833 4006 1895 4066 met
1921 4006 1992 4066 wien
2021 4009 2071 4069 het
2096 4009 2292 4069 voorbericht
2314 4010 2434 4070 nauwer
2460 4009 2534 4069 con¬

1675 4046 1739 4106 tact
1757 4048 1915 4108 beloofde,
1928 4048 2014 4108 komt
2036 4048 2057 4108 in
2083 4048 2224 4108 zooverre
2246 4048 2362 4108 slechts
2380 4048 2525 4108 cenzijdig

1680 4086 1720 4146 tot
1739 4086 1788 4146 den
1816 4087 1911 4147 lezer,
1925 4087 1966 4147 als
1985 4087 2016 4147 al
2035 4087 2066 4147 de
2089 4087 2203 4147 gouden
2231 4087 2258 4147 en
2281 4090 2381 4150 innige
2404 4087 2531 4147 warmte

1675 4119 1717 4179 die
1765 4123 1829 4183 men
1864 4125 1992 4185 speurde
2036 4125 2061 4185 in
2096 4125 2280 4185 Schnitzler,
2319 4128 2430 4188 zoodra
2461 4127 2525 4187 men

1675 4161 1775 4221 luttele
1801 4164 2028 4224 oogenblikken
2079 4164 2139 4224 met
2165 4164 2216 4224 hem
2261 4167 2428 4227 gesproken
2464 4168 2534 4228 had,

1672 4200 1731 4260 zich
1759 4200 1785 4260 in
1813 4200 1856 4260 dit
1879 4202 1987 4262 bockje
2014 4201 2177 4261 verborgen
2210 4203 2302 4263 heeft.

1717 4248 1866 4308 Wanneer
1914 4248 1980 4308 men
2027 4248 2104 4308 daar
2131 4251 2172 4311 bij
2198 4251 2368 4311 Sehnitzler
2395 4254 2523 4314 binnen-
