<?xml version="1.0" encoding="UTF-8" standalone="yes"?>
<PcGts xmlns="http://schema.primaresearch.org/PAGE/gts/pagecontent/2013-07-15" xmlns:xsi="http://www.w3.org/2001/XMLSchema-instance" xsi:schemaLocation="http://schema.primaresearch.org/PAGE/gts/pagecontent/2013-07-15 http://schema.primaresearch.org/PAGE/gts/pagecontent/2013-07-15/pagecontent.xsd">
    <Metadata>
        <Creator>prov=READ-COOP:name=PyLaia@TranskribusPlatform:version=2.12.1:model_id=39995:lm=none:date=09_04_2024_22:49</Creator>
        <Created>2019-10-07T20:38:16.518+02:00</Created>
        <LastChange>2024-04-09T22:49:52.741+02:00</LastChange>
        <TranskribusMetadata docId="224459" pageId="9581314" pageNr="222" tsid="157629990" status="IN_PROGRESS" userId="64420" imgUrl="https://files.transkribus.eu/Get?id=IXFWGCZHSHJBFSBUGQSSTVSL&amp;fileType=view" xmlUrl="https://files.transkribus.eu/Get?id=OVIVDNAGCWSEBEAZRFANBLYW" imageId="6208924"/>
    </Metadata>
    <Page imageFilename="224459_0222.jpeg" imageWidth="3344" imageHeight="4384">
        <ReadingOrder>
            <OrderedGroup id="ro_1712938085714" caption="Regions reading order">
                <RegionRefIndexed index="0" regionRef="tr_1"/>
                <RegionRefIndexed index="1" regionRef="tr_2"/>
                <RegionRefIndexed index="2" regionRef="tr_3"/>
            </OrderedGroup>
        </ReadingOrder>
        <TextRegion orientation="0.0" id="tr_1" custom="readingOrder {index:0;}">
            <Coords points="107,330 107,486 1215,486 1215,330"/>
            <TextLine id="tr_1_tl_1" custom="readingOrder {index:0;}">
                <Coords points="100,433 518,473 1212,459 1212,391 1134,367 907,394 530,356 320,367 237,413 100,367"/>
                <Baseline points="107,430 162,431 217,434 273,436 328,431 384,433 439,433 494,433 550,433 605,433 661,433 716,432 771,430 827,433 882,430 938,432 993,432 1048,433 1104,433 1159,434 1215,436"/>
                <Word id="tr_1_tl_1_w1" custom="readingOrder {index:0;}">
                    <Coords points="99,391 99,451 228,451 228,391"/>
                    <TextEquiv>
                        <Unicode>12.</Unicode>
                    </TextEquiv>
                </Word>
                <Word id="tr_1_tl_1_w2" custom="readingOrder {index:1;}">
                    <Coords points="280,393 280,453 879,453 879,393"/>
                    <TextEquiv>
                        <Unicode>Schnitzler's</Unicode>
                    </TextEquiv>
                </Word>
                <Word id="tr_1_tl_1_w3" custom="readingOrder {index:2;}">
                    <Coords points="940,393 940,453 1169,453 1169,393"/>
                    <TextEquiv>
                        <Unicode>Death</Unicode>
                    </TextEquiv>
                </Word>
                <TextEquiv>
                    <Unicode>12. Schnitzler's Death</Unicode>
                </TextEquiv>
            </TextLine>
            <TextEquiv>
                <Unicode></Unicode>
            </TextEquiv>
        </TextRegion>
        <TextRegion orientation="0.0" id="tr_2" custom="readingOrder {index:1;}">
            <Coords points="1400,327 1400,483 1815,483 1815,327"/>
            <TextLine id="tr_2_tl_1" custom="readingOrder {index:0;}">
                <Coords points="1392,441 1537,455 1609,441 1652,460 1694,459 1738,433 1813,446 1813,387 1774,374 1719,390 1622,372 1565,402 1490,378 1450,387 1420,363 1392,370"/>
                <Baseline points="1400,430 1425,430 1451,430 1477,430 1503,430 1529,432 1555,433 1581,433 1607,433 1633,433 1659,433 1685,433 1711,431 1737,430 1763,430 1789,429 1815,427"/>
                <Word id="tr_2_tl_1_w1" custom="readingOrder {index:0;}">
                    <Coords points="1389,390 1389,450 1522,450 1522,390"/>
                    <TextEquiv>
                        <Unicode>box</Unicode>
                    </TextEquiv>
                </Word>
                <Word id="tr_2_tl_1_w2" custom="readingOrder {index:1;}">
                    <Coords points="1602,391 1602,451 1797,451 1797,391"/>
                    <TextEquiv>
                        <Unicode>43/1</Unicode>
                    </TextEquiv>
                </Word>
                <TextEquiv>
                    <Unicode>box 43/1</Unicode>
                </TextEquiv>
            </TextLine>
            <TextEquiv>
                <Unicode></Unicode>
            </TextEquiv>
        </TextRegion>
        <TextRegion orientation="0.0" id="tr_3" custom="readingOrder {index:2;}">
            <Coords points="2009,348 2009,4296 2998,4296 2998,348"/>
            <TextLine id="tr_3_tl_1" custom="readingOrder {index:0;}">
                <Coords points="2235,383 2352,403 2434,380 2560,398 2728,376 2728,315 2523,327 2490,309 2416,334 2235,316"/>
                <Baseline points="2242,370 2267,373 2293,376 2319,376 2345,376 2370,376 2396,376 2422,376 2448,376 2474,375 2499,374 2525,374 2551,376 2577,375 2603,373 2628,373 2654,373 2680,373 2706,373 2732,373"/>
                <Word id="tr_3_tl_1_w1" custom="readingOrder {index:0;}">
                    <Coords points="2241,336 2241,396 2397,396 2397,336"/>
                    <TextEquiv>
                        <Unicode>Arthur</Unicode>
                    </TextEquiv>
                </Word>
                <Word id="tr_3_tl_1_w2" custom="readingOrder {index:1;}">
                    <Coords points="2431,335 2431,395 2653,395 2653,335"/>
                    <TextEquiv>
                        <Unicode>Schnitzler</Unicode>
                    </TextEquiv>
                </Word>
                <TextEquiv>
                    <Unicode>Arthur Schnitzler</Unicode>
                </TextEquiv>
            </TextLine>
            <TextLine id="tr_3_tl_2" custom="readingOrder {index:1;}">
                <Coords points="2056,453 2953,442 2940,363 2746,421 2602,391 2462,428 2268,392 2136,417 2056,384"/>
                <Baseline points="2063,441 2107,438 2152,438 2196,438 2241,438 2286,438 2330,438 2375,438 2420,438 2464,438 2509,438 2554,436 2598,436 2643,436 2688,436 2732,436 2777,436 2822,436 2866,436 2911,436 2956,436"/>
                <Word id="tr_3_tl_2_w1" custom="readingOrder {index:0;}">
                    <Coords points="2059,398 2059,458 2130,458 2130,398"/>
                    <TextEquiv>
                        <Unicode>Der</Unicode>
                    </TextEquiv>
                </Word>
                <Word id="tr_3_tl_2_w2" custom="readingOrder {index:1;}">
                    <Coords points="2164,398 2164,458 2295,458 2295,398"/>
                    <TextEquiv>
                        <Unicode>Wiener</Unicode>
                    </TextEquiv>
                </Word>
                <Word id="tr_3_tl_2_w3" custom="readingOrder {index:2;}">
                    <Coords points="2329,398 2329,458 2414,458 2414,398"/>
                    <TextEquiv>
                        <Unicode>Arzt</Unicode>
                    </TextEquiv>
                </Word>
                <Word id="tr_3_tl_2_w4" custom="readingOrder {index:3;}">
                    <Coords points="2467,398 2467,458 2526,458 2526,398"/>
                    <TextEquiv>
                        <Unicode>und</Unicode>
                    </TextEquiv>
                </Word>
                <Word id="tr_3_tl_2_w5" custom="readingOrder {index:4;}">
                    <Coords points="2579,396 2579,456 2717,456 2717,396"/>
                    <TextEquiv>
                        <Unicode>Dichter</Unicode>
                    </TextEquiv>
                </Word>
                <Word id="tr_3_tl_2_w6" custom="readingOrder {index:5;}">
                    <Coords points="2764,396 2764,456 2948,456 2948,396"/>
                    <TextEquiv>
                        <Unicode>Arthür</Unicode>
                    </TextEquiv>
                </Word>
                <TextEquiv>
                    <Unicode>Der Wiener Arzt und Dichter Arthür</Unicode>
                </TextEquiv>
            </TextLine>
            <TextLine id="tr_3_tl_3" custom="readingOrder {index:2;}">
                <Coords points="2010,500 2951,498 2953,445 2802,474 2011,455"/>
                <Baseline points="2018,492 2064,492 2111,491 2158,489 2205,489 2251,488 2298,486 2345,486 2392,486 2438,484 2485,485 2532,486 2579,484 2625,481 2672,482 2719,483 2766,483 2812,483 2859,483 2906,483 2953,480"/>
                <Word id="tr_3_tl_3_w1" custom="readingOrder {index:0;}">
                    <Coords points="2009,450 2009,510 2246,510 2246,450"/>
                    <TextEquiv>
                        <Unicode>Schnitzler</Unicode>
                    </TextEquiv>
                </Word>
                <Word id="tr_3_tl_3_w2" custom="readingOrder {index:1;}">
                    <Coords points="2279,446 2279,506 2315,506 2315,446"/>
                    <TextEquiv>
                        <Unicode>ist</Unicode>
                    </TextEquiv>
                </Word>
                <Word id="tr_3_tl_3_w3" custom="readingOrder {index:2;}">
                    <Coords points="2348,446 2348,506 2430,506 2430,446"/>
                    <TextEquiv>
                        <Unicode>nicht</Unicode>
                    </TextEquiv>
                </Word>
                <Word id="tr_3_tl_3_w4" custom="readingOrder {index:3;}">
                    <Coords points="2462,445 2462,505 2567,505 2567,445"/>
                    <TextEquiv>
                        <Unicode>mehr.</Unicode>
                    </TextEquiv>
                </Word>
                <Word id="tr_3_tl_3_w5" custom="readingOrder {index:4;}">
                    <Coords points="2614,441 2614,501 2659,501 2659,441"/>
                    <TextEquiv>
                        <Unicode>Er</Unicode>
                    </TextEquiv>
                </Word>
                <Word id="tr_3_tl_3_w6" custom="readingOrder {index:5;}">
                    <Coords points="2696,443 2696,503 2773,503 2773,443"/>
                    <TextEquiv>
                        <Unicode>starb</Unicode>
                    </TextEquiv>
                </Word>
                <Word id="tr_3_tl_3_w7" custom="readingOrder {index:6;}">
                    <Coords points="2834,443 2834,503 2952,503 2952,443"/>
                    <TextEquiv>
                        <Unicode>vorge¬</Unicode>
                    </TextEquiv>
                </Word>
                <TextEquiv>
                    <Unicode>Schnitzler ist nicht mehr. Er starb vorge¬</Unicode>
                </TextEquiv>
            </TextLine>
            <TextLine id="tr_3_tl_4" custom="readingOrder {index:3;}">
                <Coords points="2009,550 2958,550 2958,494 2825,488 2010,512"/>
                <Baseline points="2018,540 2065,537 2112,537 2159,537 2206,534 2254,534 2301,533 2348,531 2395,531 2442,532 2490,534 2537,532 2584,531 2631,533 2678,532 2726,531 2773,531 2820,531 2867,531 2914,531 2962,534"/>
                <Word id="tr_3_tl_4_w1" custom="readingOrder {index:0;}">
                    <Coords points="2008,498 2008,558 2087,558 2087,498"/>
                    <TextEquiv>
                        <Unicode>stern</Unicode>
                    </TextEquiv>
                </Word>
                <Word id="tr_3_tl_4_w2" custom="readingOrder {index:1;}">
                    <Coords points="2125,497 2125,557 2152,557 2152,497"/>
                    <TextEquiv>
                        <Unicode>im</Unicode>
                    </TextEquiv>
                </Word>
                <Word id="tr_3_tl_4_w3" custom="readingOrder {index:2;}">
                    <Coords points="2199,494 2199,554 2293,554 2293,494"/>
                    <TextEquiv>
                        <Unicode>Alter</Unicode>
                    </TextEquiv>
                </Word>
                <Word id="tr_3_tl_4_w4" custom="readingOrder {index:3;}">
                    <Coords points="2321,491 2321,551 2377,551 2377,491"/>
                    <TextEquiv>
                        <Unicode>von</Unicode>
                    </TextEquiv>
                </Word>
                <Word id="tr_3_tl_4_w5" custom="readingOrder {index:4;}">
                    <Coords points="2415,492 2415,552 2470,552 2470,492"/>
                    <TextEquiv>
                        <Unicode>69½</Unicode>
                    </TextEquiv>
                </Word>
                <Word id="tr_3_tl_4_w6" custom="readingOrder {index:5;}">
                    <Coords points="2518,491 2518,551 2667,551 2667,491"/>
                    <TextEquiv>
                        <Unicode>Jahren.</Unicode>
                    </TextEquiv>
                </Word>
                <Word id="tr_3_tl_4_w7" custom="readingOrder {index:6;}">
                    <Coords points="2709,491 2709,551 2887,551 2887,491"/>
                    <TextEquiv>
                        <Unicode>Schnitzler</Unicode>
                    </TextEquiv>
                </Word>
                <Word id="tr_3_tl_4_w8" custom="readingOrder {index:7;}">
                    <Coords points="2916,492 2916,552 2952,552 2952,492"/>
                    <TextEquiv>
                        <Unicode>ist</Unicode>
                    </TextEquiv>
                </Word>
                <TextEquiv>
                    <Unicode>stern im Alter von 69½ Jahren. Schnitzler ist</Unicode>
                </TextEquiv>
            </TextLine>
            <TextLine id="tr_3_tl_5" custom="readingOrder {index:4;}">
                <Coords points="2013,595 2958,592 2958,549 2900,539 2671,573 2513,539 2013,552"/>
                <Baseline points="2021,585 2068,585 2115,585 2162,582 2209,581 2256,580 2303,582 2350,581 2397,580 2444,581 2491,580 2538,580 2585,579 2632,581 2679,582 2726,580 2773,581 2820,582 2867,582 2914,579 2962,582"/>
                <Word id="tr_3_tl_5_w1" custom="readingOrder {index:0;}">
                    <Coords points="2011,545 2011,605 2099,605 2099,545"/>
                    <TextEquiv>
                        <Unicode>durch</Unicode>
                    </TextEquiv>
                </Word>
                <Word id="tr_3_tl_5_w2" custom="readingOrder {index:1;}">
                    <Coords points="2136,542 2136,602 2184,602 2184,542"/>
                    <TextEquiv>
                        <Unicode>die</Unicode>
                    </TextEquiv>
                </Word>
                <Word id="tr_3_tl_5_w3" custom="readingOrder {index:2;}">
                    <Coords points="2216,541 2216,601 2357,601 2357,541"/>
                    <TextEquiv>
                        <Unicode>Medizin</Unicode>
                    </TextEquiv>
                </Word>
                <Word id="tr_3_tl_5_w4" custom="readingOrder {index:3;}">
                    <Coords points="2403,540 2403,600 2455,600 2455,540"/>
                    <TextEquiv>
                        <Unicode>zum</Unicode>
                    </TextEquiv>
                </Word>
                <Word id="tr_3_tl_5_w5" custom="readingOrder {index:4;}">
                    <Coords points="2505,539 2505,599 2633,599 2633,539"/>
                    <TextEquiv>
                        <Unicode>Dichter</Unicode>
                    </TextEquiv>
                </Word>
                <Word id="tr_3_tl_5_w6" custom="readingOrder {index:5;}">
                    <Coords points="2687,541 2687,601 2878,601 2878,541"/>
                    <TextEquiv>
                        <Unicode>geworden,</Unicode>
                    </TextEquiv>
                </Word>
                <Word id="tr_3_tl_5_w7" custom="readingOrder {index:6;}">
                    <Coords points="2909,540 2909,600 2953,600 2953,540"/>
                    <TextEquiv>
                        <Unicode>die</Unicode>
                    </TextEquiv>
                </Word>
                <TextEquiv>
                    <Unicode>durch die Medizin zum Dichter geworden, die</Unicode>
                </TextEquiv>
            </TextLine>
            <TextLine id="tr_3_tl_6" custom="readingOrder {index:5;}">
                <Coords points="2017,640 2953,635 2953,602 2899,588 2017,595"/>
                <Baseline points="2024,630 2070,630 2117,630 2163,630 2210,629 2257,628 2303,629 2350,626 2396,627 2443,630 2490,628 2536,627 2583,627 2629,625 2676,624 2723,626 2769,627 2816,627 2862,627 2909,627 2956,624"/>
                <Word id="tr_3_tl_6_w1" custom="readingOrder {index:0;}">
                    <Coords points="2011,590 2011,650 2068,650 2068,590"/>
                    <TextEquiv>
                        <Unicode>sein</Unicode>
                    </TextEquiv>
                </Word>
                <Word id="tr_3_tl_6_w2" custom="readingOrder {index:1;}">
                    <Coords points="2108,588 2108,648 2351,648 2351,588"/>
                    <TextEquiv>
                        <Unicode>Familienerbe</Unicode>
                    </TextEquiv>
                </Word>
                <Word id="tr_3_tl_6_w3" custom="readingOrder {index:2;}">
                    <Coords points="2387,589 2387,649 2470,649 2470,589"/>
                    <TextEquiv>
                        <Unicode>war.</Unicode>
                    </TextEquiv>
                </Word>
                <Word id="tr_3_tl_6_w4" custom="readingOrder {index:3;}">
                    <Coords points="2515,587 2515,647 2594,647 2594,587"/>
                    <TextEquiv>
                        <Unicode>Sein</Unicode>
                    </TextEquiv>
                </Word>
                <Word id="tr_3_tl_6_w5" custom="readingOrder {index:4;}">
                    <Coords points="2639,584 2639,644 2758,644 2758,584"/>
                    <TextEquiv>
                        <Unicode>Vater,</Unicode>
                    </TextEquiv>
                </Word>
                <Word id="tr_3_tl_6_w6" custom="readingOrder {index:5;}">
                    <Coords points="2790,587 2790,647 2855,647 2855,587"/>
                    <TextEquiv>
                        <Unicode>Dr.</Unicode>
                    </TextEquiv>
                </Word>
                <Word id="tr_3_tl_6_w7" custom="readingOrder {index:6;}">
                    <Coords points="2887,586 2887,646 2948,646 2948,586"/>
                    <TextEquiv>
                        <Unicode>Jo¬</Unicode>
                    </TextEquiv>
                </Word>
                <TextEquiv>
                    <Unicode>sein Familienerbe war. Sein Vater, Dr. Jo¬</Unicode>
                </TextEquiv>
            </TextLine>
            <TextLine id="tr_3_tl_7" custom="readingOrder {index:6;}">
                <Coords points="2010,688 2955,674 2922,636 2010,639"/>
                <Baseline points="2018,677 2065,677 2112,677 2159,677 2206,677 2253,676 2300,673 2347,672 2394,674 2441,674 2488,674 2535,672 2582,671 2629,671 2676,669 2723,670 2770,671 2817,671 2864,671 2911,671 2959,671"/>
                <Word id="tr_3_tl_7_w1" custom="readingOrder {index:0;}">
                    <Coords points="2008,637 2008,697 2089,697 2089,637"/>
                    <TextEquiv>
                        <Unicode>hann</Unicode>
                    </TextEquiv>
                </Word>
                <Word id="tr_3_tl_7_w2" custom="readingOrder {index:1;}">
                    <Coords points="2128,636 2128,696 2300,696 2300,636"/>
                    <TextEquiv>
                        <Unicode>Schnitzler</Unicode>
                    </TextEquiv>
                </Word>
                <Word id="tr_3_tl_7_w3" custom="readingOrder {index:2;}">
                    <Coords points="2335,634 2335,694 2468,694 2468,634"/>
                    <TextEquiv>
                        <Unicode>dozierte</Unicode>
                    </TextEquiv>
                </Word>
                <Word id="tr_3_tl_7_w4" custom="readingOrder {index:3;}">
                    <Coords points="2499,632 2499,692 2533,692 2533,632"/>
                    <TextEquiv>
                        <Unicode>an</Unicode>
                    </TextEquiv>
                </Word>
                <Word id="tr_3_tl_7_w5" custom="readingOrder {index:4;}">
                    <Coords points="2568,631 2568,691 2619,691 2619,631"/>
                    <TextEquiv>
                        <Unicode>der</Unicode>
                    </TextEquiv>
                </Word>
                <Word id="tr_3_tl_7_w6" custom="readingOrder {index:5;}">
                    <Coords points="2654,629 2654,689 2783,689 2783,629"/>
                    <TextEquiv>
                        <Unicode>Wiener</Unicode>
                    </TextEquiv>
                </Word>
                <Word id="tr_3_tl_7_w7" custom="readingOrder {index:6;}">
                    <Coords points="2813,631 2813,691 2955,691 2955,631"/>
                    <TextEquiv>
                        <Unicode>Univer¬</Unicode>
                    </TextEquiv>
                </Word>
                <TextEquiv>
                    <Unicode>hann Schnitzler dozierte an der Wiener Univer¬</Unicode>
                </TextEquiv>
            </TextLine>
            <TextLine id="tr_3_tl_8" custom="readingOrder {index:7;}">
                <Coords points="2010,740 2961,728 2961,693 2878,681 2010,688"/>
                <Baseline points="2018,722 2065,725 2112,722 2160,725 2207,722 2254,722 2302,722 2349,721 2396,720 2444,721 2491,719 2538,719 2586,719 2633,719 2680,719 2728,719 2775,719 2822,719 2870,719 2917,719 2965,716"/>
                <Word id="tr_3_tl_8_w1" custom="readingOrder {index:0;}">
                    <Coords points="2008,683 2008,743 2088,743 2088,683"/>
                    <TextEquiv>
                        <Unicode>sität</Unicode>
                    </TextEquiv>
                </Word>
                <Word id="tr_3_tl_8_w2" custom="readingOrder {index:1;}">
                    <Coords points="2119,684 2119,744 2194,744 2194,684"/>
                    <TextEquiv>
                        <Unicode>über</Unicode>
                    </TextEquiv>
                </Word>
                <Word id="tr_3_tl_8_w3" custom="readingOrder {index:2;}">
                    <Coords points="2230,680 2230,740 2469,740 2469,680"/>
                    <TextEquiv>
                        <Unicode>Laryngologie</Unicode>
                    </TextEquiv>
                </Word>
                <Word id="tr_3_tl_8_w4" custom="readingOrder {index:3;}">
                    <Coords points="2501,679 2501,739 2562,739 2562,679"/>
                    <TextEquiv>
                        <Unicode>und</Unicode>
                    </TextEquiv>
                </Word>
                <Word id="tr_3_tl_8_w5" custom="readingOrder {index:4;}">
                    <Coords points="2598,679 2598,739 2682,739 2682,679"/>
                    <TextEquiv>
                        <Unicode>hatte</Unicode>
                    </TextEquiv>
                </Word>
                <Word id="tr_3_tl_8_w6" custom="readingOrder {index:5;}">
                    <Coords points="2718,679 2718,739 2801,739 2801,679"/>
                    <TextEquiv>
                        <Unicode>viele</Unicode>
                    </TextEquiv>
                </Word>
                <Word id="tr_3_tl_8_w7" custom="readingOrder {index:6;}">
                    <Coords points="2837,679 2837,739 2957,739 2957,679"/>
                    <TextEquiv>
                        <Unicode>Schau¬</Unicode>
                    </TextEquiv>
                </Word>
                <TextEquiv>
                    <Unicode>sität über Laryngologie und hatte viele Schau¬</Unicode>
                </TextEquiv>
            </TextLine>
            <TextLine id="tr_3_tl_9" custom="readingOrder {index:8;}">
                <Coords points="2013,779 2958,774 2939,729 2013,740"/>
                <Baseline points="2021,776 2068,773 2115,770 2162,770 2209,770 2256,769 2303,768 2350,769 2397,768 2444,769 2491,767 2538,767 2585,767 2632,767 2679,767 2726,767 2773,765 2820,766 2867,767 2914,767 2962,767"/>
                <Word id="tr_3_tl_9_w1" custom="readingOrder {index:0;}">
                    <Coords points="2011,732 2011,792 2126,792 2126,732"/>
                    <TextEquiv>
                        <Unicode>spieler</Unicode>
                    </TextEquiv>
                </Word>
                <Word id="tr_3_tl_9_w2" custom="readingOrder {index:1;}">
                    <Coords points="2165,730 2165,790 2225,790 2225,730"/>
                    <TextEquiv>
                        <Unicode>und</Unicode>
                    </TextEquiv>
                </Word>
                <Word id="tr_3_tl_9_w3" custom="readingOrder {index:2;}">
                    <Coords points="2255,728 2255,788 2388,788 2388,728"/>
                    <TextEquiv>
                        <Unicode>Sänger</Unicode>
                    </TextEquiv>
                </Word>
                <Word id="tr_3_tl_9_w4" custom="readingOrder {index:3;}">
                    <Coords points="2418,728 2418,788 2448,788 2448,728"/>
                    <TextEquiv>
                        <Unicode>zu</Unicode>
                    </TextEquiv>
                </Word>
                <Word id="tr_3_tl_9_w5" custom="readingOrder {index:4;}">
                    <Coords points="2487,727 2487,787 2680,787 2680,727"/>
                    <TextEquiv>
                        <Unicode>Patienten.</Unicode>
                    </TextEquiv>
                </Word>
                <Word id="tr_3_tl_9_w6" custom="readingOrder {index:5;}">
                    <Coords points="2719,726 2719,786 2769,786 2769,726"/>
                    <TextEquiv>
                        <Unicode>So</Unicode>
                    </TextEquiv>
                </Word>
                <Word id="tr_3_tl_9_w7" custom="readingOrder {index:6;}">
                    <Coords points="2804,726 2804,786 2855,786 2855,726"/>
                    <TextEquiv>
                        <Unicode>kam</Unicode>
                    </TextEquiv>
                </Word>
                <Word id="tr_3_tl_9_w8" custom="readingOrder {index:7;}">
                    <Coords points="2903,727 2903,787 2954,787 2954,727"/>
                    <TextEquiv>
                        <Unicode>der</Unicode>
                    </TextEquiv>
                </Word>
                <TextEquiv>
                    <Unicode>spieler und Sänger zu Patienten. So kam der</Unicode>
                </TextEquiv>
            </TextLine>
            <TextLine id="tr_3_tl_10" custom="readingOrder {index:9;}">
                <Coords points="2010,825 2965,830 2965,780 2883,775 2010,794"/>
                <Baseline points="2018,818 2065,818 2113,818 2160,815 2208,815 2255,815 2303,815 2350,815 2398,814 2445,812 2493,813 2540,814 2588,814 2635,815 2683,815 2730,815 2778,815 2825,815 2873,815 2920,815 2968,815"/>
                <Word id="tr_3_tl_10_w1" custom="readingOrder {index:0;}">
                    <Coords points="2008,778 2008,838 2100,838 2100,778"/>
                    <TextEquiv>
                        <Unicode>Sohn</Unicode>
                    </TextEquiv>
                </Word>
                <Word id="tr_3_tl_10_w2" custom="readingOrder {index:1;}">
                    <Coords points="2140,775 2140,835 2197,835 2197,775"/>
                    <TextEquiv>
                        <Unicode>von</Unicode>
                    </TextEquiv>
                </Word>
                <Word id="tr_3_tl_10_w3" custom="readingOrder {index:2;}">
                    <Coords points="2233,775 2233,835 2453,835 2453,775"/>
                    <TextEquiv>
                        <Unicode>Kindsbeinen</Unicode>
                    </TextEquiv>
                </Word>
                <Word id="tr_3_tl_10_w4" custom="readingOrder {index:3;}">
                    <Coords points="2489,773 2489,833 2524,833 2524,773"/>
                    <TextEquiv>
                        <Unicode>an</Unicode>
                    </TextEquiv>
                </Word>
                <Word id="tr_3_tl_10_w5" custom="readingOrder {index:4;}">
                    <Coords points="2564,774 2564,834 2621,834 2621,774"/>
                    <TextEquiv>
                        <Unicode>mit</Unicode>
                    </TextEquiv>
                </Word>
                <Word id="tr_3_tl_10_w6" custom="readingOrder {index:5;}">
                    <Coords points="2652,775 2652,835 2780,835 2780,775"/>
                    <TextEquiv>
                        <Unicode>beiden,</Unicode>
                    </TextEquiv>
                </Word>
                <Word id="tr_3_tl_10_w7" custom="readingOrder {index:6;}">
                    <Coords points="2807,775 2807,835 2947,835 2947,775"/>
                    <TextEquiv>
                        <Unicode>Medizin</Unicode>
                    </TextEquiv>
                </Word>
                <TextEquiv>
                    <Unicode>Sohn von Kindsbeinen an mit beiden, Medizin</Unicode>
                </TextEquiv>
            </TextLine>
            <TextLine id="tr_3_tl_11" custom="readingOrder {index:10;}">
                <Coords points="2017,875 2968,880 2933,823 2017,837"/>
                <Baseline points="2024,863 2071,866 2118,866 2166,866 2213,865 2260,863 2308,863 2355,863 2402,863 2450,861 2497,860 2544,860 2592,860 2639,860 2686,860 2734,863 2781,860 2828,860 2876,860 2923,860 2971,863"/>
                <Word id="tr_3_tl_11_w1" custom="readingOrder {index:0;}">
                    <Coords points="2011,824 2011,884 2072,884 2072,824"/>
                    <TextEquiv>
                        <Unicode>und</Unicode>
                    </TextEquiv>
                </Word>
                <Word id="tr_3_tl_11_w2" custom="readingOrder {index:1;}">
                    <Coords points="2104,826 2104,886 2223,886 2223,826"/>
                    <TextEquiv>
                        <Unicode>Kunst,</Unicode>
                    </TextEquiv>
                </Word>
                <Word id="tr_3_tl_11_w3" custom="readingOrder {index:2;}">
                    <Coords points="2250,823 2250,883 2276,883 2276,823"/>
                    <TextEquiv>
                        <Unicode>in</Unicode>
                    </TextEquiv>
                </Word>
                <Word id="tr_3_tl_11_w4" custom="readingOrder {index:3;}">
                    <Coords points="2312,822 2312,882 2511,882 2511,822"/>
                    <TextEquiv>
                        <Unicode>Gerührung</Unicode>
                    </TextEquiv>
                </Word>
                <Word id="tr_3_tl_11_w5" custom="readingOrder {index:4;}">
                    <Coords points="2552,820 2552,880 2609,880 2609,820"/>
                    <TextEquiv>
                        <Unicode>und</Unicode>
                    </TextEquiv>
                </Word>
                <Word id="tr_3_tl_11_w6" custom="readingOrder {index:5;}">
                    <Coords points="2649,820 2649,880 2702,880 2702,820"/>
                    <TextEquiv>
                        <Unicode>das</Unicode>
                    </TextEquiv>
                </Word>
                <Word id="tr_3_tl_11_w7" custom="readingOrder {index:6;}">
                    <Coords points="2742,820 2742,880 2852,880 2852,820"/>
                    <TextEquiv>
                        <Unicode>wurde</Unicode>
                    </TextEquiv>
                </Word>
                <Word id="tr_3_tl_11_w8" custom="readingOrder {index:7;}">
                    <Coords points="2888,820 2888,880 2950,880 2950,820"/>
                    <TextEquiv>
                        <Unicode>sein</Unicode>
                    </TextEquiv>
                </Word>
                <TextEquiv>
                    <Unicode>und Kunst, in Gerührung und das wurde sein</Unicode>
                </TextEquiv>
            </TextLine>
            <TextLine id="tr_3_tl_12" custom="readingOrder {index:11;}">
                <Coords points="2018,926 2960,926 2961,879 2918,871 2020,873"/>
                <Baseline points="2027,910 2073,913 2120,913 2167,910 2214,910 2261,910 2308,910 2355,909 2402,907 2449,907 2496,907 2542,907 2589,907 2636,907 2683,907 2730,907 2777,909 2824,908 2871,907 2918,910 2965,913"/>
                <Word id="tr_3_tl_12_w1" custom="readingOrder {index:0;}">
                    <Coords points="2017,873 2017,933 2180,933 2180,873"/>
                    <TextEquiv>
                        <Unicode>Schicksal.</Unicode>
                    </TextEquiv>
                </Word>
                <Word id="tr_3_tl_12_w2" custom="readingOrder {index:1;}">
                    <Coords points="2224,870 2224,930 2273,930 2273,870"/>
                    <TextEquiv>
                        <Unicode>Er</Unicode>
                    </TextEquiv>
                </Word>
                <Word id="tr_3_tl_12_w3" custom="readingOrder {index:2;}">
                    <Coords points="2309,867 2309,927 2456,927 2456,867"/>
                    <TextEquiv>
                        <Unicode>studlerte</Unicode>
                    </TextEquiv>
                </Word>
                <Word id="tr_3_tl_12_w4" custom="readingOrder {index:3;}">
                    <Coords points="2496,867 2496,927 2520,927 2520,867"/>
                    <TextEquiv>
                        <Unicode>in</Unicode>
                    </TextEquiv>
                </Word>
                <Word id="tr_3_tl_12_w5" custom="readingOrder {index:4;}">
                    <Coords points="2561,867 2561,927 2653,927 2653,867"/>
                    <TextEquiv>
                        <Unicode>Wien</Unicode>
                    </TextEquiv>
                </Word>
                <Word id="tr_3_tl_12_w6" custom="readingOrder {index:5;}">
                    <Coords points="2693,867 2693,927 2743,927 2743,867"/>
                    <TextEquiv>
                        <Unicode>die</Unicode>
                    </TextEquiv>
                </Word>
                <Word id="tr_3_tl_12_w7" custom="readingOrder {index:6;}">
                    <Coords points="2797,867 2797,927 2964,927 2964,867"/>
                    <TextEquiv>
                        <Unicode>Medizin,</Unicode>
                    </TextEquiv>
                </Word>
                <TextEquiv>
                    <Unicode>Schicksal. Er studlerte in Wien die Medizin,</Unicode>
                </TextEquiv>
            </TextLine>
            <TextLine id="tr_3_tl_13" custom="readingOrder {index:12;}">
                <Coords points="2013,966 2965,972 2967,932 2014,919"/>
                <Baseline points="2021,961 2068,958 2115,958 2163,958 2210,958 2257,958 2305,955 2352,955 2399,955 2447,955 2494,955 2541,955 2589,957 2636,956 2683,955 2731,957 2778,956 2825,955 2873,955 2920,955 2968,955"/>
                <Word id="tr_3_tl_13_w1" custom="readingOrder {index:0;}">
                    <Coords points="2012,918 2012,978 2235,978 2235,918"/>
                    <TextEquiv>
                        <Unicode>promovierte</Unicode>
                    </TextEquiv>
                </Word>
                <Word id="tr_3_tl_13_w2" custom="readingOrder {index:1;}">
                    <Coords points="2263,915 2263,975 2351,975 2351,915"/>
                    <TextEquiv>
                        <Unicode>1885,</Unicode>
                    </TextEquiv>
                </Word>
                <Word id="tr_3_tl_13_w3" custom="readingOrder {index:2;}">
                    <Coords points="2375,915 2375,975 2482,975 2482,915"/>
                    <TextEquiv>
                        <Unicode>wurde</Unicode>
                    </TextEquiv>
                </Word>
                <Word id="tr_3_tl_13_w4" custom="readingOrder {index:3;}">
                    <Coords points="2515,915 2515,975 2575,975 2575,915"/>
                    <TextEquiv>
                        <Unicode>acht</Unicode>
                    </TextEquiv>
                </Word>
                <Word id="tr_3_tl_13_w5" custom="readingOrder {index:4;}">
                    <Coords points="2604,915 2604,975 2710,975 2710,915"/>
                    <TextEquiv>
                        <Unicode>Jahre</Unicode>
                    </TextEquiv>
                </Word>
                <Word id="tr_3_tl_13_w6" custom="readingOrder {index:5;}">
                    <Coords points="2743,915 2743,975 2845,975 2845,915"/>
                    <TextEquiv>
                        <Unicode>später</Unicode>
                    </TextEquiv>
                </Word>
                <Word id="tr_3_tl_13_w7" custom="readingOrder {index:6;}">
                    <Coords points="2874,915 2874,975 2957,975 2957,915"/>
                    <TextEquiv>
                        <Unicode>Assi¬</Unicode>
                    </TextEquiv>
                </Word>
                <TextEquiv>
                    <Unicode>promovierte 1885, wurde acht Jahre später Assi¬</Unicode>
                </TextEquiv>
            </TextLine>
            <TextLine id="tr_3_tl_14" custom="readingOrder {index:13;}">
                <Coords points="2010,1018 2961,1019 2932,965 2010,970"/>
                <Baseline points="2018,1009 2065,1006 2112,1006 2160,1006 2207,1006 2254,1006 2302,1006 2349,1006 2396,1006 2444,1006 2491,1006 2538,1006 2586,1006 2633,1004 2680,1003 2728,1003 2775,1003 2822,1003 2870,1006 2917,1003 2965,1003"/>
                <Word id="tr_3_tl_14_w1" custom="readingOrder {index:0;}">
                    <Coords points="2009,966 2009,1026 2090,1026 2090,966"/>
                    <TextEquiv>
                        <Unicode>stent</Unicode>
                    </TextEquiv>
                </Word>
                <Word id="tr_3_tl_14_w2" custom="readingOrder {index:1;}">
                    <Coords points="2119,966 2119,1026 2219,1026 2219,966"/>
                    <TextEquiv>
                        <Unicode>seines</Unicode>
                    </TextEquiv>
                </Word>
                <Word id="tr_3_tl_14_w3" custom="readingOrder {index:2;}">
                    <Coords points="2253,966 2253,1026 2372,1026 2372,966"/>
                    <TextEquiv>
                        <Unicode>Vaters</Unicode>
                    </TextEquiv>
                </Word>
                <Word id="tr_3_tl_14_w4" custom="readingOrder {index:3;}">
                    <Coords points="2406,966 2406,1026 2467,1026 2467,966"/>
                    <TextEquiv>
                        <Unicode>und</Unicode>
                    </TextEquiv>
                </Word>
                <Word id="tr_3_tl_14_w5" custom="readingOrder {index:4;}">
                    <Coords points="2497,966 2497,1026 2568,1026 2568,966"/>
                    <TextEquiv>
                        <Unicode>ging</Unicode>
                    </TextEquiv>
                </Word>
                <Word id="tr_3_tl_14_w6" custom="readingOrder {index:5;}">
                    <Coords points="2602,963 2602,1023 2682,1023 2682,963"/>
                    <TextEquiv>
                        <Unicode>dann</Unicode>
                    </TextEquiv>
                </Word>
                <Word id="tr_3_tl_14_w7" custom="readingOrder {index:6;}">
                    <Coords points="2717,963 2717,1023 2745,1023 2745,963"/>
                    <TextEquiv>
                        <Unicode>in</Unicode>
                    </TextEquiv>
                </Word>
                <Word id="tr_3_tl_14_w8" custom="readingOrder {index:7;}">
                    <Coords points="2779,963 2779,1023 2831,1023 2831,963"/>
                    <TextEquiv>
                        <Unicode>den</Unicode>
                    </TextEquiv>
                </Word>
                <Word id="tr_3_tl_14_w9" custom="readingOrder {index:8;}">
                    <Coords points="2870,963 2870,1023 2955,1023 2955,963"/>
                    <TextEquiv>
                        <Unicode>mili¬</Unicode>
                    </TextEquiv>
                </Word>
                <TextEquiv>
                    <Unicode>stent seines Vaters und ging dann in den mili¬</Unicode>
                </TextEquiv>
            </TextLine>
            <TextLine id="tr_3_tl_15" custom="readingOrder {index:14;}">
                <Coords points="2013,1060 2961,1069 2961,1020 2842,1013 2013,1019"/>
                <Baseline points="2021,1057 2068,1054 2115,1057 2162,1054 2209,1054 2257,1054 2304,1054 2351,1054 2398,1054 2445,1054 2493,1054 2540,1054 2587,1054 2634,1052 2681,1053 2729,1054 2776,1054 2823,1054 2870,1054 2917,1054 2965,1054"/>
                <Word id="tr_3_tl_15_w1" custom="readingOrder {index:0;}">
                    <Coords points="2007,1016 2007,1076 2233,1076 2233,1016"/>
                    <TextEquiv>
                        <Unicode>tärärztlichen</Unicode>
                    </TextEquiv>
                </Word>
                <Word id="tr_3_tl_15_w2" custom="readingOrder {index:1;}">
                    <Coords points="2273,1014 2273,1074 2390,1074 2390,1014"/>
                    <TextEquiv>
                        <Unicode>Dienst</Unicode>
                    </TextEquiv>
                </Word>
                <Word id="tr_3_tl_15_w3" custom="readingOrder {index:2;}">
                    <Coords points="2420,1014 2420,1074 2488,1074 2488,1014"/>
                    <TextEquiv>
                        <Unicode>ein.</Unicode>
                    </TextEquiv>
                </Word>
                <Word id="tr_3_tl_15_w4" custom="readingOrder {index:3;}">
                    <Coords points="2533,1014 2533,1074 2636,1074 2636,1014"/>
                    <TextEquiv>
                        <Unicode>Allein</Unicode>
                    </TextEquiv>
                </Word>
                <Word id="tr_3_tl_15_w5" custom="readingOrder {index:4;}">
                    <Coords points="2676,1013 2676,1073 2724,1073 2724,1013"/>
                    <TextEquiv>
                        <Unicode>die</Unicode>
                    </TextEquiv>
                </Word>
                <Word id="tr_3_tl_15_w6" custom="readingOrder {index:5;}">
                    <Coords points="2754,1014 2754,1074 2857,1074 2857,1014"/>
                    <TextEquiv>
                        <Unicode>Kunst</Unicode>
                    </TextEquiv>
                </Word>
                <Word id="tr_3_tl_15_w7" custom="readingOrder {index:6;}">
                    <Coords points="2887,1014 2887,1074 2955,1074 2955,1014"/>
                    <TextEquiv>
                        <Unicode>zer¬</Unicode>
                    </TextEquiv>
                </Word>
                <TextEquiv>
                    <Unicode>tärärztlichen Dienst ein. Allein die Kunst zer¬</Unicode>
                </TextEquiv>
            </TextLine>
            <TextLine id="tr_3_tl_16" custom="readingOrder {index:15;}">
                <Coords points="2010,1117 2968,1110 2968,1067 2908,1060 2010,1066"/>
                <Baseline points="2018,1104 2065,1103 2113,1107 2160,1104 2208,1104 2256,1104 2303,1104 2351,1104 2399,1104 2446,1104 2494,1104 2542,1103 2589,1101 2637,1101 2685,1101 2732,1101 2780,1101 2828,1101 2875,1101 2923,1101 2971,1101"/>
                <Word id="tr_3_tl_16_w1" custom="readingOrder {index:0;}">
                    <Coords points="2009,1063 2009,1123 2102,1123 2102,1063"/>
                    <TextEquiv>
                        <Unicode>störte</Unicode>
                    </TextEquiv>
                </Word>
                <Word id="tr_3_tl_16_w2" custom="readingOrder {index:1;}">
                    <Coords points="2132,1064 2132,1124 2211,1124 2211,1064"/>
                    <TextEquiv>
                        <Unicode>diese</Unicode>
                    </TextEquiv>
                </Word>
                <Word id="tr_3_tl_16_w3" custom="readingOrder {index:2;}">
                    <Coords points="2241,1064 2241,1124 2414,1124 2414,1064"/>
                    <TextEquiv>
                        <Unicode>Karriere.</Unicode>
                    </TextEquiv>
                </Word>
                <Word id="tr_3_tl_16_w4" custom="readingOrder {index:3;}">
                    <Coords points="2454,1062 2454,1122 2631,1122 2631,1062"/>
                    <TextEquiv>
                        <Unicode>Schnitzler</Unicode>
                    </TextEquiv>
                </Word>
                <Word id="tr_3_tl_16_w5" custom="readingOrder {index:4;}">
                    <Coords points="2661,1061 2661,1121 2769,1121 2769,1061"/>
                    <TextEquiv>
                        <Unicode>mußte</Unicode>
                    </TextEquiv>
                </Word>
                <Word id="tr_3_tl_16_w6" custom="readingOrder {index:5;}">
                    <Coords points="2800,1061 2800,1121 2868,1121 2868,1061"/>
                    <TextEquiv>
                        <Unicode>nach</Unicode>
                    </TextEquiv>
                </Word>
                <Word id="tr_3_tl_16_w7" custom="readingOrder {index:6;}">
                    <Coords points="2903,1061 2903,1121 2957,1121 2957,1061"/>
                    <TextEquiv>
                        <Unicode>der</Unicode>
                    </TextEquiv>
                </Word>
                <TextEquiv>
                    <Unicode>störte diese Karriere. Schnitzler mußte nach der</Unicode>
                </TextEquiv>
            </TextLine>
            <TextLine id="tr_3_tl_17" custom="readingOrder {index:16;}">
                <Coords points="2007,1166 2965,1167 2965,1110 2007,1119"/>
                <Baseline points="2015,1149 2062,1152 2110,1152 2157,1152 2205,1155 2253,1155 2300,1155 2348,1155 2396,1155 2443,1155 2491,1155 2539,1153 2586,1152 2634,1152 2682,1149 2729,1149 2777,1149 2825,1152 2872,1152 2920,1151 2968,1149"/>
                <Word id="tr_3_tl_17_w1" custom="readingOrder {index:0;}">
                    <Coords points="2007,1112 2007,1172 2308,1172 2308,1112"/>
                    <TextEquiv>
                        <Unicode>Veröffentlichung</Unicode>
                    </TextEquiv>
                </Word>
                <Word id="tr_3_tl_17_w2" custom="readingOrder {index:1;}">
                    <Coords points="2354,1115 2354,1175 2459,1175 2459,1115"/>
                    <TextEquiv>
                        <Unicode>seines</Unicode>
                    </TextEquiv>
                </Word>
                <Word id="tr_3_tl_17_w3" custom="readingOrder {index:2;}">
                    <Coords points="2501,1112 2501,1172 2681,1172 2681,1112"/>
                    <TextEquiv>
                        <Unicode>„Leutnant</Unicode>
                    </TextEquiv>
                </Word>
                <Word id="tr_3_tl_17_w4" custom="readingOrder {index:3;}">
                    <Coords points="2722,1109 2722,1169 2837,1169 2837,1109"/>
                    <TextEquiv>
                        <Unicode>Gustl“</Unicode>
                    </TextEquiv>
                </Word>
                <Word id="tr_3_tl_17_w5" custom="readingOrder {index:4;}">
                    <Coords points="2873,1111 2873,1171 2958,1171 2958,1111"/>
                    <TextEquiv>
                        <Unicode>quit¬</Unicode>
                    </TextEquiv>
                </Word>
                <TextEquiv>
                    <Unicode>Veröffentlichung seines „Leutnant Gustl“ quit¬</Unicode>
                </TextEquiv>
            </TextLine>
            <TextLine id="tr_3_tl_18" custom="readingOrder {index:17;}">
                <Coords points="2005,1223 2020,1217 2032,1227 2041,1220 2059,1228 2113,1209 2150,1217 2150,1167 2138,1163 2113,1174 2102,1169 2089,1174 2067,1164 2056,1170 2035,1160 2028,1166 2005,1163"/>
                <Baseline points="2012,1203 2040,1203 2068,1203 2096,1203 2124,1203 2153,1203"/>
                <Word id="tr_3_tl_18_w1" custom="readingOrder {index:0;}">
                    <Coords points="2006,1163 2006,1223 2141,1223 2141,1163"/>
                    <TextEquiv>
                        <Unicode>tieren!</Unicode>
                    </TextEquiv>
                </Word>
                <TextEquiv>
                    <Unicode>tieren!</Unicode>
                </TextEquiv>
            </TextLine>
            <TextLine id="tr_3_tl_19" custom="readingOrder {index:18;}">
                <Coords points="2059,1260 2965,1267 2965,1220 2904,1206 2059,1225"/>
                <Baseline points="2066,1257 2111,1254 2156,1254 2201,1260 2246,1260 2291,1257 2336,1257 2381,1257 2426,1257 2471,1254 2517,1257 2562,1257 2607,1254 2652,1257 2697,1257 2742,1257 2787,1257 2832,1257 2877,1260 2922,1257 2968,1257"/>
                <Word id="tr_3_tl_19_w1" custom="readingOrder {index:0;}">
                    <Coords points="2063,1214 2063,1274 2136,1274 2136,1214"/>
                    <TextEquiv>
                        <Unicode>Der</Unicode>
                    </TextEquiv>
                </Word>
                <Word id="tr_3_tl_19_w2" custom="readingOrder {index:1;}">
                    <Coords points="2171,1220 2171,1280 2269,1280 2269,1220"/>
                    <TextEquiv>
                        <Unicode>junge</Unicode>
                    </TextEquiv>
                </Word>
                <Word id="tr_3_tl_19_w3" custom="readingOrder {index:2;}">
                    <Coords points="2304,1217 2304,1277 2437,1277 2437,1217"/>
                    <TextEquiv>
                        <Unicode>Wiener</Unicode>
                    </TextEquiv>
                </Word>
                <Word id="tr_3_tl_19_w4" custom="readingOrder {index:3;}">
                    <Coords points="2472,1216 2472,1276 2555,1276 2555,1216"/>
                    <TextEquiv>
                        <Unicode>Arzt</Unicode>
                    </TextEquiv>
                </Word>
                <Word id="tr_3_tl_19_w5" custom="readingOrder {index:4;}">
                    <Coords points="2585,1216 2585,1276 2698,1276 2698,1216"/>
                    <TextEquiv>
                        <Unicode>wurde</Unicode>
                    </TextEquiv>
                </Word>
                <Word id="tr_3_tl_19_w6" custom="readingOrder {index:5;}">
                    <Coords points="2748,1217 2748,1277 2841,1277 2841,1217"/>
                    <TextEquiv>
                        <Unicode>durch</Unicode>
                    </TextEquiv>
                </Word>
                <Word id="tr_3_tl_19_w7" custom="readingOrder {index:6;}">
                    <Coords points="2895,1217 2895,1277 2949,1277 2949,1217"/>
                    <TextEquiv>
                        <Unicode>den</Unicode>
                    </TextEquiv>
                </Word>
                <TextEquiv>
                    <Unicode>Der junge Wiener Arzt wurde durch den</Unicode>
                </TextEquiv>
            </TextLine>
            <TextLine id="tr_3_tl_20" custom="readingOrder {index:19;}">
                <Coords points="2005,1314 2961,1311 2942,1264 2006,1271"/>
                <Baseline points="2012,1305 2059,1307 2107,1308 2154,1308 2202,1308 2250,1308 2297,1308 2345,1308 2393,1305 2440,1305 2488,1305 2536,1305 2583,1305 2631,1305 2679,1305 2726,1305 2774,1305 2822,1307 2869,1305 2917,1305 2965,1302"/>
                <Word id="tr_3_tl_20_w1" custom="readingOrder {index:0;}">
                    <Coords points="2010,1268 2010,1328 2311,1328 2311,1268"/>
                    <TextEquiv>
                        <Unicode>Einakter=Zyklus</Unicode>
                    </TextEquiv>
                </Word>
                <Word id="tr_3_tl_20_w2" custom="readingOrder {index:1;}">
                    <Coords points="2347,1265 2347,1325 2508,1325 2508,1265"/>
                    <TextEquiv>
                        <Unicode>„Anatol"</Unicode>
                    </TextEquiv>
                </Word>
                <Word id="tr_3_tl_20_w3" custom="readingOrder {index:2;}">
                    <Coords points="2543,1265 2543,1325 2714,1325 2714,1265"/>
                    <TextEquiv>
                        <Unicode>berühmt,</Unicode>
                    </TextEquiv>
                </Word>
                <Word id="tr_3_tl_20_w4" custom="readingOrder {index:3;}">
                    <Coords points="2740,1265 2740,1325 2784,1325 2784,1265"/>
                    <TextEquiv>
                        <Unicode>die</Unicode>
                    </TextEquiv>
                </Word>
                <Word id="tr_3_tl_20_w5" custom="readingOrder {index:4;}">
                    <Coords points="2820,1265 2820,1325 2945,1325 2945,1265"/>
                    <TextEquiv>
                        <Unicode>graziös</Unicode>
                    </TextEquiv>
                </Word>
                <TextEquiv>
                    <Unicode>Einakter=Zyklus „Anatol" berühmt, die graziös</Unicode>
                </TextEquiv>
            </TextLine>
            <TextLine id="tr_3_tl_21" custom="readingOrder {index:20;}">
                <Coords points="2013,1363 2958,1360 2958,1321 2908,1314 2013,1329"/>
                <Baseline points="2021,1355 2068,1355 2115,1355 2162,1355 2209,1356 2256,1358 2303,1357 2350,1355 2397,1355 2444,1354 2491,1352 2538,1354 2585,1355 2632,1353 2679,1352 2726,1352 2773,1352 2820,1352 2867,1352 2914,1352 2962,1352"/>
                <Word id="tr_3_tl_21_w1" custom="readingOrder {index:0;}">
                    <Coords points="2012,1315 2012,1375 2069,1375 2069,1315"/>
                    <TextEquiv>
                        <Unicode>und</Unicode>
                    </TextEquiv>
                </Word>
                <Word id="tr_3_tl_21_w2" custom="readingOrder {index:1;}">
                    <Coords points="2113,1315 2113,1375 2184,1375 2184,1315"/>
                    <TextEquiv>
                        <Unicode>klug</Unicode>
                    </TextEquiv>
                </Word>
                <Word id="tr_3_tl_21_w3" custom="readingOrder {index:2;}">
                    <Coords points="2223,1315 2223,1375 2434,1375 2434,1315"/>
                    <TextEquiv>
                        <Unicode>geschrieben,</Unicode>
                    </TextEquiv>
                </Word>
                <Word id="tr_3_tl_21_w4" custom="readingOrder {index:3;}">
                    <Coords points="2468,1314 2468,1374 2674,1374 2674,1314"/>
                    <TextEquiv>
                        <Unicode>interessante</Unicode>
                    </TextEquiv>
                </Word>
                <Word id="tr_3_tl_21_w5" custom="readingOrder {index:4;}">
                    <Coords points="2708,1312 2708,1372 2842,1372 2842,1312"/>
                    <TextEquiv>
                        <Unicode>Wiener</Unicode>
                    </TextEquiv>
                </Word>
                <Word id="tr_3_tl_21_w6" custom="readingOrder {index:5;}">
                    <Coords points="2886,1312 2886,1372 2952,1372 2952,1312"/>
                    <TextEquiv>
                        <Unicode>Ty¬</Unicode>
                    </TextEquiv>
                </Word>
                <TextEquiv>
                    <Unicode>und klug geschrieben, interessante Wiener Ty¬</Unicode>
                </TextEquiv>
            </TextLine>
            <TextLine id="tr_3_tl_22" custom="readingOrder {index:21;}">
                <Coords points="2010,1415 2968,1417 2957,1359 2010,1374"/>
                <Baseline points="2018,1406 2065,1404 2113,1406 2160,1403 2208,1403 2256,1403 2303,1403 2351,1400 2399,1401 2446,1403 2494,1403 2542,1404 2589,1405 2637,1401 2685,1402 2732,1401 2780,1400 2828,1400 2875,1403 2923,1400 2971,1400"/>
                <Word id="tr_3_tl_22_w1" custom="readingOrder {index:0;}">
                    <Coords points="2009,1365 2009,1425 2063,1425 2063,1365"/>
                    <TextEquiv>
                        <Unicode>pen</Unicode>
                    </TextEquiv>
                </Word>
                <Word id="tr_3_tl_22_w2" custom="readingOrder {index:1;}">
                    <Coords points="2093,1363 2093,1423 2264,1423 2264,1363"/>
                    <TextEquiv>
                        <Unicode>schildern.</Unicode>
                    </TextEquiv>
                </Word>
                <Word id="tr_3_tl_22_w3" custom="readingOrder {index:2;}">
                    <Coords points="2304,1360 2304,1420 2372,1420 2372,1360"/>
                    <TextEquiv>
                        <Unicode>1893</Unicode>
                    </TextEquiv>
                </Word>
                <Word id="tr_3_tl_22_w4" custom="readingOrder {index:3;}">
                    <Coords points="2402,1363 2402,1423 2525,1423 2525,1363"/>
                    <TextEquiv>
                        <Unicode>erschien</Unicode>
                    </TextEquiv>
                </Word>
                <Word id="tr_3_tl_22_w5" custom="readingOrder {index:4;}">
                    <Coords points="2565,1363 2565,1423 2653,1423 2653,1363"/>
                    <TextEquiv>
                        <Unicode>„Das</Unicode>
                    </TextEquiv>
                </Word>
                <Word id="tr_3_tl_22_w6" custom="readingOrder {index:5;}">
                    <Coords points="2683,1360 2683,1420 2854,1420 2854,1360"/>
                    <TextEquiv>
                        <Unicode>Märchen“</Unicode>
                    </TextEquiv>
                </Word>
                <Word id="tr_3_tl_22_w7" custom="readingOrder {index:6;}">
                    <Coords points="2889,1360 2889,1420 2947,1420 2947,1360"/>
                    <TextEquiv>
                        <Unicode>und</Unicode>
                    </TextEquiv>
                </Word>
                <TextEquiv>
                    <Unicode>pen schildern. 1893 erschien „Das Märchen“ und</Unicode>
                </TextEquiv>
            </TextLine>
            <TextLine id="tr_3_tl_23" custom="readingOrder {index:22;}">
                <Coords points="2006,1465 2976,1456 2968,1411 2007,1414"/>
                <Baseline points="2015,1454 2063,1451 2111,1451 2159,1453 2208,1454 2256,1454 2304,1451 2352,1451 2401,1451 2449,1451 2497,1451 2545,1452 2594,1453 2642,1451 2690,1451 2738,1451 2787,1451 2835,1451 2883,1451 2931,1451 2980,1451"/>
                <Word id="tr_3_tl_23_w1" custom="readingOrder {index:0;}">
                    <Coords points="2005,1412 2005,1472 2086,1472 2086,1412"/>
                    <TextEquiv>
                        <Unicode>dann</Unicode>
                    </TextEquiv>
                </Word>
                <Word id="tr_3_tl_23_w2" custom="readingOrder {index:1;}">
                    <Coords points="2134,1413 2134,1473 2187,1473 2187,1413"/>
                    <TextEquiv>
                        <Unicode>die</Unicode>
                    </TextEquiv>
                </Word>
                <Word id="tr_3_tl_23_w3" custom="readingOrder {index:2;}">
                    <Coords points="2226,1411 2226,1471 2408,1471 2408,1411"/>
                    <TextEquiv>
                        <Unicode>„Liebelei“</Unicode>
                    </TextEquiv>
                </Word>
                <Word id="tr_3_tl_23_w4" custom="readingOrder {index:3;}">
                    <Coords points="2456,1411 2456,1471 2547,1471 2547,1411"/>
                    <TextEquiv>
                        <Unicode>eines</Unicode>
                    </TextEquiv>
                </Word>
                <Word id="tr_3_tl_23_w5" custom="readingOrder {index:4;}">
                    <Coords points="2601,1411 2601,1471 2658,1471 2658,1411"/>
                    <TextEquiv>
                        <Unicode>der</Unicode>
                    </TextEquiv>
                </Word>
                <Word id="tr_3_tl_23_w6" custom="readingOrder {index:5;}">
                    <Coords points="2707,1411 2707,1471 2946,1471 2946,1411"/>
                    <TextEquiv>
                        <Unicode>bedeutendsten</Unicode>
                    </TextEquiv>
                </Word>
                <TextEquiv>
                    <Unicode>dann die „Liebelei“ eines der bedeutendsten</Unicode>
                </TextEquiv>
            </TextLine>
            <TextLine id="tr_3_tl_24" custom="readingOrder {index:23;}">
                <Coords points="2005,1512 2772,1515 2772,1469 2723,1460 2005,1461"/>
                <Baseline points="2012,1502 2050,1502 2088,1502 2126,1502 2164,1502 2202,1502 2240,1502 2278,1502 2316,1502 2354,1502 2393,1502 2431,1502 2469,1502 2507,1502 2545,1499 2583,1499 2621,1499 2659,1499 2697,1499 2735,1499 2774,1502"/>
                <Word id="tr_3_tl_24_w1" custom="readingOrder {index:0;}">
                    <Coords points="2009,1462 2009,1522 2215,1522 2215,1462"/>
                    <TextEquiv>
                        <Unicode>Schauspiele</Unicode>
                    </TextEquiv>
                </Word>
                <Word id="tr_3_tl_24_w2" custom="readingOrder {index:1;}">
                    <Coords points="2245,1462 2245,1522 2279,1522 2279,1462"/>
                    <TextEquiv>
                        <Unicode>um</Unicode>
                    </TextEquiv>
                </Word>
                <Word id="tr_3_tl_24_w3" custom="readingOrder {index:2;}">
                    <Coords points="2324,1462 2324,1522 2372,1522 2372,1462"/>
                    <TextEquiv>
                        <Unicode>die</Unicode>
                    </TextEquiv>
                </Word>
                <Word id="tr_3_tl_24_w4" custom="readingOrder {index:3;}">
                    <Coords points="2398,1459 2398,1519 2761,1519 2761,1459"/>
                    <TextEquiv>
                        <Unicode>Jahrhundertwende.</Unicode>
                    </TextEquiv>
                </Word>
                <TextEquiv>
                    <Unicode>Schauspiele um die Jahrhundertwende.</Unicode>
                </TextEquiv>
            </TextLine>
            <TextLine id="tr_3_tl_25" custom="readingOrder {index:24;}">
                <Coords points="2064,1578 2965,1584 2939,1521 2064,1532"/>
                <Baseline points="2072,1567 2116,1567 2161,1567 2206,1567 2251,1567 2296,1567 2340,1564 2385,1564 2430,1567 2475,1567 2520,1564 2564,1564 2609,1564 2654,1564 2699,1564 2744,1564 2788,1564 2833,1567 2878,1567 2923,1564 2968,1564"/>
                <Word id="tr_3_tl_25_w1" custom="readingOrder {index:0;}">
                    <Coords points="2064,1527 2064,1587 2108,1587 2108,1527"/>
                    <TextEquiv>
                        <Unicode>In</Unicode>
                    </TextEquiv>
                </Word>
                <Word id="tr_3_tl_25_w2" custom="readingOrder {index:1;}">
                    <Coords points="2144,1527 2144,1587 2229,1587 2229,1527"/>
                    <TextEquiv>
                        <Unicode>Wien</Unicode>
                    </TextEquiv>
                </Word>
                <Word id="tr_3_tl_25_w3" custom="readingOrder {index:2;}">
                    <Coords points="2265,1525 2265,1585 2360,1585 2360,1525"/>
                    <TextEquiv>
                        <Unicode>spielt</Unicode>
                    </TextEquiv>
                </Word>
                <Word id="tr_3_tl_25_w4" custom="readingOrder {index:3;}">
                    <Coords points="2380,1526 2380,1586 2450,1586 2450,1526"/>
                    <TextEquiv>
                        <Unicode>auch</Unicode>
                    </TextEquiv>
                </Word>
                <Word id="tr_3_tl_25_w5" custom="readingOrder {index:4;}">
                    <Coords points="2481,1524 2481,1584 2531,1584 2531,1524"/>
                    <TextEquiv>
                        <Unicode>das</Unicode>
                    </TextEquiv>
                </Word>
                <Word id="tr_3_tl_25_w6" custom="readingOrder {index:5;}">
                    <Coords points="2561,1524 2561,1584 2677,1584 2677,1524"/>
                    <TextEquiv>
                        <Unicode>nächste</Unicode>
                    </TextEquiv>
                </Word>
                <Word id="tr_3_tl_25_w7" custom="readingOrder {index:6;}">
                    <Coords points="2702,1524 2702,1584 2817,1584 2817,1524"/>
                    <TextEquiv>
                        <Unicode>Stück:</Unicode>
                    </TextEquiv>
                </Word>
                <Word id="tr_3_tl_25_w8" custom="readingOrder {index:7;}">
                    <Coords points="2843,1525 2843,1585 2953,1585 2953,1525"/>
                    <TextEquiv>
                        <Unicode>„Frei¬</Unicode>
                    </TextEquiv>
                </Word>
                <TextEquiv>
                    <Unicode>In Wien spielt auch das nächste Stück: „Frei¬</Unicode>
                </TextEquiv>
            </TextLine>
            <TextLine id="tr_3_tl_26" custom="readingOrder {index:25;}">
                <Coords points="2010,1623 2958,1625 2958,1584 2911,1575 2010,1576"/>
                <Baseline points="2018,1615 2065,1615 2112,1615 2159,1615 2206,1615 2254,1618 2301,1617 2348,1615 2395,1615 2442,1615 2490,1615 2537,1615 2584,1615 2631,1615 2678,1615 2726,1613 2773,1612 2820,1612 2867,1615 2914,1615 2962,1609"/>
                <Word id="tr_3_tl_26_w1" custom="readingOrder {index:0;}">
                    <Coords points="2010,1575 2010,1635 2100,1635 2100,1575"/>
                    <TextEquiv>
                        <Unicode>wild“</Unicode>
                    </TextEquiv>
                </Word>
                <Word id="tr_3_tl_26_w2" custom="readingOrder {index:1;}">
                    <Coords points="2141,1575 2141,1635 2257,1635 2257,1575"/>
                    <TextEquiv>
                        <Unicode>(1806).</Unicode>
                    </TextEquiv>
                </Word>
                <Word id="tr_3_tl_26_w3" custom="readingOrder {index:2;}">
                    <Coords points="2298,1576 2298,1636 2343,1636 2343,1576"/>
                    <TextEquiv>
                        <Unicode>In</Unicode>
                    </TextEquiv>
                </Word>
                <Word id="tr_3_tl_26_w4" custom="readingOrder {index:3;}">
                    <Coords points="2389,1575 2389,1635 2465,1635 2465,1575"/>
                    <TextEquiv>
                        <Unicode>diese</Unicode>
                    </TextEquiv>
                </Word>
                <Word id="tr_3_tl_26_w5" custom="readingOrder {index:4;}">
                    <Coords points="2501,1575 2501,1635 2607,1635 2607,1575"/>
                    <TextEquiv>
                        <Unicode>Jahre</Unicode>
                    </TextEquiv>
                </Word>
                <Word id="tr_3_tl_26_w6" custom="readingOrder {index:5;}">
                    <Coords points="2643,1574 2643,1634 2718,1634 2718,1574"/>
                    <TextEquiv>
                        <Unicode>fällt</Unicode>
                    </TextEquiv>
                </Word>
                <Word id="tr_3_tl_26_w7" custom="readingOrder {index:6;}">
                    <Coords points="2749,1572 2749,1632 2799,1632 2799,1572"/>
                    <TextEquiv>
                        <Unicode>die</Unicode>
                    </TextEquiv>
                </Word>
                <Word id="tr_3_tl_26_w8" custom="readingOrder {index:7;}">
                    <Coords points="2831,1575 2831,1635 2956,1635 2956,1575"/>
                    <TextEquiv>
                        <Unicode>Entste¬</Unicode>
                    </TextEquiv>
                </Word>
                <TextEquiv>
                    <Unicode>wild“ (1806). In diese Jahre fällt die Entste¬</Unicode>
                </TextEquiv>
            </TextLine>
            <TextLine id="tr_3_tl_27" custom="readingOrder {index:26;}">
                <Coords points="2007,1672 2964,1670 2955,1619 2009,1632"/>
                <Baseline points="2015,1669 2062,1666 2110,1666 2157,1666 2205,1666 2253,1663 2300,1666 2348,1663 2396,1666 2443,1665 2491,1663 2539,1664 2586,1665 2634,1663 2682,1663 2729,1661 2777,1662 2825,1663 2872,1666 2920,1660 2968,1660"/>
                <Word id="tr_3_tl_27_w1" custom="readingOrder {index:0;}">
                    <Coords points="2001,1627 2001,1687 2083,1687 2083,1627"/>
                    <TextEquiv>
                        <Unicode>hung</Unicode>
                    </TextEquiv>
                </Word>
                <Word id="tr_3_tl_27_w2" custom="readingOrder {index:1;}">
                    <Coords points="2117,1626 2117,1686 2170,1686 2170,1626"/>
                    <TextEquiv>
                        <Unicode>des</Unicode>
                    </TextEquiv>
                </Word>
                <Word id="tr_3_tl_27_w3" custom="readingOrder {index:2;}">
                    <Coords points="2205,1625 2205,1685 2388,1685 2388,1625"/>
                    <TextEquiv>
                        <Unicode>„Reigen“,</Unicode>
                    </TextEquiv>
                </Word>
                <Word id="tr_3_tl_27_w4" custom="readingOrder {index:3;}">
                    <Coords points="2413,1624 2413,1684 2479,1684 2479,1624"/>
                    <TextEquiv>
                        <Unicode>zehn</Unicode>
                    </TextEquiv>
                </Word>
                <Word id="tr_3_tl_27_w5" custom="readingOrder {index:4;}">
                    <Coords points="2519,1624 2519,1684 2650,1684 2650,1624"/>
                    <TextEquiv>
                        <Unicode>Szenen</Unicode>
                    </TextEquiv>
                </Word>
                <Word id="tr_3_tl_27_w6" custom="readingOrder {index:5;}">
                    <Coords points="2689,1621 2689,1681 2746,1681 2746,1621"/>
                    <TextEquiv>
                        <Unicode>mit</Unicode>
                    </TextEquiv>
                </Word>
                <Word id="tr_3_tl_27_w7" custom="readingOrder {index:6;}">
                    <Coords points="2776,1622 2776,1682 2829,1682 2829,1622"/>
                    <TextEquiv>
                        <Unicode>dem</Unicode>
                    </TextEquiv>
                </Word>
                <Word id="tr_3_tl_27_w8" custom="readingOrder {index:7;}">
                    <Coords points="2877,1620 2877,1680 2959,1680 2959,1620"/>
                    <TextEquiv>
                        <Unicode>glei¬</Unicode>
                    </TextEquiv>
                </Word>
                <TextEquiv>
                    <Unicode>hung des „Reigen“, zehn Szenen mit dem glei¬</Unicode>
                </TextEquiv>
            </TextLine>
            <TextLine id="tr_3_tl_28" custom="readingOrder {index:27;}">
                <Coords points="2013,1722 2971,1715 2962,1666 2013,1686"/>
                <Baseline points="2021,1714 2068,1714 2116,1711 2163,1711 2211,1714 2259,1711 2306,1714 2354,1711 2402,1711 2449,1711 2497,1711 2545,1711 2592,1711 2640,1711 2688,1711 2735,1711 2783,1711 2831,1711 2878,1711 2926,1711 2974,1708"/>
                <Word id="tr_3_tl_28_w1" custom="readingOrder {index:0;}">
                    <Coords points="2007,1674 2007,1734 2064,1734 2064,1674"/>
                    <TextEquiv>
                        <Unicode>chen</Unicode>
                    </TextEquiv>
                </Word>
                <Word id="tr_3_tl_28_w2" custom="readingOrder {index:1;}">
                    <Coords points="2108,1672 2108,1732 2276,1732 2276,1672"/>
                    <TextEquiv>
                        <Unicode>erotischen</Unicode>
                    </TextEquiv>
                </Word>
                <Word id="tr_3_tl_28_w3" custom="readingOrder {index:2;}">
                    <Coords points="2320,1671 2320,1731 2561,1731 2561,1671"/>
                    <TextEquiv>
                        <Unicode>Grundmotiv,</Unicode>
                    </TextEquiv>
                </Word>
                <Word id="tr_3_tl_28_w4" custom="readingOrder {index:3;}">
                    <Coords points="2595,1671 2595,1731 2642,1731 2642,1671"/>
                    <TextEquiv>
                        <Unicode>die</Unicode>
                    </TextEquiv>
                </Word>
                <Word id="tr_3_tl_28_w5" custom="readingOrder {index:4;}">
                    <Coords points="2682,1671 2682,1731 2758,1731 2758,1671"/>
                    <TextEquiv>
                        <Unicode>aber</Unicode>
                    </TextEquiv>
                </Word>
                <Word id="tr_3_tl_28_w6" custom="readingOrder {index:5;}">
                    <Coords points="2792,1671 2792,1731 2855,1731 2855,1671"/>
                    <TextEquiv>
                        <Unicode>erst</Unicode>
                    </TextEquiv>
                </Word>
                <Word id="tr_3_tl_28_w7" custom="readingOrder {index:6;}">
                    <Coords points="2889,1671 2889,1731 2960,1731 2960,1671"/>
                    <TextEquiv>
                        <Unicode>viel</Unicode>
                    </TextEquiv>
                </Word>
                <TextEquiv>
                    <Unicode>chen erotischen Grundmotiv, die aber erst viel</Unicode>
                </TextEquiv>
            </TextLine>
            <TextLine id="tr_3_tl_29" custom="readingOrder {index:28;}">
                <Coords points="2013,1776 2827,1780 2968,1766 2969,1716 2728,1743 2013,1720"/>
                <Baseline points="2021,1767 2068,1761 2116,1761 2163,1764 2211,1761 2258,1761 2306,1761 2353,1760 2401,1758 2448,1758 2496,1758 2543,1758 2591,1758 2638,1758 2686,1758 2733,1758 2781,1758 2828,1758 2876,1758 2923,1758 2971,1755"/>
                <Word id="tr_3_tl_29_w1" custom="readingOrder {index:0;}">
                    <Coords points="2012,1721 2012,1781 2112,1781 2112,1721"/>
                    <TextEquiv>
                        <Unicode>später</Unicode>
                    </TextEquiv>
                </Word>
                <Word id="tr_3_tl_29_w2" custom="readingOrder {index:1;}">
                    <Coords points="2146,1721 2146,1781 2294,1781 2294,1721"/>
                    <TextEquiv>
                        <Unicode>gedruckt</Unicode>
                    </TextEquiv>
                </Word>
                <Word id="tr_3_tl_29_w3" custom="readingOrder {index:2;}">
                    <Coords points="2323,1719 2323,1779 2385,1779 2385,1719"/>
                    <TextEquiv>
                        <Unicode>und</Unicode>
                    </TextEquiv>
                </Word>
                <Word id="tr_3_tl_29_w4" custom="readingOrder {index:3;}">
                    <Coords points="2424,1718 2424,1778 2509,1778 2509,1718"/>
                    <TextEquiv>
                        <Unicode>1920,</Unicode>
                    </TextEquiv>
                </Word>
                <Word id="tr_3_tl_29_w5" custom="readingOrder {index:4;}">
                    <Coords points="2538,1718 2538,1778 2696,1778 2696,1718"/>
                    <TextEquiv>
                        <Unicode>durchaus</Unicode>
                    </TextEquiv>
                </Word>
                <Word id="tr_3_tl_29_w6" custom="readingOrder {index:5;}">
                    <Coords points="2754,1718 2754,1778 2834,1778 2834,1718"/>
                    <TextEquiv>
                        <Unicode>nicht</Unicode>
                    </TextEquiv>
                </Word>
                <Word id="tr_3_tl_29_w7" custom="readingOrder {index:6;}">
                    <Coords points="2883,1718 2883,1778 2935,1778 2935,1718"/>
                    <TextEquiv>
                        <Unicode>dem</Unicode>
                    </TextEquiv>
                </Word>
                <TextEquiv>
                    <Unicode>später gedruckt und 1920, durchaus nicht dem</Unicode>
                </TextEquiv>
            </TextLine>
            <TextLine id="tr_3_tl_30" custom="readingOrder {index:29;}">
                <Coords points="2013,1817 2968,1809 2968,1776 2857,1761 2013,1776"/>
                <Baseline points="2021,1809 2068,1809 2116,1809 2163,1809 2211,1809 2258,1809 2306,1809 2353,1809 2401,1809 2448,1809 2496,1809 2543,1809 2591,1809 2638,1809 2686,1809 2733,1809 2781,1807 2828,1806 2876,1806 2923,1806 2971,1806"/>
                <Word id="tr_3_tl_30_w1" custom="readingOrder {index:0;}">
                    <Coords points="2007,1769 2007,1829 2117,1829 2117,1769"/>
                    <TextEquiv>
                        <Unicode>Willen</Unicode>
                    </TextEquiv>
                </Word>
                <Word id="tr_3_tl_30_w2" custom="readingOrder {index:1;}">
                    <Coords points="2156,1769 2156,1829 2204,1829 2204,1769"/>
                    <TextEquiv>
                        <Unicode>des</Unicode>
                    </TextEquiv>
                </Word>
                <Word id="tr_3_tl_30_w3" custom="readingOrder {index:2;}">
                    <Coords points="2233,1769 2233,1829 2381,1829 2381,1769"/>
                    <TextEquiv>
                        <Unicode>Dichters</Unicode>
                    </TextEquiv>
                </Word>
                <Word id="tr_3_tl_30_w4" custom="readingOrder {index:3;}">
                    <Coords points="2411,1769 2411,1829 2650,1829 2650,1769"/>
                    <TextEquiv>
                        <Unicode>entsprechend,</Unicode>
                    </TextEquiv>
                </Word>
                <Word id="tr_3_tl_30_w5" custom="readingOrder {index:4;}">
                    <Coords points="2670,1769 2670,1829 2765,1829 2765,1769"/>
                    <TextEquiv>
                        <Unicode>unter</Unicode>
                    </TextEquiv>
                </Word>
                <Word id="tr_3_tl_30_w6" custom="readingOrder {index:5;}">
                    <Coords points="2795,1766 2795,1826 2842,1826 2842,1766"/>
                    <TextEquiv>
                        <Unicode>dem</Unicode>
                    </TextEquiv>
                </Word>
                <Word id="tr_3_tl_30_w7" custom="readingOrder {index:6;}">
                    <Coords points="2891,1766 2891,1826 2957,1826 2957,1766"/>
                    <TextEquiv>
                        <Unicode>Wi¬</Unicode>
                    </TextEquiv>
                </Word>
                <TextEquiv>
                    <Unicode>Willen des Dichters entsprechend, unter dem Wi¬</Unicode>
                </TextEquiv>
            </TextLine>
            <TextLine id="tr_3_tl_31" custom="readingOrder {index:30;}">
                <Coords points="2005,1871 2960,1870 2960,1808 2005,1823"/>
                <Baseline points="2012,1860 2059,1860 2107,1860 2154,1860 2202,1857 2249,1860 2297,1860 2344,1857 2392,1857 2439,1857 2487,1857 2534,1857 2582,1857 2629,1857 2677,1857 2724,1857 2772,1857 2819,1857 2867,1854 2914,1854 2962,1851"/>
                <Word id="tr_3_tl_31_w1" custom="readingOrder {index:0;}">
                    <Coords points="2009,1820 2009,1880 2172,1880 2172,1820"/>
                    <TextEquiv>
                        <Unicode>derspruch</Unicode>
                    </TextEquiv>
                </Word>
                <Word id="tr_3_tl_31_w2" custom="readingOrder {index:1;}">
                    <Coords points="2206,1817 2206,1877 2469,1877 2469,1817"/>
                    <TextEquiv>
                        <Unicode>rechtsstehender</Unicode>
                    </TextEquiv>
                </Word>
                <Word id="tr_3_tl_31_w3" custom="readingOrder {index:2;}">
                    <Coords points="2504,1817 2504,1877 2613,1877 2613,1817"/>
                    <TextEquiv>
                        <Unicode>Kreise</Unicode>
                    </TextEquiv>
                </Word>
                <Word id="tr_3_tl_31_w4" custom="readingOrder {index:3;}">
                    <Coords points="2648,1817 2648,1877 2839,1877 2839,1817"/>
                    <TextEquiv>
                        <Unicode>aufgeführt</Unicode>
                    </TextEquiv>
                </Word>
                <Word id="tr_3_tl_31_w5" custom="readingOrder {index:4;}">
                    <Coords points="2873,1813 2873,1873 2959,1873 2959,1813"/>
                    <TextEquiv>
                        <Unicode>wur¬</Unicode>
                    </TextEquiv>
                </Word>
                <TextEquiv>
                    <Unicode>derspruch rechtsstehender Kreise aufgeführt wur¬</Unicode>
                </TextEquiv>
            </TextLine>
            <TextLine id="tr_3_tl_32" custom="readingOrder {index:31;}">
                <Coords points="2010,1916 2974,1920 2962,1863 2010,1871"/>
                <Baseline points="2018,1911 2068,1908 2118,1908 2169,1908 2219,1908 2270,1908 2320,1907 2371,1905 2421,1907 2472,1906 2522,1905 2573,1905 2623,1905 2674,1905 2724,1905 2775,1905 2825,1905 2876,1905 2926,1905 2977,1902"/>
                <Word id="tr_3_tl_32_w1" custom="readingOrder {index:0;}">
                    <Coords points="2009,1869 2009,1929 2087,1929 2087,1869"/>
                    <TextEquiv>
                        <Unicode>den.</Unicode>
                    </TextEquiv>
                </Word>
                <Word id="tr_3_tl_32_w2" custom="readingOrder {index:1;}">
                    <Coords points="2127,1868 2127,1928 2322,1928 2322,1868"/>
                    <TextEquiv>
                        <Unicode>Schnitzlers</Unicode>
                    </TextEquiv>
                </Word>
                <Word id="tr_3_tl_32_w3" custom="readingOrder {index:2;}">
                    <Coords points="2352,1866 2352,1926 2464,1926 2464,1866"/>
                    <TextEquiv>
                        <Unicode>Werke</Unicode>
                    </TextEquiv>
                </Word>
                <Word id="tr_3_tl_32_w4" custom="readingOrder {index:3;}">
                    <Coords points="2494,1865 2494,1925 2645,1925 2645,1865"/>
                    <TextEquiv>
                        <Unicode>entstehen</Unicode>
                    </TextEquiv>
                </Word>
                <Word id="tr_3_tl_32_w5" custom="readingOrder {index:4;}">
                    <Coords points="2680,1865 2680,1925 2738,1925 2738,1865"/>
                    <TextEquiv>
                        <Unicode>nun</Unicode>
                    </TextEquiv>
                </Word>
                <Word id="tr_3_tl_32_w6" custom="readingOrder {index:5;}">
                    <Coords points="2777,1865 2777,1925 2801,1925 2801,1865"/>
                    <TextEquiv>
                        <Unicode>in</Unicode>
                    </TextEquiv>
                </Word>
                <Word id="tr_3_tl_32_w7" custom="readingOrder {index:6;}">
                    <Coords points="2836,1865 2836,1925 2953,1925 2953,1865"/>
                    <TextEquiv>
                        <Unicode>rascher</Unicode>
                    </TextEquiv>
                </Word>
                <TextEquiv>
                    <Unicode>den. Schnitzlers Werke entstehen nun in rascher</Unicode>
                </TextEquiv>
            </TextLine>
            <TextLine id="tr_3_tl_33" custom="readingOrder {index:32;}">
                <Coords points="2013,1963 2968,1968 2944,1909 2013,1919"/>
                <Baseline points="2021,1962 2068,1959 2116,1956 2163,1956 2211,1956 2258,1956 2306,1956 2353,1956 2401,1956 2448,1956 2496,1955 2543,1953 2591,1953 2638,1955 2686,1956 2733,1954 2781,1953 2828,1953 2876,1953 2923,1953 2971,1959"/>
                <Word id="tr_3_tl_33_w1" custom="readingOrder {index:0;}">
                    <Coords points="2013,1918 2013,1978 2128,1978 2128,1918"/>
                    <TextEquiv>
                        <Unicode>Folge.</Unicode>
                    </TextEquiv>
                </Word>
                <Word id="tr_3_tl_33_w2" custom="readingOrder {index:1;}">
                    <Coords points="2153,1916 2153,1976 2199,1976 2199,1916"/>
                    <TextEquiv>
                        <Unicode>Es</Unicode>
                    </TextEquiv>
                </Word>
                <Word id="tr_3_tl_33_w3" custom="readingOrder {index:2;}">
                    <Coords points="2235,1916 2235,1976 2431,1976 2431,1916"/>
                    <TextEquiv>
                        <Unicode>erschienen:</Unicode>
                    </TextEquiv>
                </Word>
                <Word id="tr_3_tl_33_w4" custom="readingOrder {index:3;}">
                    <Coords points="2457,1914 2457,1974 2547,1974 2547,1914"/>
                    <TextEquiv>
                        <Unicode>„Das</Unicode>
                    </TextEquiv>
                </Word>
                <Word id="tr_3_tl_33_w5" custom="readingOrder {index:4;}">
                    <Coords points="2583,1915 2583,1975 2810,1975 2810,1915"/>
                    <TextEquiv>
                        <Unicode>Vermächtnis</Unicode>
                    </TextEquiv>
                </Word>
                <Word id="tr_3_tl_33_w6" custom="readingOrder {index:5;}">
                    <Coords points="2856,1913 2856,1973 2966,1973 2966,1913"/>
                    <TextEquiv>
                        <Unicode>(1897),</Unicode>
                    </TextEquiv>
                </Word>
                <TextEquiv>
                    <Unicode>Folge. Es erschienen: „Das Vermächtnis (1897),</Unicode>
                </TextEquiv>
            </TextLine>
            <TextLine id="tr_3_tl_34" custom="readingOrder {index:33;}">
                <Coords points="2007,2009 2969,2020 2969,1968 2888,1959 2698,1992 2583,1962 2400,1993 2007,1963"/>
                <Baseline points="2015,2003 2062,2005 2110,2006 2158,2003 2206,2006 2254,2003 2301,2003 2349,2003 2397,2005 2445,2003 2493,2003 2540,2002 2588,2000 2636,2003 2684,2006 2732,2004 2779,2001 2827,2000 2875,2000 2923,2000 2971,1997"/>
                <Word id="tr_3_tl_34_w1" custom="readingOrder {index:0;}">
                    <Coords points="2007,1963 2007,2023 2056,2023 2056,1963"/>
                    <TextEquiv>
                        <Unicode>die</Unicode>
                    </TextEquiv>
                </Word>
                <Word id="tr_3_tl_34_w2" custom="readingOrder {index:1;}">
                    <Coords points="2092,1964 2092,2024 2162,2024 2162,1964"/>
                    <TextEquiv>
                        <Unicode>drei</Unicode>
                    </TextEquiv>
                </Word>
                <Word id="tr_3_tl_34_w3" custom="readingOrder {index:2;}">
                    <Coords points="2192,1963 2192,2023 2368,2023 2368,1963"/>
                    <TextEquiv>
                        <Unicode>Einakter:</Unicode>
                    </TextEquiv>
                </Word>
                <Word id="tr_3_tl_34_w4" custom="readingOrder {index:3;}">
                    <Coords points="2404,1962 2404,2022 2655,2022 2655,1962"/>
                    <TextEquiv>
                        <Unicode>„Paracelsus",</Unicode>
                    </TextEquiv>
                </Word>
                <Word id="tr_3_tl_34_w5" custom="readingOrder {index:4;}">
                    <Coords points="2701,1963 2701,2023 2786,2023 2786,1963"/>
                    <TextEquiv>
                        <Unicode>„Die</Unicode>
                    </TextEquiv>
                </Word>
                <Word id="tr_3_tl_34_w6" custom="readingOrder {index:5;}">
                    <Coords points="2817,1960 2817,2020 2957,2020 2957,1960"/>
                    <TextEquiv>
                        <Unicode>Gefähr¬</Unicode>
                    </TextEquiv>
                </Word>
                <TextEquiv>
                    <Unicode>die drei Einakter: „Paracelsus", „Die Gefähr¬</Unicode>
                </TextEquiv>
            </TextLine>
            <TextLine id="tr_3_tl_35" custom="readingOrder {index:34;}">
                <Coords points="2013,2067 2968,2063 2968,2024 2896,2007 2013,2013"/>
                <Baseline points="2021,2054 2068,2057 2116,2054 2163,2054 2211,2054 2258,2054 2306,2054 2353,2051 2401,2051 2448,2051 2496,2051 2543,2051 2591,2049 2638,2048 2686,2050 2733,2049 2781,2048 2828,2048 2876,2051 2923,2048 2971,2051"/>
                <Word id="tr_3_tl_35_w1" custom="readingOrder {index:0;}">
                    <Coords points="2013,2016 2013,2076 2092,2076 2092,2016"/>
                    <TextEquiv>
                        <Unicode>tin",</Unicode>
                    </TextEquiv>
                </Word>
                <Word id="tr_3_tl_35_w2" custom="readingOrder {index:1;}">
                    <Coords points="2118,2014 2118,2074 2209,2074 2209,2014"/>
                    <TextEquiv>
                        <Unicode>„Der</Unicode>
                    </TextEquiv>
                </Word>
                <Word id="tr_3_tl_35_w3" custom="readingOrder {index:2;}">
                    <Coords points="2245,2014 2245,2074 2350,2074 2350,2014"/>
                    <TextEquiv>
                        <Unicode>grüne</Unicode>
                    </TextEquiv>
                </Word>
                <Word id="tr_3_tl_35_w4" custom="readingOrder {index:3;}">
                    <Coords points="2381,2011 2381,2071 2532,2071 2532,2011"/>
                    <TextEquiv>
                        <Unicode>Kakadu"</Unicode>
                    </TextEquiv>
                </Word>
                <Word id="tr_3_tl_35_w5" custom="readingOrder {index:4;}">
                    <Coords points="2573,2008 2573,2068 2684,2068 2684,2008"/>
                    <TextEquiv>
                        <Unicode>(1898),</Unicode>
                    </TextEquiv>
                </Word>
                <Word id="tr_3_tl_35_w6" custom="readingOrder {index:5;}">
                    <Coords points="2710,2008 2710,2068 2769,2068 2769,2008"/>
                    <TextEquiv>
                        <Unicode>sein</Unicode>
                    </TextEquiv>
                </Word>
                <Word id="tr_3_tl_35_w7" custom="readingOrder {index:6;}">
                    <Coords points="2810,2010 2810,2070 2961,2070 2961,2010"/>
                    <TextEquiv>
                        <Unicode>Drama:</Unicode>
                    </TextEquiv>
                </Word>
                <TextEquiv>
                    <Unicode>tin", „Der grüne Kakadu" (1898), sein Drama:</Unicode>
                </TextEquiv>
            </TextLine>
            <TextLine id="tr_3_tl_36" custom="readingOrder {index:35;}">
                <Coords points="2005,2113 2983,2111 2983,2061 2886,2054 2005,2077"/>
                <Baseline points="2012,2108 2060,2104 2109,2102 2158,2102 2206,2100 2255,2101 2304,2102 2352,2099 2401,2099 2450,2099 2499,2099 2547,2097 2596,2098 2645,2097 2693,2099 2742,2099 2791,2099 2839,2099 2888,2099 2937,2099 2986,2102"/>
                <Word id="tr_3_tl_36_w1" custom="readingOrder {index:0;}">
                    <Coords points="2010,2064 2010,2124 2095,2124 2095,2064"/>
                    <TextEquiv>
                        <Unicode>„Der</Unicode>
                    </TextEquiv>
                </Word>
                <Word id="tr_3_tl_36_w2" custom="readingOrder {index:1;}">
                    <Coords points="2130,2060 2130,2120 2276,2120 2276,2060"/>
                    <TextEquiv>
                        <Unicode>Schleier</Unicode>
                    </TextEquiv>
                </Word>
                <Word id="tr_3_tl_36_w3" custom="readingOrder {index:2;}">
                    <Coords points="2312,2059 2312,2119 2361,2119 2361,2059"/>
                    <TextEquiv>
                        <Unicode>der</Unicode>
                    </TextEquiv>
                </Word>
                <Word id="tr_3_tl_36_w4" custom="readingOrder {index:3;}">
                    <Coords points="2392,2059 2392,2119 2568,2119 2568,2059"/>
                    <TextEquiv>
                        <Unicode>Beatrice“</Unicode>
                    </TextEquiv>
                </Word>
                <Word id="tr_3_tl_36_w5" custom="readingOrder {index:4;}">
                    <Coords points="2609,2057 2609,2117 2719,2117 2719,2057"/>
                    <TextEquiv>
                        <Unicode>(1899),</Unicode>
                    </TextEquiv>
                </Word>
                <Word id="tr_3_tl_36_w6" custom="readingOrder {index:5;}">
                    <Coords points="2760,2059 2760,2119 2845,2119 2845,2059"/>
                    <TextEquiv>
                        <Unicode>dann</Unicode>
                    </TextEquiv>
                </Word>
                <Word id="tr_3_tl_36_w7" custom="readingOrder {index:6;}">
                    <Coords points="2901,2059 2901,2119 2956,2119 2956,2059"/>
                    <TextEquiv>
                        <Unicode>der</Unicode>
                    </TextEquiv>
                </Word>
                <TextEquiv>
                    <Unicode>„Der Schleier der Beatrice“ (1899), dann der</Unicode>
                </TextEquiv>
            </TextLine>
            <TextLine id="tr_3_tl_37" custom="readingOrder {index:36;}">
                <Coords points="2010,2154 2968,2158 2944,2104 2010,2118"/>
                <Baseline points="2018,2150 2065,2150 2113,2150 2160,2150 2208,2153 2256,2150 2303,2150 2351,2153 2399,2150 2446,2150 2494,2150 2542,2149 2589,2147 2637,2149 2685,2148 2732,2149 2780,2150 2828,2148 2875,2147 2923,2147 2971,2147"/>
                <Word id="tr_3_tl_37_w1" custom="readingOrder {index:0;}">
                    <Coords points="2009,2110 2009,2170 2304,2170 2304,2110"/>
                    <TextEquiv>
                        <Unicode>Einakterzyklus:</Unicode>
                    </TextEquiv>
                </Word>
                <Word id="tr_3_tl_37_w2" custom="readingOrder {index:1;}">
                    <Coords points="2339,2110 2339,2170 2535,2170 2535,2110"/>
                    <TextEquiv>
                        <Unicode>„Lebendige</Unicode>
                    </TextEquiv>
                </Word>
                <Word id="tr_3_tl_37_w3" custom="readingOrder {index:2;}">
                    <Coords points="2570,2108 2570,2168 2766,2168 2766,2108"/>
                    <TextEquiv>
                        <Unicode>Stunden",</Unicode>
                    </TextEquiv>
                </Word>
                <Word id="tr_3_tl_37_w4" custom="readingOrder {index:3;}">
                    <Coords points="2815,2107 2815,2167 2947,2167 2947,2107"/>
                    <TextEquiv>
                        <Unicode>woraus</Unicode>
                    </TextEquiv>
                </Word>
                <TextEquiv>
                    <Unicode>Einakterzyklus: „Lebendige Stunden", woraus</Unicode>
                </TextEquiv>
            </TextLine>
            <TextLine id="tr_3_tl_38" custom="readingOrder {index:37;}">
                <Coords points="2007,2201 2842,2218 2983,2203 2985,2160 2009,2157"/>
                <Baseline points="2015,2197 2063,2200 2112,2200 2160,2201 2209,2202 2257,2200 2306,2199 2354,2197 2403,2197 2451,2197 2500,2195 2549,2194 2597,2194 2646,2197 2694,2197 2743,2196 2791,2195 2840,2197 2888,2196 2937,2196 2986,2197"/>
                <Word id="tr_3_tl_38_w1" custom="readingOrder {index:0;}">
                    <Coords points="2007,2160 2007,2220 2182,2220 2182,2160"/>
                    <TextEquiv>
                        <Unicode>besonders</Unicode>
                    </TextEquiv>
                </Word>
                <Word id="tr_3_tl_38_w2" custom="readingOrder {index:1;}">
                    <Coords points="2234,2157 2234,2217 2440,2217 2440,2157"/>
                    <TextEquiv>
                        <Unicode>„Literatur“</Unicode>
                    </TextEquiv>
                </Word>
                <Word id="tr_3_tl_38_w3" custom="readingOrder {index:2;}">
                    <Coords points="2482,2154 2482,2214 2683,2214 2683,2154"/>
                    <TextEquiv>
                        <Unicode>hervorragt</Unicode>
                    </TextEquiv>
                </Word>
                <Word id="tr_3_tl_38_w4" custom="readingOrder {index:3;}">
                    <Coords points="2740,2155 2740,2215 2854,2215 2854,2155"/>
                    <TextEquiv>
                        <Unicode>(1901),</Unicode>
                    </TextEquiv>
                </Word>
                <Word id="tr_3_tl_38_w5" custom="readingOrder {index:4;}">
                    <Coords points="2896,2156 2896,2216 2952,2216 2952,2156"/>
                    <TextEquiv>
                        <Unicode>das</Unicode>
                    </TextEquiv>
                </Word>
                <TextEquiv>
                    <Unicode>besonders „Literatur“ hervorragt (1901), das</Unicode>
                </TextEquiv>
            </TextLine>
            <TextLine id="tr_3_tl_39" custom="readingOrder {index:38;}">
                <Coords points="2013,2260 2965,2255 2965,2210 2922,2207 2013,2208"/>
                <Baseline points="2021,2251 2068,2248 2115,2248 2163,2248 2210,2248 2257,2248 2305,2248 2352,2247 2399,2245 2447,2245 2494,2245 2541,2245 2589,2245 2636,2245 2683,2245 2731,2245 2778,2245 2825,2245 2873,2245 2920,2245 2968,2245"/>
                <Word id="tr_3_tl_39_w1" custom="readingOrder {index:0;}">
                    <Coords points="2012,2208 2012,2268 2134,2268 2134,2208"/>
                    <TextEquiv>
                        <Unicode>Drama</Unicode>
                    </TextEquiv>
                </Word>
                <Word id="tr_3_tl_39_w2" custom="readingOrder {index:1;}">
                    <Coords points="2174,2208 2174,2268 2257,2268 2257,2208"/>
                    <TextEquiv>
                        <Unicode>„Der</Unicode>
                    </TextEquiv>
                </Word>
                <Word id="tr_3_tl_39_w3" custom="readingOrder {index:2;}">
                    <Coords points="2292,2206 2292,2266 2429,2266 2429,2206"/>
                    <TextEquiv>
                        <Unicode>einsame</Unicode>
                    </TextEquiv>
                </Word>
                <Word id="tr_3_tl_39_w4" custom="readingOrder {index:3;}">
                    <Coords points="2459,2205 2459,2265 2552,2265 2552,2205"/>
                    <TextEquiv>
                        <Unicode>Weg“</Unicode>
                    </TextEquiv>
                </Word>
                <Word id="tr_3_tl_39_w5" custom="readingOrder {index:4;}">
                    <Coords points="2592,2205 2592,2265 2699,2265 2699,2205"/>
                    <TextEquiv>
                        <Unicode>(1903),</Unicode>
                    </TextEquiv>
                </Word>
                <Word id="tr_3_tl_39_w6" custom="readingOrder {index:5;}">
                    <Coords points="2724,2205 2724,2265 2773,2265 2773,2205"/>
                    <TextEquiv>
                        <Unicode>die</Unicode>
                    </TextEquiv>
                </Word>
                <Word id="tr_3_tl_39_w7" custom="readingOrder {index:6;}">
                    <Coords points="2798,2205 2798,2265 2954,2265 2954,2205"/>
                    <TextEquiv>
                        <Unicode>Komödie</Unicode>
                    </TextEquiv>
                </Word>
                <TextEquiv>
                    <Unicode>Drama „Der einsame Weg“ (1903), die Komödie</Unicode>
                </TextEquiv>
            </TextLine>
            <TextLine id="tr_3_tl_40" custom="readingOrder {index:39;}">
                <Coords points="2013,2309 2971,2300 2971,2260 2924,2250 2013,2260"/>
                <Baseline points="2021,2302 2068,2300 2116,2296 2163,2296 2211,2293 2259,2293 2306,2296 2354,2293 2402,2294 2449,2296 2497,2296 2545,2295 2592,2293 2640,2293 2688,2295 2735,2294 2783,2295 2831,2296 2878,2296 2926,2293 2974,2290"/>
                <Word id="tr_3_tl_40_w1" custom="readingOrder {index:0;}">
                    <Coords points="2013,2256 2013,2316 2290,2316 2290,2256"/>
                    <TextEquiv>
                        <Unicode>„Zwischenspiel“</Unicode>
                    </TextEquiv>
                </Word>
                <Word id="tr_3_tl_40_w2" custom="readingOrder {index:1;}">
                    <Coords points="2328,2253 2328,2313 2442,2313 2442,2253"/>
                    <TextEquiv>
                        <Unicode>(1904);</Unicode>
                    </TextEquiv>
                </Word>
                <Word id="tr_3_tl_40_w3" custom="readingOrder {index:2;}">
                    <Coords points="2464,2255 2464,2315 2578,2315 2578,2255"/>
                    <TextEquiv>
                        <Unicode>ferner</Unicode>
                    </TextEquiv>
                </Word>
                <Word id="tr_3_tl_40_w4" custom="readingOrder {index:3;}">
                    <Coords points="2611,2253 2611,2313 2637,2313 2637,2253"/>
                    <TextEquiv>
                        <Unicode>im</Unicode>
                    </TextEquiv>
                </Word>
                <Word id="tr_3_tl_40_w5" custom="readingOrder {index:4;}">
                    <Coords points="2681,2254 2681,2314 2816,2314 2816,2254"/>
                    <TextEquiv>
                        <Unicode>gleichen</Unicode>
                    </TextEquiv>
                </Word>
                <Word id="tr_3_tl_40_w6" custom="readingOrder {index:5;}">
                    <Coords points="2850,2254 2850,2314 2958,2314 2958,2254"/>
                    <TextEquiv>
                        <Unicode>Jahre</Unicode>
                    </TextEquiv>
                </Word>
                <TextEquiv>
                    <Unicode>„Zwischenspiel“ (1904); ferner im gleichen Jahre</Unicode>
                </TextEquiv>
            </TextLine>
            <TextLine id="tr_3_tl_41" custom="readingOrder {index:40;}">
                <Coords points="2007,2362 2971,2361 2971,2311 2929,2298 2007,2311"/>
                <Baseline points="2015,2347 2065,2347 2115,2345 2166,2344 2216,2347 2267,2344 2317,2344 2368,2344 2418,2344 2469,2344 2519,2344 2570,2344 2620,2344 2671,2344 2721,2343 2772,2342 2822,2344 2873,2344 2923,2344 2974,2344"/>
                <Word id="tr_3_tl_41_w1" custom="readingOrder {index:0;}">
                    <Coords points="2012,2307 2012,2367 2081,2367 2081,2307"/>
                    <TextEquiv>
                        <Unicode>eine</Unicode>
                    </TextEquiv>
                </Word>
                <Word id="tr_3_tl_41_w2" custom="readingOrder {index:1;}">
                    <Coords points="2117,2304 2117,2364 2197,2364 2197,2304"/>
                    <TextEquiv>
                        <Unicode>neue</Unicode>
                    </TextEquiv>
                </Word>
                <Word id="tr_3_tl_41_w3" custom="readingOrder {index:2;}">
                    <Coords points="2232,2304 2232,2364 2503,2364 2503,2304"/>
                    <TextEquiv>
                        <Unicode>Einakterreihe:</Unicode>
                    </TextEquiv>
                </Word>
                <Word id="tr_3_tl_41_w4" custom="readingOrder {index:3;}">
                    <Coords points="2533,2303 2533,2363 2819,2363 2819,2303"/>
                    <TextEquiv>
                        <Unicode>„Marionetten".</Unicode>
                    </TextEquiv>
                </Word>
                <Word id="tr_3_tl_41_w5" custom="readingOrder {index:4;}">
                    <Coords points="2864,2304 2864,2364 2954,2364 2954,2304"/>
                    <TextEquiv>
                        <Unicode>„Der</Unicode>
                    </TextEquiv>
                </Word>
                <TextEquiv>
                    <Unicode>eine neue Einakterreihe: „Marionetten". „Der</Unicode>
                </TextEquiv>
            </TextLine>
            <TextLine id="tr_3_tl_42" custom="readingOrder {index:41;}">
                <Coords points="2010,2409 2976,2398 2976,2364 2919,2348 2010,2358"/>
                <Baseline points="2018,2401 2066,2395 2114,2395 2162,2395 2210,2395 2258,2395 2306,2392 2354,2395 2402,2392 2450,2394 2499,2392 2547,2392 2595,2392 2643,2392 2691,2392 2739,2392 2787,2392 2835,2394 2883,2395 2931,2392 2980,2392"/>
                <Word id="tr_3_tl_42_w1" custom="readingOrder {index:0;}">
                    <Coords points="2010,2356 2010,2416 2105,2416 2105,2356"/>
                    <TextEquiv>
                        <Unicode>junge</Unicode>
                    </TextEquiv>
                </Word>
                <Word id="tr_3_tl_42_w2" custom="readingOrder {index:1;}">
                    <Coords points="2141,2355 2141,2415 2363,2415 2363,2355"/>
                    <TextEquiv>
                        <Unicode>Medardus",</Unicode>
                    </TextEquiv>
                </Word>
                <Word id="tr_3_tl_42_w3" custom="readingOrder {index:2;}">
                    <Coords points="2388,2353 2388,2413 2484,2413 2484,2353"/>
                    <TextEquiv>
                        <Unicode>dessen</Unicode>
                    </TextEquiv>
                </Word>
                <Word id="tr_3_tl_42_w4" custom="readingOrder {index:3;}">
                    <Coords points="2520,2352 2520,2412 2712,2412 2712,2352"/>
                    <TextEquiv>
                        <Unicode>Titelrolle,</Unicode>
                    </TextEquiv>
                </Word>
                <Word id="tr_3_tl_42_w5" custom="readingOrder {index:4;}">
                    <Coords points="2738,2352 2738,2412 2787,2412 2787,2352"/>
                    <TextEquiv>
                        <Unicode>dem</Unicode>
                    </TextEquiv>
                </Word>
                <Word id="tr_3_tl_42_w6" custom="readingOrder {index:5;}">
                    <Coords points="2833,2354 2833,2414 2954,2414 2954,2354"/>
                    <TextEquiv>
                        <Unicode>großen</Unicode>
                    </TextEquiv>
                </Word>
                <TextEquiv>
                    <Unicode>junge Medardus", dessen Titelrolle, dem großen</Unicode>
                </TextEquiv>
            </TextLine>
            <TextLine id="tr_3_tl_43" custom="readingOrder {index:42;}">
                <Coords points="2013,2452 2975,2443 2967,2395 2013,2408"/>
                <Baseline points="2021,2448 2068,2443 2116,2442 2164,2442 2212,2442 2260,2445 2307,2442 2355,2442 2403,2440 2451,2441 2499,2439 2546,2439 2594,2439 2642,2439 2690,2439 2738,2437 2785,2438 2833,2437 2881,2439 2929,2439 2977,2436"/>
                <Word id="tr_3_tl_43_w1" custom="readingOrder {index:0;}">
                    <Coords points="2013,2403 2013,2463 2107,2463 2107,2403"/>
                    <TextEquiv>
                        <Unicode>Josef</Unicode>
                    </TextEquiv>
                </Word>
                <Word id="tr_3_tl_43_w2" custom="readingOrder {index:1;}">
                    <Coords points="2134,2402 2134,2462 2239,2462 2239,2402"/>
                    <TextEquiv>
                        <Unicode>Kainz</Unicode>
                    </TextEquiv>
                </Word>
                <Word id="tr_3_tl_43_w3" custom="readingOrder {index:2;}">
                    <Coords points="2271,2401 2271,2461 2450,2461 2450,2401"/>
                    <TextEquiv>
                        <Unicode>zugedacht,</Unicode>
                    </TextEquiv>
                </Word>
                <Word id="tr_3_tl_43_w4" custom="readingOrder {index:3;}">
                    <Coords points="2472,2399 2472,2459 2524,2459 2524,2399"/>
                    <TextEquiv>
                        <Unicode>dem</Unicode>
                    </TextEquiv>
                </Word>
                <Word id="tr_3_tl_43_w5" custom="readingOrder {index:4;}">
                    <Coords points="2567,2399 2567,2459 2725,2459 2725,2399"/>
                    <TextEquiv>
                        <Unicode>Künstler</Unicode>
                    </TextEquiv>
                </Word>
                <Word id="tr_3_tl_43_w6" custom="readingOrder {index:5;}">
                    <Coords points="2757,2397 2757,2457 2836,2457 2836,2397"/>
                    <TextEquiv>
                        <Unicode>nicht</Unicode>
                    </TextEquiv>
                </Word>
                <Word id="tr_3_tl_43_w7" custom="readingOrder {index:6;}">
                    <Coords points="2868,2399 2868,2459 2952,2459 2952,2399"/>
                    <TextEquiv>
                        <Unicode>mehr</Unicode>
                    </TextEquiv>
                </Word>
                <TextEquiv>
                    <Unicode>Josef Kainz zugedacht, dem Künstler nicht mehr</Unicode>
                </TextEquiv>
            </TextLine>
            <TextLine id="tr_3_tl_44" custom="readingOrder {index:43;}">
                <Coords points="2013,2502 2996,2495 2996,2451 2870,2445 2013,2459"/>
                <Baseline points="2021,2496 2069,2492 2118,2490 2167,2490 2216,2490 2265,2490 2314,2490 2362,2488 2411,2487 2460,2487 2509,2487 2558,2487 2607,2487 2656,2487 2704,2487 2753,2487 2802,2487 2851,2487 2900,2487 2949,2487 2998,2490"/>
                <Word id="tr_3_tl_44_w1" custom="readingOrder {index:0;}">
                    <Coords points="2007,2455 2007,2515 2036,2515 2036,2455"/>
                    <TextEquiv>
                        <Unicode>zu</Unicode>
                    </TextEquiv>
                </Word>
                <Word id="tr_3_tl_44_w2" custom="readingOrder {index:1;}">
                    <Coords points="2072,2450 2072,2510 2185,2510 2185,2450"/>
                    <TextEquiv>
                        <Unicode>spielen</Unicode>
                    </TextEquiv>
                </Word>
                <Word id="tr_3_tl_44_w3" custom="readingOrder {index:2;}">
                    <Coords points="2220,2450 2220,2510 2382,2510 2382,2450"/>
                    <TextEquiv>
                        <Unicode>vergönnt</Unicode>
                    </TextEquiv>
                </Word>
                <Word id="tr_3_tl_44_w4" custom="readingOrder {index:3;}">
                    <Coords points="2407,2447 2407,2507 2491,2507 2491,2447"/>
                    <TextEquiv>
                        <Unicode>war,</Unicode>
                    </TextEquiv>
                </Word>
                <Word id="tr_3_tl_44_w5" custom="readingOrder {index:4;}">
                    <Coords points="2511,2447 2511,2507 2545,2507 2545,2447"/>
                    <TextEquiv>
                        <Unicode>ist</Unicode>
                    </TextEquiv>
                </Word>
                <Word id="tr_3_tl_44_w6" custom="readingOrder {index:5;}">
                    <Coords points="2570,2447 2570,2507 2614,2507 2614,2447"/>
                    <TextEquiv>
                        <Unicode>ein</Unicode>
                    </TextEquiv>
                </Word>
                <Word id="tr_3_tl_44_w7" custom="readingOrder {index:6;}">
                    <Coords points="2649,2447 2649,2507 2777,2507 2777,2447"/>
                    <TextEquiv>
                        <Unicode>Drama</Unicode>
                    </TextEquiv>
                </Word>
                <Word id="tr_3_tl_44_w8" custom="readingOrder {index:7;}">
                    <Coords points="2807,2447 2807,2507 2866,2507 2866,2447"/>
                    <TextEquiv>
                        <Unicode>aus</Unicode>
                    </TextEquiv>
                </Word>
                <Word id="tr_3_tl_44_w9" custom="readingOrder {index:8;}">
                    <Coords points="2896,2447 2896,2507 2950,2507 2950,2447"/>
                    <TextEquiv>
                        <Unicode>den</Unicode>
                    </TextEquiv>
                </Word>
                <TextEquiv>
                    <Unicode>zu spielen vergönnt war, ist ein Drama aus den</Unicode>
                </TextEquiv>
            </TextLine>
            <TextLine id="tr_3_tl_45" custom="readingOrder {index:44;}">
                <Coords points="2023,2552 2971,2541 2961,2491 2023,2501"/>
                <Baseline points="2030,2538 2077,2541 2124,2538 2171,2538 2218,2538 2266,2538 2313,2539 2360,2540 2407,2538 2454,2538 2502,2538 2549,2536 2596,2535 2643,2535 2690,2537 2738,2538 2785,2536 2832,2535 2879,2535 2926,2535 2974,2535"/>
                <Word id="tr_3_tl_45_w1" custom="readingOrder {index:0;}">
                    <Coords points="2017,2500 2017,2560 2120,2560 2120,2500"/>
                    <TextEquiv>
                        <Unicode>Tagen</Unicode>
                    </TextEquiv>
                </Word>
                <Word id="tr_3_tl_45_w2" custom="readingOrder {index:1;}">
                    <Coords points="2160,2498 2160,2558 2213,2558 2213,2498"/>
                    <TextEquiv>
                        <Unicode>der</Unicode>
                    </TextEquiv>
                </Word>
                <Word id="tr_3_tl_45_w3" custom="readingOrder {index:2;}">
                    <Coords points="2243,2499 2243,2559 2415,2559 2415,2499"/>
                    <TextEquiv>
                        <Unicode>Besetzung</Unicode>
                    </TextEquiv>
                </Word>
                <Word id="tr_3_tl_45_w4" custom="readingOrder {index:3;}">
                    <Coords points="2455,2497 2455,2557 2567,2557 2567,2497"/>
                    <TextEquiv>
                        <Unicode>Wiens</Unicode>
                    </TextEquiv>
                </Word>
                <Word id="tr_3_tl_45_w5" custom="readingOrder {index:4;}">
                    <Coords points="2602,2495 2602,2555 2690,2555 2690,2495"/>
                    <TextEquiv>
                        <Unicode>durch</Unicode>
                    </TextEquiv>
                </Word>
                <Word id="tr_3_tl_45_w6" custom="readingOrder {index:5;}">
                    <Coords points="2725,2495 2725,2555 2896,2555 2896,2495"/>
                    <TextEquiv>
                        <Unicode>Napoleon</Unicode>
                    </TextEquiv>
                </Word>
                <Word id="tr_3_tl_45_w7" custom="readingOrder {index:6;}">
                    <Coords points="2936,2495 2936,2555 2965,2555 2965,2495"/>
                    <TextEquiv>
                        <Unicode>I.</Unicode>
                    </TextEquiv>
                </Word>
                <TextEquiv>
                    <Unicode>Tagen der Besetzung Wiens durch Napoleon I.</Unicode>
                </TextEquiv>
            </TextLine>
            <TextLine id="tr_3_tl_46" custom="readingOrder {index:45;}">
                <Coords points="2020,2603 2975,2590 2975,2541 2448,2540 2379,2569 2020,2544"/>
                <Baseline points="2027,2592 2074,2589 2122,2589 2169,2589 2217,2586 2264,2586 2312,2586 2359,2588 2407,2587 2454,2588 2502,2586 2549,2586 2597,2586 2644,2586 2692,2586 2739,2586 2787,2586 2834,2588 2882,2586 2929,2583 2977,2580"/>
                <Word id="tr_3_tl_46_w1" custom="readingOrder {index:0;}">
                    <Coords points="2020,2549 2020,2609 2199,2609 2199,2549"/>
                    <TextEquiv>
                        <Unicode>(erschienen</Unicode>
                    </TextEquiv>
                </Word>
                <Word id="tr_3_tl_46_w2" custom="readingOrder {index:1;}">
                    <Coords points="2243,2546 2243,2606 2347,2606 2347,2546"/>
                    <TextEquiv>
                        <Unicode>1900).</Unicode>
                    </TextEquiv>
                </Word>
                <Word id="tr_3_tl_46_w3" custom="readingOrder {index:2;}">
                    <Coords points="2390,2547 2390,2607 2507,2607 2507,2547"/>
                    <TextEquiv>
                        <Unicode>Diesem</Unicode>
                    </TextEquiv>
                </Word>
                <Word id="tr_3_tl_46_w4" custom="readingOrder {index:3;}">
                    <Coords points="2560,2546 2560,2606 2676,2606 2676,2546"/>
                    <TextEquiv>
                        <Unicode>Werke</Unicode>
                    </TextEquiv>
                </Word>
                <Word id="tr_3_tl_46_w5" custom="readingOrder {index:4;}">
                    <Coords points="2730,2546 2730,2606 2830,2606 2830,2546"/>
                    <TextEquiv>
                        <Unicode>folgte</Unicode>
                    </TextEquiv>
                </Word>
                <Word id="tr_3_tl_46_w6" custom="readingOrder {index:5;}">
                    <Coords points="2868,2544 2868,2604 2957,2604 2957,2544"/>
                    <TextEquiv>
                        <Unicode>„Das</Unicode>
                    </TextEquiv>
                </Word>
                <TextEquiv>
                    <Unicode>(erschienen 1900). Diesem Werke folgte „Das</Unicode>
                </TextEquiv>
            </TextLine>
            <TextLine id="tr_3_tl_47" custom="readingOrder {index:46;}">
                <Coords points="2010,2652 2976,2653 2967,2591 2010,2608"/>
                <Baseline points="2018,2633 2066,2636 2114,2636 2162,2636 2210,2635 2258,2634 2306,2635 2354,2633 2402,2633 2450,2633 2499,2633 2547,2633 2595,2636 2643,2633 2691,2633 2739,2633 2787,2633 2835,2633 2883,2633 2931,2633 2980,2633"/>
                <Word id="tr_3_tl_47_w1" custom="readingOrder {index:0;}">
                    <Coords points="2015,2595 2015,2655 2104,2655 2104,2595"/>
                    <TextEquiv>
                        <Unicode>weite</Unicode>
                    </TextEquiv>
                </Word>
                <Word id="tr_3_tl_47_w2" custom="readingOrder {index:1;}">
                    <Coords points="2137,2595 2137,2655 2242,2655 2242,2595"/>
                    <TextEquiv>
                        <Unicode>Land“</Unicode>
                    </TextEquiv>
                </Word>
                <Word id="tr_3_tl_47_w3" custom="readingOrder {index:2;}">
                    <Coords points="2291,2593 2291,2653 2401,2653 2401,2593"/>
                    <TextEquiv>
                        <Unicode>(1910),</Unicode>
                    </TextEquiv>
                </Word>
                <Word id="tr_3_tl_47_w4" custom="readingOrder {index:3;}">
                    <Coords points="2429,2593 2429,2653 2497,2653 2497,2593"/>
                    <TextEquiv>
                        <Unicode>eine</Unicode>
                    </TextEquiv>
                </Word>
                <Word id="tr_3_tl_47_w5" custom="readingOrder {index:4;}">
                    <Coords points="2529,2593 2529,2653 2783,2653 2783,2593"/>
                    <TextEquiv>
                        <Unicode>Tragikomödie</Unicode>
                    </TextEquiv>
                </Word>
                <Word id="tr_3_tl_47_w6" custom="readingOrder {index:5;}">
                    <Coords points="2815,2593 2815,2653 2868,2653 2868,2593"/>
                    <TextEquiv>
                        <Unicode>des</Unicode>
                    </TextEquiv>
                </Word>
                <Word id="tr_3_tl_47_w7" custom="readingOrder {index:6;}">
                    <Coords points="2906,2593 2906,2653 2968,2653 2968,2593"/>
                    <TextEquiv>
                        <Unicode>Al¬</Unicode>
                    </TextEquiv>
                </Word>
                <TextEquiv>
                    <Unicode>weite Land“ (1910), eine Tragikomödie des Al¬</Unicode>
                </TextEquiv>
            </TextLine>
            <TextLine id="tr_3_tl_48" custom="readingOrder {index:47;}">
                <Coords points="2013,2692 2971,2681 2792,2638 2013,2651"/>
                <Baseline points="2021,2687 2068,2684 2116,2684 2163,2684 2211,2684 2259,2681 2306,2681 2354,2684 2402,2684 2449,2684 2497,2683 2545,2681 2592,2682 2640,2684 2688,2682 2735,2681 2783,2681 2831,2681 2878,2681 2926,2681 2974,2681"/>
                <Word id="tr_3_tl_48_w1" custom="readingOrder {index:0;}">
                    <Coords points="2013,2644 2013,2704 2100,2704 2100,2644"/>
                    <TextEquiv>
                        <Unicode>terns</Unicode>
                    </TextEquiv>
                </Word>
                <Word id="tr_3_tl_48_w2" custom="readingOrder {index:1;}">
                    <Coords points="2137,2644 2137,2704 2198,2704 2198,2644"/>
                    <TextEquiv>
                        <Unicode>und</Unicode>
                    </TextEquiv>
                </Word>
                <Word id="tr_3_tl_48_w3" custom="readingOrder {index:2;}">
                    <Coords points="2230,2641 2230,2701 2296,2701 2296,2641"/>
                    <TextEquiv>
                        <Unicode>1912</Unicode>
                    </TextEquiv>
                </Word>
                <Word id="tr_3_tl_48_w4" custom="readingOrder {index:3;}">
                    <Coords points="2328,2644 2328,2704 2509,2704 2509,2644"/>
                    <TextEquiv>
                        <Unicode>„Professor</Unicode>
                    </TextEquiv>
                </Word>
                <Word id="tr_3_tl_48_w5" custom="readingOrder {index:4;}">
                    <Coords points="2540,2643 2540,2703 2741,2703 2741,2643"/>
                    <TextEquiv>
                        <Unicode>Berhardi",</Unicode>
                    </TextEquiv>
                </Word>
                <Word id="tr_3_tl_48_w6" custom="readingOrder {index:5;}">
                    <Coords points="2763,2641 2763,2701 2809,2701 2809,2641"/>
                    <TextEquiv>
                        <Unicode>ein</Unicode>
                    </TextEquiv>
                </Word>
                <Word id="tr_3_tl_48_w7" custom="readingOrder {index:6;}">
                    <Coords points="2841,2641 2841,2701 2964,2701 2964,2641"/>
                    <TextEquiv>
                        <Unicode>Schau¬</Unicode>
                    </TextEquiv>
                </Word>
                <TextEquiv>
                    <Unicode>terns und 1912 „Professor Berhardi", ein Schau¬</Unicode>
                </TextEquiv>
            </TextLine>
            <TextLine id="tr_3_tl_49" custom="readingOrder {index:48;}">
                <Coords points="2013,2742 2968,2742 2968,2684 2013,2696"/>
                <Baseline points="2021,2738 2068,2732 2116,2732 2163,2732 2211,2732 2258,2732 2306,2732 2353,2732 2401,2732 2448,2732 2496,2732 2543,2732 2591,2732 2638,2732 2686,2732 2733,2732 2781,2732 2828,2730 2876,2729 2923,2729 2971,2732"/>
                <Word id="tr_3_tl_49_w1" custom="readingOrder {index:0;}">
                    <Coords points="2013,2693 2013,2753 2095,2753 2095,2693"/>
                    <TextEquiv>
                        <Unicode>spiel</Unicode>
                    </TextEquiv>
                </Word>
                <Word id="tr_3_tl_49_w2" custom="readingOrder {index:1;}">
                    <Coords points="2121,2692 2121,2752 2182,2752 2182,2692"/>
                    <TextEquiv>
                        <Unicode>aus</Unicode>
                    </TextEquiv>
                </Word>
                <Word id="tr_3_tl_49_w3" custom="readingOrder {index:2;}">
                    <Coords points="2214,2692 2214,2752 2270,2752 2270,2692"/>
                    <TextEquiv>
                        <Unicode>dem</Unicode>
                    </TextEquiv>
                </Word>
                <Word id="tr_3_tl_49_w4" custom="readingOrder {index:3;}">
                    <Coords points="2311,2692 2311,2752 2481,2752 2481,2692"/>
                    <TextEquiv>
                        <Unicode>ärztlichen</Unicode>
                    </TextEquiv>
                </Word>
                <Word id="tr_3_tl_49_w5" custom="readingOrder {index:4;}">
                    <Coords points="2518,2692 2518,2752 2641,2752 2641,2692"/>
                    <TextEquiv>
                        <Unicode>Beruf,</Unicode>
                    </TextEquiv>
                </Word>
                <Word id="tr_3_tl_49_w6" custom="readingOrder {index:5;}">
                    <Coords points="2668,2692 2668,2752 2719,2752 2719,2692"/>
                    <TextEquiv>
                        <Unicode>bei</Unicode>
                    </TextEquiv>
                </Word>
                <Word id="tr_3_tl_49_w7" custom="readingOrder {index:6;}">
                    <Coords points="2745,2691 2745,2751 2848,2751 2848,2691"/>
                    <TextEquiv>
                        <Unicode>seiner</Unicode>
                    </TextEquiv>
                </Word>
                <Word id="tr_3_tl_49_w8" custom="readingOrder {index:7;}">
                    <Coords points="2879,2689 2879,2749 2961,2749 2961,2689"/>
                    <TextEquiv>
                        <Unicode>Auf¬</Unicode>
                    </TextEquiv>
                </Word>
                <TextEquiv>
                    <Unicode>spiel aus dem ärztlichen Beruf, bei seiner Auf¬</Unicode>
                </TextEquiv>
            </TextLine>
            <TextLine id="tr_3_tl_50" custom="readingOrder {index:49;}">
                <Coords points="2010,2792 2972,2786 2932,2736 2010,2750"/>
                <Baseline points="2018,2783 2065,2783 2113,2783 2161,2780 2209,2780 2257,2780 2304,2780 2352,2780 2400,2780 2448,2780 2496,2780 2543,2780 2591,2780 2639,2780 2687,2780 2735,2778 2782,2777 2830,2777 2878,2777 2926,2780 2974,2780"/>
                <Word id="tr_3_tl_50_w1" custom="readingOrder {index:0;}">
                    <Coords points="2009,2743 2009,2803 2151,2803 2151,2743"/>
                    <TextEquiv>
                        <Unicode>führung</Unicode>
                    </TextEquiv>
                </Word>
                <Word id="tr_3_tl_50_w2" custom="readingOrder {index:1;}">
                    <Coords points="2191,2740 2191,2800 2244,2800 2244,2740"/>
                    <TextEquiv>
                        <Unicode>von</Unicode>
                    </TextEquiv>
                </Word>
                <Word id="tr_3_tl_50_w3" custom="readingOrder {index:2;}">
                    <Coords points="2284,2740 2284,2800 2460,2800 2460,2740"/>
                    <TextEquiv>
                        <Unicode>politischen</Unicode>
                    </TextEquiv>
                </Word>
                <Word id="tr_3_tl_50_w4" custom="readingOrder {index:3;}">
                    <Coords points="2495,2740 2495,2800 2652,2800 2652,2740"/>
                    <TextEquiv>
                        <Unicode>Gruppen</Unicode>
                    </TextEquiv>
                </Word>
                <Word id="tr_3_tl_50_w5" custom="readingOrder {index:4;}">
                    <Coords points="2692,2737 2692,2797 2961,2797 2961,2737"/>
                    <TextEquiv>
                        <Unicode>vielumstritten.</Unicode>
                    </TextEquiv>
                </Word>
                <TextEquiv>
                    <Unicode>führung von politischen Gruppen vielumstritten.</Unicode>
                </TextEquiv>
            </TextLine>
            <TextLine id="tr_3_tl_51" custom="readingOrder {index:50;}">
                <Coords points="2010,2842 2972,2829 2972,2797 2890,2788 2010,2792"/>
                <Baseline points="2018,2837 2065,2832 2113,2833 2161,2831 2209,2831 2257,2828 2304,2828 2352,2828 2400,2828 2448,2828 2496,2828 2543,2828 2591,2828 2639,2828 2687,2828 2735,2828 2782,2828 2830,2828 2878,2828 2926,2828 2974,2828"/>
                <Word id="tr_3_tl_51_w1" custom="readingOrder {index:0;}">
                    <Coords points="2010,2795 2010,2855 2054,2855 2054,2795"/>
                    <TextEquiv>
                        <Unicode>Im</Unicode>
                    </TextEquiv>
                </Word>
                <Word id="tr_3_tl_51_w2" custom="readingOrder {index:1;}">
                    <Coords points="2105,2791 2105,2851 2215,2851 2215,2791"/>
                    <TextEquiv>
                        <Unicode>Jahre</Unicode>
                    </TextEquiv>
                </Word>
                <Word id="tr_3_tl_51_w3" custom="readingOrder {index:2;}">
                    <Coords points="2251,2788 2251,2848 2321,2848 2321,2788"/>
                    <TextEquiv>
                        <Unicode>1915</Unicode>
                    </TextEquiv>
                </Word>
                <Word id="tr_3_tl_51_w4" custom="readingOrder {index:3;}">
                    <Coords points="2357,2788 2357,2848 2527,2848 2527,2788"/>
                    <TextEquiv>
                        <Unicode>erschienen</Unicode>
                    </TextEquiv>
                </Word>
                <Word id="tr_3_tl_51_w5" custom="readingOrder {index:4;}">
                    <Coords points="2568,2788 2568,2848 2638,2848 2638,2788"/>
                    <TextEquiv>
                        <Unicode>drei</Unicode>
                    </TextEquiv>
                </Word>
                <Word id="tr_3_tl_51_w6" custom="readingOrder {index:5;}">
                    <Coords points="2669,2788 2669,2848 2824,2848 2824,2788"/>
                    <TextEquiv>
                        <Unicode>Einakter</Unicode>
                    </TextEquiv>
                </Word>
                <Word id="tr_3_tl_51_w7" custom="readingOrder {index:6;}">
                    <Coords points="2860,2788 2860,2848 2955,2848 2955,2788"/>
                    <TextEquiv>
                        <Unicode>unter</Unicode>
                    </TextEquiv>
                </Word>
                <TextEquiv>
                    <Unicode>Im Jahre 1915 erschienen drei Einakter unter</Unicode>
                </TextEquiv>
            </TextLine>
            <TextLine id="tr_3_tl_52" custom="readingOrder {index:51;}">
                <Coords points="2013,2890 2971,2881 2971,2829 2752,2857 2352,2836 2268,2871 2211,2836 2013,2840"/>
                <Baseline points="2021,2881 2068,2879 2116,2878 2163,2878 2211,2878 2259,2881 2306,2878 2354,2875 2402,2876 2449,2877 2497,2875 2545,2874 2592,2873 2640,2875 2688,2877 2735,2876 2783,2875 2831,2875 2878,2875 2926,2875 2974,2875"/>
                <Word id="tr_3_tl_52_w1" custom="readingOrder {index:0;}">
                    <Coords points="2013,2840 2013,2900 2064,2900 2064,2840"/>
                    <TextEquiv>
                        <Unicode>dem</Unicode>
                    </TextEquiv>
                </Word>
                <Word id="tr_3_tl_52_w2" custom="readingOrder {index:1;}">
                    <Coords points="2116,2838 2116,2898 2229,2898 2229,2838"/>
                    <TextEquiv>
                        <Unicode>Titel:</Unicode>
                    </TextEquiv>
                </Word>
                <Word id="tr_3_tl_52_w3" custom="readingOrder {index:2;}">
                    <Coords points="2276,2835 2276,2895 2457,2895 2457,2835"/>
                    <TextEquiv>
                        <Unicode>„Komödie</Unicode>
                    </TextEquiv>
                </Word>
                <Word id="tr_3_tl_52_w4" custom="readingOrder {index:3;}">
                    <Coords points="2489,2834 2489,2894 2545,2894 2545,2834"/>
                    <TextEquiv>
                        <Unicode>der</Unicode>
                    </TextEquiv>
                </Word>
                <Word id="tr_3_tl_52_w5" custom="readingOrder {index:4;}">
                    <Coords points="2576,2835 2576,2895 2726,2895 2726,2835"/>
                    <TextEquiv>
                        <Unicode>Worte",</Unicode>
                    </TextEquiv>
                </Word>
                <Word id="tr_3_tl_52_w6" custom="readingOrder {index:5;}">
                    <Coords points="2773,2835 2773,2895 2840,2895 2840,2835"/>
                    <TextEquiv>
                        <Unicode>1917</Unicode>
                    </TextEquiv>
                </Word>
                <Word id="tr_3_tl_52_w7" custom="readingOrder {index:6;}">
                    <Coords points="2902,2835 2902,2895 2953,2895 2953,2835"/>
                    <TextEquiv>
                        <Unicode>das</Unicode>
                    </TextEquiv>
                </Word>
                <TextEquiv>
                    <Unicode>dem Titel: „Komödie der Worte", 1917 das</Unicode>
                </TextEquiv>
            </TextLine>
            <TextLine id="tr_3_tl_53" custom="readingOrder {index:52;}">
                <Coords points="2010,2942 2968,2935 2968,2881 2010,2886"/>
                <Baseline points="2018,2932 2065,2929 2113,2926 2160,2929 2208,2929 2256,2926 2303,2926 2351,2926 2399,2926 2446,2926 2494,2926 2542,2926 2589,2926 2637,2926 2685,2928 2732,2925 2780,2923 2828,2925 2875,2926 2923,2926 2971,2923"/>
                <Word id="tr_3_tl_53_w1" custom="readingOrder {index:0;}">
                    <Coords points="2015,2887 2015,2947 2152,2947 2152,2887"/>
                    <TextEquiv>
                        <Unicode>schwache</Unicode>
                    </TextEquiv>
                </Word>
                <Word id="tr_3_tl_53_w2" custom="readingOrder {index:1;}">
                    <Coords points="2195,2886 2195,2946 2295,2946 2295,2886"/>
                    <TextEquiv>
                        <Unicode>„Fink</Unicode>
                    </TextEquiv>
                </Word>
                <Word id="tr_3_tl_53_w3" custom="readingOrder {index:2;}">
                    <Coords points="2338,2886 2338,2946 2400,2946 2400,2886"/>
                    <TextEquiv>
                        <Unicode>und</Unicode>
                    </TextEquiv>
                </Word>
                <Word id="tr_3_tl_53_w4" custom="readingOrder {index:3;}">
                    <Coords points="2438,2886 2438,2946 2696,2946 2696,2886"/>
                    <TextEquiv>
                        <Unicode>Fliederbusch",</Unicode>
                    </TextEquiv>
                </Word>
                <Word id="tr_3_tl_53_w5" custom="readingOrder {index:4;}">
                    <Coords points="2745,2883 2745,2943 2818,2943 2818,2883"/>
                    <TextEquiv>
                        <Unicode>1919</Unicode>
                    </TextEquiv>
                </Word>
                <Word id="tr_3_tl_53_w6" custom="readingOrder {index:5;}">
                    <Coords points="2872,2886 2872,2946 2955,2946 2955,2886"/>
                    <TextEquiv>
                        <Unicode>„Die</Unicode>
                    </TextEquiv>
                </Word>
                <TextEquiv>
                    <Unicode>schwache „Fink und Fliederbusch", 1919 „Die</Unicode>
                </TextEquiv>
            </TextLine>
            <TextLine id="tr_3_tl_54" custom="readingOrder {index:53;}">
                <Coords points="2017,2986 2972,2996 2972,2937 2854,2926 2017,2940"/>
                <Baseline points="2024,2980 2071,2977 2119,2977 2166,2977 2214,2974 2261,2974 2309,2974 2356,2974 2404,2974 2451,2974 2499,2974 2546,2974 2594,2974 2641,2974 2689,2974 2736,2974 2784,2974 2831,2974 2879,2974 2926,2974 2974,2971"/>
                <Word id="tr_3_tl_54_w1" custom="readingOrder {index:0;}">
                    <Coords points="2017,2937 2017,2997 2171,2997 2171,2937"/>
                    <TextEquiv>
                        <Unicode>Schestern</Unicode>
                    </TextEquiv>
                </Word>
                <Word id="tr_3_tl_54_w2" custom="readingOrder {index:1;}">
                    <Coords points="2213,2934 2213,2994 2284,2994 2284,2934"/>
                    <TextEquiv>
                        <Unicode>oder</Unicode>
                    </TextEquiv>
                </Word>
                <Word id="tr_3_tl_54_w3" custom="readingOrder {index:2;}">
                    <Coords points="2316,2934 2316,2994 2486,2994 2486,2934"/>
                    <TextEquiv>
                        <Unicode>Casanova</Unicode>
                    </TextEquiv>
                </Word>
                <Word id="tr_3_tl_54_w4" custom="readingOrder {index:3;}">
                    <Coords points="2517,2934 2517,2994 2548,2994 2548,2934"/>
                    <TextEquiv>
                        <Unicode>in</Unicode>
                    </TextEquiv>
                </Word>
                <Word id="tr_3_tl_54_w5" custom="readingOrder {index:4;}">
                    <Coords points="2584,2934 2584,2994 2692,2994 2692,2934"/>
                    <TextEquiv>
                        <Unicode>Spa“,</Unicode>
                    </TextEquiv>
                </Word>
                <Word id="tr_3_tl_54_w6" custom="readingOrder {index:5;}">
                    <Coords points="2718,2934 2718,2994 2785,2994 2785,2934"/>
                    <TextEquiv>
                        <Unicode>1924</Unicode>
                    </TextEquiv>
                </Word>
                <Word id="tr_3_tl_54_w7" custom="readingOrder {index:6;}">
                    <Coords points="2822,2934 2822,2994 2955,2994 2955,2934"/>
                    <TextEquiv>
                        <Unicode>„Komö¬</Unicode>
                    </TextEquiv>
                </Word>
                <TextEquiv>
                    <Unicode>Schestern oder Casanova in Spa“, 1924 „Komö¬</Unicode>
                </TextEquiv>
            </TextLine>
            <TextLine id="tr_3_tl_55" custom="readingOrder {index:54;}">
                <Coords points="2017,3033 2972,3036 2972,2996 2904,2980 2017,2987"/>
                <Baseline points="2024,3028 2071,3025 2119,3025 2166,3022 2214,3025 2261,3025 2309,3022 2356,3023 2404,3025 2451,3024 2499,3022 2546,3022 2594,3022 2641,3022 2689,3022 2736,3022 2784,3024 2831,3025 2879,3025 2926,3025 2974,3025"/>
                <Word id="tr_3_tl_55_w1" custom="readingOrder {index:0;}">
                    <Coords points="2017,2987 2017,3047 2057,3047 2057,2987"/>
                    <TextEquiv>
                        <Unicode>die</Unicode>
                    </TextEquiv>
                </Word>
                <Word id="tr_3_tl_55_w2" custom="readingOrder {index:1;}">
                    <Coords points="2094,2984 2094,3044 2145,3044 2145,2984"/>
                    <TextEquiv>
                        <Unicode>der</Unicode>
                    </TextEquiv>
                </Word>
                <Word id="tr_3_tl_55_w3" custom="readingOrder {index:2;}">
                    <Coords points="2182,2982 2182,3042 2413,3042 2413,2982"/>
                    <TextEquiv>
                        <Unicode>Verführung"</Unicode>
                    </TextEquiv>
                </Word>
                <Word id="tr_3_tl_55_w4" custom="readingOrder {index:3;}">
                    <Coords points="2455,2982 2455,3042 2511,3042 2511,2982"/>
                    <TextEquiv>
                        <Unicode>und</Unicode>
                    </TextEquiv>
                </Word>
                <Word id="tr_3_tl_55_w5" custom="readingOrder {index:4;}">
                    <Coords points="2548,2982 2548,3042 2615,3042 2615,2982"/>
                    <TextEquiv>
                        <Unicode>1925</Unicode>
                    </TextEquiv>
                </Word>
                <Word id="tr_3_tl_55_w6" custom="readingOrder {index:5;}">
                    <Coords points="2651,2982 2651,3042 2702,3042 2702,2982"/>
                    <TextEquiv>
                        <Unicode>die</Unicode>
                    </TextEquiv>
                </Word>
                <Word id="tr_3_tl_55_w7" custom="readingOrder {index:6;}">
                    <Coords points="2755,2985 2755,3045 2955,3045 2955,2985"/>
                    <TextEquiv>
                        <Unicode>dramatische</Unicode>
                    </TextEquiv>
                </Word>
                <TextEquiv>
                    <Unicode>die der Verführung" und 1925 die dramatische</Unicode>
                </TextEquiv>
            </TextLine>
            <TextLine id="tr_3_tl_56" custom="readingOrder {index:55;}">
                <Coords points="2020,3100 2328,3073 2732,3083 2717,3028 2355,3030 2329,3053 2251,3033 2215,3054 2020,3033"/>
                <Baseline points="2027,3075 2062,3075 2097,3073 2133,3072 2168,3073 2204,3075 2239,3075 2274,3073 2310,3070 2345,3070 2381,3072 2416,3072 2451,3072 2487,3072 2522,3071 2558,3069 2593,3069 2628,3071 2664,3071 2699,3070 2735,3072"/>
                <Word id="tr_3_tl_56_w1" custom="readingOrder {index:0;}">
                    <Coords points="2020,3032 2020,3092 2194,3092 2194,3032"/>
                    <TextEquiv>
                        <Unicode>Dichtung:</Unicode>
                    </TextEquiv>
                </Word>
                <Word id="tr_3_tl_56_w2" custom="readingOrder {index:1;}">
                    <Coords points="2225,3033 2225,3093 2308,3093 2308,3033"/>
                    <TextEquiv>
                        <Unicode>„Der</Unicode>
                    </TextEquiv>
                </Word>
                <Word id="tr_3_tl_56_w3" custom="readingOrder {index:2;}">
                    <Coords points="2339,3032 2339,3092 2431,3092 2431,3032"/>
                    <TextEquiv>
                        <Unicode>Gang</Unicode>
                    </TextEquiv>
                </Word>
                <Word id="tr_3_tl_56_w4" custom="readingOrder {index:3;}">
                    <Coords points="2463,3031 2463,3091 2519,3091 2519,3031"/>
                    <TextEquiv>
                        <Unicode>zum</Unicode>
                    </TextEquiv>
                </Word>
                <Word id="tr_3_tl_56_w5" custom="readingOrder {index:4;}">
                    <Coords points="2566,3031 2566,3091 2730,3091 2730,3031"/>
                    <TextEquiv>
                        <Unicode>Weiher“.</Unicode>
                    </TextEquiv>
                </Word>
                <TextEquiv>
                    <Unicode>Dichtung: „Der Gang zum Weiher“.</Unicode>
                </TextEquiv>
            </TextLine>
            <TextLine id="tr_3_tl_57" custom="readingOrder {index:56;}">
                <Coords points="2064,3123 2974,3129 2974,3086 2797,3065 2064,3082"/>
                <Baseline points="2072,3120 2117,3122 2162,3123 2207,3121 2253,3120 2298,3120 2343,3120 2388,3120 2434,3120 2479,3117 2524,3120 2569,3120 2615,3120 2660,3120 2705,3120 2750,3120 2796,3120 2841,3117 2886,3117 2931,3117 2977,3117"/>
                <Word id="tr_3_tl_57_w1" custom="readingOrder {index:0;}">
                    <Coords points="2069,3082 2069,3142 2264,3142 2264,3082"/>
                    <TextEquiv>
                        <Unicode>Schnitzlers</Unicode>
                    </TextEquiv>
                </Word>
                <Word id="tr_3_tl_57_w2" custom="readingOrder {index:1;}">
                    <Coords points="2305,3080 2305,3140 2470,3140 2470,3080"/>
                    <TextEquiv>
                        <Unicode>Eigenart</Unicode>
                    </TextEquiv>
                </Word>
                <Word id="tr_3_tl_57_w3" custom="readingOrder {index:2;}">
                    <Coords points="2506,3080 2506,3140 2560,3140 2560,3080"/>
                    <TextEquiv>
                        <Unicode>und</Unicode>
                    </TextEquiv>
                </Word>
                <Word id="tr_3_tl_57_w4" custom="readingOrder {index:3;}">
                    <Coords points="2601,3080 2601,3140 2716,3140 2716,3080"/>
                    <TextEquiv>
                        <Unicode>großes</Unicode>
                    </TextEquiv>
                </Word>
                <Word id="tr_3_tl_57_w5" custom="readingOrder {index:4;}">
                    <Coords points="2757,3078 2757,3138 2882,3138 2882,3078"/>
                    <TextEquiv>
                        <Unicode>Talent</Unicode>
                    </TextEquiv>
                </Word>
                <Word id="tr_3_tl_57_w6" custom="readingOrder {index:5;}">
                    <Coords points="2913,3077 2913,3137 2962,3137 2962,3077"/>
                    <TextEquiv>
                        <Unicode>of¬</Unicode>
                    </TextEquiv>
                </Word>
                <TextEquiv>
                    <Unicode>Schnitzlers Eigenart und großes Talent of¬</Unicode>
                </TextEquiv>
            </TextLine>
            <TextLine id="tr_3_tl_58" custom="readingOrder {index:57;}">
                <Coords points="2017,3181 2979,3172 2979,3134 2842,3123 2017,3130"/>
                <Baseline points="2024,3174 2074,3171 2124,3171 2175,3171 2225,3171 2276,3169 2326,3170 2377,3168 2427,3168 2478,3168 2528,3168 2579,3168 2629,3168 2680,3168 2730,3168 2781,3169 2831,3169 2882,3166 2932,3168 2983,3165"/>
                <Word id="tr_3_tl_58_w1" custom="readingOrder {index:0;}">
                    <Coords points="2016,3131 2016,3191 2148,3191 2148,3131"/>
                    <TextEquiv>
                        <Unicode>fenbart</Unicode>
                    </TextEquiv>
                </Word>
                <Word id="tr_3_tl_58_w2" custom="readingOrder {index:1;}">
                    <Coords points="2178,3131 2178,3191 2227,3191 2227,3131"/>
                    <TextEquiv>
                        <Unicode>sich</Unicode>
                    </TextEquiv>
                </Word>
                <Word id="tr_3_tl_58_w3" custom="readingOrder {index:2;}">
                    <Coords points="2257,3129 2257,3189 2340,3189 2340,3129"/>
                    <TextEquiv>
                        <Unicode>nicht</Unicode>
                    </TextEquiv>
                </Word>
                <Word id="tr_3_tl_58_w4" custom="readingOrder {index:3;}">
                    <Coords points="2370,3128 2370,3188 2512,3188 2512,3128"/>
                    <TextEquiv>
                        <Unicode>weniger</Unicode>
                    </TextEquiv>
                </Word>
                <Word id="tr_3_tl_58_w5" custom="readingOrder {index:4;}">
                    <Coords points="2542,3128 2542,3188 2571,3188 2571,3128"/>
                    <TextEquiv>
                        <Unicode>in</Unicode>
                    </TextEquiv>
                </Word>
                <Word id="tr_3_tl_58_w6" custom="readingOrder {index:5;}">
                    <Coords points="2610,3128 2610,3188 2708,3188 2708,3128"/>
                    <TextEquiv>
                        <Unicode>seinen</Unicode>
                    </TextEquiv>
                </Word>
                <Word id="tr_3_tl_58_w7" custom="readingOrder {index:6;}">
                    <Coords points="2748,3127 2748,3187 2954,3187 2954,3127"/>
                    <TextEquiv>
                        <Unicode>erzählenden</Unicode>
                    </TextEquiv>
                </Word>
                <TextEquiv>
                    <Unicode>fenbart sich nicht weniger in seinen erzählenden</Unicode>
                </TextEquiv>
            </TextLine>
            <TextLine id="tr_3_tl_59" custom="readingOrder {index:58;}">
                <Coords points="2020,3224 2979,3229 2979,3187 2908,3173 2020,3183"/>
                <Baseline points="2027,3219 2074,3219 2122,3219 2170,3219 2218,3219 2266,3219 2313,3219 2361,3216 2409,3218 2457,3216 2505,3216 2552,3216 2600,3216 2648,3218 2696,3217 2744,3216 2791,3218 2839,3217 2887,3216 2935,3216 2983,3213"/>
                <Word id="tr_3_tl_59_w1" custom="readingOrder {index:0;}">
                    <Coords points="2020,3179 2020,3239 2165,3239 2165,3179"/>
                    <TextEquiv>
                        <Unicode>Werken.</Unicode>
                    </TextEquiv>
                </Word>
                <Word id="tr_3_tl_59_w2" custom="readingOrder {index:1;}">
                    <Coords points="2211,3179 2211,3239 2311,3239 2311,3179"/>
                    <TextEquiv>
                        <Unicode>Diese</Unicode>
                    </TextEquiv>
                </Word>
                <Word id="tr_3_tl_59_w3" custom="readingOrder {index:2;}">
                    <Coords points="2342,3177 2342,3237 2457,3237 2457,3177"/>
                    <TextEquiv>
                        <Unicode>Werke</Unicode>
                    </TextEquiv>
                </Word>
                <Word id="tr_3_tl_59_w4" custom="readingOrder {index:3;}">
                    <Coords points="2493,3176 2493,3236 2554,3236 2554,3176"/>
                    <TextEquiv>
                        <Unicode>sind</Unicode>
                    </TextEquiv>
                </Word>
                <Word id="tr_3_tl_59_w5" custom="readingOrder {index:4;}">
                    <Coords points="2590,3177 2590,3237 2776,3237 2776,3177"/>
                    <TextEquiv>
                        <Unicode>durchwegs</Unicode>
                    </TextEquiv>
                </Word>
                <Word id="tr_3_tl_59_w6" custom="readingOrder {index:5;}">
                    <Coords points="2832,3176 2832,3236 2962,3236 2962,3176"/>
                    <TextEquiv>
                        <Unicode>kürzere</Unicode>
                    </TextEquiv>
                </Word>
                <TextEquiv>
                    <Unicode>Werken. Diese Werke sind durchwegs kürzere</Unicode>
                </TextEquiv>
            </TextLine>
            <TextLine id="tr_3_tl_60" custom="readingOrder {index:59;}">
                <Coords points="2020,3276 2976,3266 2958,3222 2201,3248 2020,3224"/>
                <Baseline points="2027,3270 2074,3268 2122,3267 2169,3267 2217,3267 2265,3270 2312,3267 2360,3267 2408,3267 2455,3267 2503,3267 2551,3267 2598,3267 2646,3267 2694,3265 2741,3264 2789,3264 2837,3264 2884,3264 2932,3264 2980,3261"/>
                <Word id="tr_3_tl_60_w1" custom="readingOrder {index:0;}">
                    <Coords points="2015,3227 2015,3287 2165,3287 2165,3227"/>
                    <TextEquiv>
                        <Unicode>Arbeiten</Unicode>
                    </TextEquiv>
                </Word>
                <Word id="tr_3_tl_60_w2" custom="readingOrder {index:1;}">
                    <Coords points="2212,3227 2212,3287 2428,3287 2428,3227"/>
                    <TextEquiv>
                        <Unicode>erzählenden</Unicode>
                    </TextEquiv>
                </Word>
                <Word id="tr_3_tl_60_w3" custom="readingOrder {index:2;}">
                    <Coords points="2474,3227 2474,3287 2640,3287 2640,3227"/>
                    <TextEquiv>
                        <Unicode>Inhalts,</Unicode>
                    </TextEquiv>
                </Word>
                <Word id="tr_3_tl_60_w4" custom="readingOrder {index:3;}">
                    <Coords points="2682,3224 2682,3284 2838,3284 2838,3224"/>
                    <TextEquiv>
                        <Unicode>Novellen</Unicode>
                    </TextEquiv>
                </Word>
                <Word id="tr_3_tl_60_w5" custom="readingOrder {index:4;}">
                    <Coords points="2899,3224 2899,3284 2959,3284 2959,3224"/>
                    <TextEquiv>
                        <Unicode>und</Unicode>
                    </TextEquiv>
                </Word>
                <TextEquiv>
                    <Unicode>Arbeiten erzählenden Inhalts, Novellen und</Unicode>
                </TextEquiv>
            </TextLine>
            <TextLine id="tr_3_tl_61" custom="readingOrder {index:60;}">
                <Coords points="2013,3330 2976,3319 2976,3278 2867,3266 2013,3281"/>
                <Baseline points="2021,3320 2071,3315 2121,3314 2172,3314 2222,3314 2273,3315 2323,3316 2374,3314 2424,3314 2475,3314 2525,3314 2576,3317 2626,3314 2677,3314 2727,3314 2778,3313 2828,3311 2879,3311 2929,3311 2980,3308"/>
                <Word id="tr_3_tl_61_w1" custom="readingOrder {index:0;}">
                    <Coords points="2017,3274 2017,3334 2241,3334 2241,3274"/>
                    <TextEquiv>
                        <Unicode>Novelletten.</Unicode>
                    </TextEquiv>
                </Word>
                <Word id="tr_3_tl_61_w2" custom="readingOrder {index:1;}">
                    <Coords points="2266,3274 2266,3334 2461,3334 2461,3274"/>
                    <TextEquiv>
                        <Unicode>Schnitzlers</Unicode>
                    </TextEquiv>
                </Word>
                <Word id="tr_3_tl_61_w3" custom="readingOrder {index:2;}">
                    <Coords points="2496,3276 2496,3336 2642,3336 2642,3276"/>
                    <TextEquiv>
                        <Unicode>einziger</Unicode>
                    </TextEquiv>
                </Word>
                <Word id="tr_3_tl_61_w4" custom="readingOrder {index:3;}">
                    <Coords points="2677,3273 2677,3333 2794,3333 2794,3273"/>
                    <TextEquiv>
                        <Unicode>großer</Unicode>
                    </TextEquiv>
                </Word>
                <Word id="tr_3_tl_61_w5" custom="readingOrder {index:4;}">
                    <Coords points="2828,3271 2828,3331 2955,3331 2955,3271"/>
                    <TextEquiv>
                        <Unicode>Roman</Unicode>
                    </TextEquiv>
                </Word>
                <TextEquiv>
                    <Unicode>Novelletten. Schnitzlers einziger großer Roman</Unicode>
                </TextEquiv>
            </TextLine>
            <TextLine id="tr_3_tl_62" custom="readingOrder {index:61;}">
                <Coords points="2020,3373 2975,3366 2967,3315 2020,3335"/>
                <Baseline points="2027,3368 2074,3365 2122,3365 2169,3362 2217,3362 2264,3362 2312,3365 2359,3362 2407,3362 2454,3362 2502,3362 2549,3362 2597,3364 2644,3363 2692,3362 2739,3362 2787,3362 2834,3362 2882,3362 2929,3359 2977,3359"/>
                <Word id="tr_3_tl_62_w1" custom="readingOrder {index:0;}">
                    <Coords points="2015,3325 2015,3385 2140,3385 2140,3325"/>
                    <TextEquiv>
                        <Unicode>erschien</Unicode>
                    </TextEquiv>
                </Word>
                <Word id="tr_3_tl_62_w2" custom="readingOrder {index:1;}">
                    <Coords points="2181,3322 2181,3382 2271,3382 2271,3322"/>
                    <TextEquiv>
                        <Unicode>1908:</Unicode>
                    </TextEquiv>
                </Word>
                <Word id="tr_3_tl_62_w3" custom="readingOrder {index:2;}">
                    <Coords points="2302,3322 2302,3382 2388,3382 2388,3322"/>
                    <TextEquiv>
                        <Unicode>„Der</Unicode>
                    </TextEquiv>
                </Word>
                <Word id="tr_3_tl_62_w4" custom="readingOrder {index:3;}">
                    <Coords points="2418,3322 2418,3382 2494,3382 2494,3322"/>
                    <TextEquiv>
                        <Unicode>Weg</Unicode>
                    </TextEquiv>
                </Word>
                <Word id="tr_3_tl_62_w5" custom="readingOrder {index:4;}">
                    <Coords points="2530,3322 2530,3382 2579,3382 2579,3322"/>
                    <TextEquiv>
                        <Unicode>ins</Unicode>
                    </TextEquiv>
                </Word>
                <Word id="tr_3_tl_62_w6" custom="readingOrder {index:5;}">
                    <Coords points="2615,3322 2615,3382 2751,3382 2751,3322"/>
                    <TextEquiv>
                        <Unicode>Freie",</Unicode>
                    </TextEquiv>
                </Word>
                <Word id="tr_3_tl_62_w7" custom="readingOrder {index:6;}">
                    <Coords points="2782,3322 2782,3382 2852,3382 2852,3322"/>
                    <TextEquiv>
                        <Unicode>eine</Unicode>
                    </TextEquiv>
                </Word>
                <Word id="tr_3_tl_62_w8" custom="readingOrder {index:7;}">
                    <Coords points="2883,3319 2883,3379 2958,3379 2958,3319"/>
                    <TextEquiv>
                        <Unicode>groß</Unicode>
                    </TextEquiv>
                </Word>
                <TextEquiv>
                    <Unicode>erschien 1908: „Der Weg ins Freie", eine groß</Unicode>
                </TextEquiv>
            </TextLine>
            <TextLine id="tr_3_tl_63" custom="readingOrder {index:62;}">
                <Coords points="2013,3427 2746,3412 2975,3449 2975,3366 2013,3387"/>
                <Baseline points="2021,3416 2068,3414 2116,3413 2164,3410 2212,3410 2260,3410 2307,3410 2355,3410 2403,3411 2451,3413 2499,3413 2546,3413 2594,3412 2642,3410 2690,3410 2738,3410 2785,3412 2833,3411 2881,3410 2929,3410 2977,3404"/>
                <Word id="tr_3_tl_63_w1" custom="readingOrder {index:0;}">
                    <Coords points="2013,3373 2013,3433 2166,3433 2166,3373"/>
                    <TextEquiv>
                        <Unicode>gesehene</Unicode>
                    </TextEquiv>
                </Word>
                <Word id="tr_3_tl_63_w2" custom="readingOrder {index:1;}">
                    <Coords points="2199,3370 2199,3430 2357,3430 2357,3370"/>
                    <TextEquiv>
                        <Unicode>Synthese</Unicode>
                    </TextEquiv>
                </Word>
                <Word id="tr_3_tl_63_w3" custom="readingOrder {index:2;}">
                    <Coords points="2389,3371 2389,3431 2442,3431 2442,3371"/>
                    <TextEquiv>
                        <Unicode>des</Unicode>
                    </TextEquiv>
                </Word>
                <Word id="tr_3_tl_63_w4" custom="readingOrder {index:3;}">
                    <Coords points="2485,3372 2485,3432 2633,3432 2633,3372"/>
                    <TextEquiv>
                        <Unicode>geistigen</Unicode>
                    </TextEquiv>
                </Word>
                <Word id="tr_3_tl_63_w5" custom="readingOrder {index:4;}">
                    <Coords points="2676,3370 2676,3430 2808,3430 2808,3370"/>
                    <TextEquiv>
                        <Unicode>Wiener</Unicode>
                    </TextEquiv>
                </Word>
                <Word id="tr_3_tl_63_w6" custom="readingOrder {index:5;}">
                    <Coords points="2841,3370 2841,3430 2962,3430 2962,3370"/>
                    <TextEquiv>
                        <Unicode>Lebens</Unicode>
                    </TextEquiv>
                </Word>
                <TextEquiv>
                    <Unicode>gesehene Synthese des geistigen Wiener Lebens</Unicode>
                </TextEquiv>
            </TextLine>
            <TextLine id="tr_3_tl_64" custom="readingOrder {index:63;}">
                <Coords points="2010,3478 2799,3471 2799,3424 2754,3421 2010,3425"/>
                <Baseline points="2018,3467 2057,3463 2096,3461 2135,3461 2174,3461 2213,3461 2252,3459 2292,3460 2331,3459 2370,3458 2409,3458 2448,3458 2487,3458 2526,3461 2566,3459 2605,3458 2644,3458 2683,3458 2722,3458 2761,3458 2801,3458"/>
                <Word id="tr_3_tl_64_w1" custom="readingOrder {index:0;}">
                    <Coords points="2014,3424 2014,3484 2073,3484 2073,3424"/>
                    <TextEquiv>
                        <Unicode>zur</Unicode>
                    </TextEquiv>
                </Word>
                <Word id="tr_3_tl_64_w2" custom="readingOrder {index:1;}">
                    <Coords points="2098,3421 2098,3481 2176,3481 2176,3421"/>
                    <TextEquiv>
                        <Unicode>Zeit</Unicode>
                    </TextEquiv>
                </Word>
                <Word id="tr_3_tl_64_w3" custom="readingOrder {index:2;}">
                    <Coords points="2207,3420 2207,3480 2255,3480 2255,3420"/>
                    <TextEquiv>
                        <Unicode>der</Unicode>
                    </TextEquiv>
                </Word>
                <Word id="tr_3_tl_64_w4" custom="readingOrder {index:3;}">
                    <Coords points="2285,3418 2285,3478 2388,3478 2388,3418"/>
                    <TextEquiv>
                        <Unicode>letzten</Unicode>
                    </TextEquiv>
                </Word>
                <Word id="tr_3_tl_64_w5" custom="readingOrder {index:4;}">
                    <Coords points="2424,3418 2424,3478 2793,3478 2793,3418"/>
                    <TextEquiv>
                        <Unicode>Jahrhundertwende.</Unicode>
                    </TextEquiv>
                </Word>
                <TextEquiv>
                    <Unicode>zur Zeit der letzten Jahrhundertwende.</Unicode>
                </TextEquiv>
            </TextLine>
            <TextLine id="tr_3_tl_65" custom="readingOrder {index:64;}">
                <Coords points="2074,3521 2976,3516 2976,3464 2074,3470"/>
                <Baseline points="2081,3506 2128,3508 2175,3508 2222,3506 2270,3508 2317,3508 2364,3508 2412,3507 2459,3507 2506,3507 2554,3506 2601,3507 2648,3508 2696,3508 2743,3507 2790,3506 2838,3506 2885,3503 2932,3506 2980,3500"/>
                <Word id="tr_3_tl_65_w1" custom="readingOrder {index:0;}">
                    <Coords points="2074,3466 2074,3526 2114,3526 2114,3466"/>
                    <TextEquiv>
                        <Unicode>Es</Unicode>
                    </TextEquiv>
                </Word>
                <Word id="tr_3_tl_65_w2" custom="readingOrder {index:1;}">
                    <Coords points="2151,3468 2151,3528 2187,3528 2187,3468"/>
                    <TextEquiv>
                        <Unicode>ist</Unicode>
                    </TextEquiv>
                </Word>
                <Word id="tr_3_tl_65_w3" custom="readingOrder {index:2;}">
                    <Coords points="2219,3466 2219,3526 2265,3526 2265,3466"/>
                    <TextEquiv>
                        <Unicode>ein</Unicode>
                    </TextEquiv>
                </Word>
                <Word id="tr_3_tl_65_w4" custom="readingOrder {index:3;}">
                    <Coords points="2301,3467 2301,3527 2591,3527 2591,3467"/>
                    <TextEquiv>
                        <Unicode>charakteristisches</Unicode>
                    </TextEquiv>
                </Word>
                <Word id="tr_3_tl_65_w5" custom="readingOrder {index:4;}">
                    <Coords points="2628,3467 2628,3527 2803,3527 2803,3467"/>
                    <TextEquiv>
                        <Unicode>Merkmal</Unicode>
                    </TextEquiv>
                </Word>
                <Word id="tr_3_tl_65_w6" custom="readingOrder {index:5;}">
                    <Coords points="2851,3463 2851,3523 2902,3523 2902,3463"/>
                    <TextEquiv>
                        <Unicode>der</Unicode>
                    </TextEquiv>
                </Word>
                <Word id="tr_3_tl_65_w7" custom="readingOrder {index:6;}">
                    <Coords points="2938,3463 2938,3523 2964,3523 2964,3463"/>
                    <TextEquiv>
                        <Unicode>so</Unicode>
                    </TextEquiv>
                </Word>
                <TextEquiv>
                    <Unicode>Es ist ein charakteristisches Merkmal der so</Unicode>
                </TextEquiv>
            </TextLine>
            <TextLine id="tr_3_tl_66" custom="readingOrder {index:65;}">
                <Coords points="2010,3565 2979,3577 2979,3518 2843,3507 2010,3529"/>
                <Baseline points="2018,3559 2066,3559 2114,3557 2162,3556 2211,3556 2259,3556 2307,3556 2355,3556 2404,3556 2452,3556 2500,3556 2548,3556 2597,3556 2645,3556 2693,3554 2741,3555 2790,3554 2838,3553 2886,3553 2934,3553 2983,3553"/>
                <Word id="tr_3_tl_66_w1" custom="readingOrder {index:0;}">
                    <Coords points="2015,3517 2015,3577 2210,3577 2210,3517"/>
                    <TextEquiv>
                        <Unicode>zahlreichen</Unicode>
                    </TextEquiv>
                </Word>
                <Word id="tr_3_tl_66_w2" custom="readingOrder {index:1;}">
                    <Coords points="2245,3516 2245,3576 2355,3576 2355,3516"/>
                    <TextEquiv>
                        <Unicode>Werke</Unicode>
                    </TextEquiv>
                </Word>
                <Word id="tr_3_tl_66_w3" custom="readingOrder {index:2;}">
                    <Coords points="2386,3516 2386,3576 2601,3576 2601,3516"/>
                    <TextEquiv>
                        <Unicode>Schnitzlers,</Unicode>
                    </TextEquiv>
                </Word>
                <Word id="tr_3_tl_66_w4" custom="readingOrder {index:3;}">
                    <Coords points="2627,3515 2627,3575 2671,3575 2671,3515"/>
                    <TextEquiv>
                        <Unicode>die</Unicode>
                    </TextEquiv>
                </Word>
                <Word id="tr_3_tl_66_w5" custom="readingOrder {index:4;}">
                    <Coords points="2707,3514 2707,3574 2761,3574 2761,3514"/>
                    <TextEquiv>
                        <Unicode>dem</Unicode>
                    </TextEquiv>
                </Word>
                <Word id="tr_3_tl_66_w6" custom="readingOrder {index:5;}">
                    <Coords points="2827,3513 2827,3573 2957,3573 2957,3513"/>
                    <TextEquiv>
                        <Unicode>Wiener</Unicode>
                    </TextEquiv>
                </Word>
                <TextEquiv>
                    <Unicode>zahlreichen Werke Schnitzlers, die dem Wiener</Unicode>
                </TextEquiv>
            </TextLine>
            <TextLine id="tr_3_tl_67" custom="readingOrder {index:66;}">
                <Coords points="2013,3619 2976,3611 2976,3575 2888,3557 2013,3567"/>
                <Baseline points="2021,3610 2071,3607 2121,3607 2172,3607 2222,3604 2273,3604 2323,3604 2374,3603 2424,3603 2475,3602 2525,3604 2576,3604 2626,3604 2677,3604 2727,3603 2778,3601 2828,3601 2879,3601 2929,3601 2980,3604"/>
                <Word id="tr_3_tl_67_w1" custom="readingOrder {index:0;}">
                    <Coords points="2012,3567 2012,3627 2134,3627 2134,3567"/>
                    <TextEquiv>
                        <Unicode>Milien</Unicode>
                    </TextEquiv>
                </Word>
                <Word id="tr_3_tl_67_w2" custom="readingOrder {index:1;}">
                    <Coords points="2174,3564 2174,3624 2375,3624 2375,3564"/>
                    <TextEquiv>
                        <Unicode>entstammen</Unicode>
                    </TextEquiv>
                </Word>
                <Word id="tr_3_tl_67_w3" custom="readingOrder {index:2;}">
                    <Coords points="2415,3562 2415,3622 2478,3622 2478,3562"/>
                    <TextEquiv>
                        <Unicode>und</Unicode>
                    </TextEquiv>
                </Word>
                <Word id="tr_3_tl_67_w4" custom="readingOrder {index:3;}">
                    <Coords points="2509,3564 2509,3624 2577,3624 2577,3564"/>
                    <TextEquiv>
                        <Unicode>auch</Unicode>
                    </TextEquiv>
                </Word>
                <Word id="tr_3_tl_67_w5" custom="readingOrder {index:4;}">
                    <Coords points="2607,3564 2607,3624 2739,3624 2739,3564"/>
                    <TextEquiv>
                        <Unicode>solcher,</Unicode>
                    </TextEquiv>
                </Word>
                <Word id="tr_3_tl_67_w6" custom="readingOrder {index:5;}">
                    <Coords points="2764,3561 2764,3621 2812,3621 2812,3561"/>
                    <TextEquiv>
                        <Unicode>die</Unicode>
                    </TextEquiv>
                </Word>
                <Word id="tr_3_tl_67_w7" custom="readingOrder {index:6;}">
                    <Coords points="2843,3561 2843,3621 2901,3621 2901,3561"/>
                    <TextEquiv>
                        <Unicode>erst</Unicode>
                    </TextEquiv>
                </Word>
                <Word id="tr_3_tl_67_w8" custom="readingOrder {index:7;}">
                    <Coords points="2931,3561 2931,3621 2955,3621 2955,3561"/>
                    <TextEquiv>
                        <Unicode>in</Unicode>
                    </TextEquiv>
                </Word>
                <TextEquiv>
                    <Unicode>Milien entstammen und auch solcher, die erst in</Unicode>
                </TextEquiv>
            </TextLine>
            <TextLine id="tr_3_tl_68" custom="readingOrder {index:67;}">
                <Coords points="2013,3662 2975,3665 2975,3615 2838,3603 2013,3622"/>
                <Baseline points="2021,3658 2068,3655 2116,3655 2164,3655 2212,3655 2260,3652 2307,3652 2355,3652 2403,3652 2451,3652 2499,3652 2546,3652 2594,3652 2642,3652 2690,3652 2738,3652 2785,3652 2833,3652 2881,3652 2929,3652 2977,3649"/>
                <Word id="tr_3_tl_68_w1" custom="readingOrder {index:0;}">
                    <Coords points="2013,3616 2013,3676 2067,3676 2067,3616"/>
                    <TextEquiv>
                        <Unicode>den</Unicode>
                    </TextEquiv>
                </Word>
                <Word id="tr_3_tl_68_w2" custom="readingOrder {index:1;}">
                    <Coords points="2108,3615 2108,3675 2299,3675 2299,3615"/>
                    <TextEquiv>
                        <Unicode>allerletzten</Unicode>
                    </TextEquiv>
                </Word>
                <Word id="tr_3_tl_68_w3" custom="readingOrder {index:2;}">
                    <Coords points="2335,3612 2335,3672 2465,3672 2465,3612"/>
                    <TextEquiv>
                        <Unicode>Jahren</Unicode>
                    </TextEquiv>
                </Word>
                <Word id="tr_3_tl_68_w4" custom="readingOrder {index:3;}">
                    <Coords points="2506,3612 2506,3672 2676,3672 2676,3612"/>
                    <TextEquiv>
                        <Unicode>erschienen</Unicode>
                    </TextEquiv>
                </Word>
                <Word id="tr_3_tl_68_w5" custom="readingOrder {index:4;}">
                    <Coords points="2717,3612 2717,3672 2802,3672 2802,3612"/>
                    <TextEquiv>
                        <Unicode>sind,</Unicode>
                    </TextEquiv>
                </Word>
                <Word id="tr_3_tl_68_w6" custom="readingOrder {index:5;}">
                    <Coords points="2828,3612 2828,3672 2883,3672 2883,3612"/>
                    <TextEquiv>
                        <Unicode>daß</Unicode>
                    </TextEquiv>
                </Word>
                <Word id="tr_3_tl_68_w7" custom="readingOrder {index:6;}">
                    <Coords points="2918,3611 2918,3671 2958,3671 2958,3611"/>
                    <TextEquiv>
                        <Unicode>sie</Unicode>
                    </TextEquiv>
                </Word>
                <TextEquiv>
                    <Unicode>den allerletzten Jahren erschienen sind, daß sie</Unicode>
                </TextEquiv>
            </TextLine>
            <TextLine id="tr_3_tl_69" custom="readingOrder {index:68;}">
                <Coords points="2010,3726 2974,3704 2974,3667 2915,3656 2010,3680"/>
                <Baseline points="2018,3709 2068,3707 2118,3704 2169,3703 2219,3703 2270,3703 2320,3703 2371,3703 2421,3699 2472,3699 2522,3700 2573,3700 2623,3700 2674,3700 2724,3700 2775,3700 2825,3700 2876,3700 2926,3697 2977,3697"/>
                <Word id="tr_3_tl_69_w1" custom="readingOrder {index:0;}">
                    <Coords points="2010,3666 2010,3726 2147,3726 2147,3666"/>
                    <TextEquiv>
                        <Unicode>zumeist</Unicode>
                    </TextEquiv>
                </Word>
                <Word id="tr_3_tl_69_w2" custom="readingOrder {index:1;}">
                    <Coords points="2179,3663 2179,3723 2295,3723 2295,3663"/>
                    <TextEquiv>
                        <Unicode>Bilder</Unicode>
                    </TextEquiv>
                </Word>
                <Word id="tr_3_tl_69_w3" custom="readingOrder {index:2;}">
                    <Coords points="2327,3663 2327,3723 2385,3723 2385,3663"/>
                    <TextEquiv>
                        <Unicode>der</Unicode>
                    </TextEquiv>
                </Word>
                <Word id="tr_3_tl_69_w4" custom="readingOrder {index:3;}">
                    <Coords points="2417,3659 2417,3719 2491,3719 2491,3659"/>
                    <TextEquiv>
                        <Unicode>Zeit</Unicode>
                    </TextEquiv>
                </Word>
                <Word id="tr_3_tl_69_w5" custom="readingOrder {index:4;}">
                    <Coords points="2523,3660 2523,3720 2581,3720 2581,3660"/>
                    <TextEquiv>
                        <Unicode>aus</Unicode>
                    </TextEquiv>
                </Word>
                <Word id="tr_3_tl_69_w6" custom="readingOrder {index:5;}">
                    <Coords points="2618,3660 2618,3720 2670,3720 2670,3660"/>
                    <TextEquiv>
                        <Unicode>des</Unicode>
                    </TextEquiv>
                </Word>
                <Word id="tr_3_tl_69_w7" custom="readingOrder {index:6;}">
                    <Coords points="2703,3660 2703,3720 2850,3720 2850,3660"/>
                    <TextEquiv>
                        <Unicode>Dichters</Unicode>
                    </TextEquiv>
                </Word>
                <Word id="tr_3_tl_69_w8" custom="readingOrder {index:7;}">
                    <Coords points="2888,3657 2888,3717 2961,3717 2961,3657"/>
                    <TextEquiv>
                        <Unicode>jün¬</Unicode>
                    </TextEquiv>
                </Word>
                <TextEquiv>
                    <Unicode>zumeist Bilder der Zeit aus des Dichters jün¬</Unicode>
                </TextEquiv>
            </TextLine>
            <TextLine id="tr_3_tl_70" custom="readingOrder {index:69;}">
                <Coords points="2020,3762 2935,3761 2967,3708 2020,3721"/>
                <Baseline points="2027,3759 2074,3756 2121,3753 2168,3753 2215,3752 2262,3751 2309,3752 2356,3750 2403,3750 2450,3750 2497,3750 2544,3748 2591,3747 2638,3749 2685,3750 2732,3750 2779,3748 2826,3747 2873,3747 2920,3747 2968,3744"/>
                <Word id="tr_3_tl_70_w1" custom="readingOrder {index:0;}">
                    <Coords points="2015,3716 2015,3776 2105,3776 2105,3716"/>
                    <TextEquiv>
                        <Unicode>geren</Unicode>
                    </TextEquiv>
                </Word>
                <Word id="tr_3_tl_70_w2" custom="readingOrder {index:1;}">
                    <Coords points="2141,3712 2141,3772 2267,3772 2267,3712"/>
                    <TextEquiv>
                        <Unicode>Jahren</Unicode>
                    </TextEquiv>
                </Word>
                <Word id="tr_3_tl_70_w3" custom="readingOrder {index:2;}">
                    <Coords points="2298,3710 2298,3770 2413,3770 2413,3710"/>
                    <TextEquiv>
                        <Unicode>geben.</Unicode>
                    </TextEquiv>
                </Word>
                <Word id="tr_3_tl_70_w4" custom="readingOrder {index:3;}">
                    <Coords points="2449,3709 2449,3769 2556,3769 2556,3709"/>
                    <TextEquiv>
                        <Unicode>Einer</Unicode>
                    </TextEquiv>
                </Word>
                <Word id="tr_3_tl_70_w5" custom="readingOrder {index:4;}">
                    <Coords points="2581,3707 2581,3767 2647,3767 2647,3707"/>
                    <TextEquiv>
                        <Unicode>viel</Unicode>
                    </TextEquiv>
                </Word>
                <Word id="tr_3_tl_70_w6" custom="readingOrder {index:5;}">
                    <Coords points="2672,3708 2672,3768 2864,3768 2864,3708"/>
                    <TextEquiv>
                        <Unicode>sorgloseren</Unicode>
                    </TextEquiv>
                </Word>
                <Word id="tr_3_tl_70_w7" custom="readingOrder {index:6;}">
                    <Coords points="2900,3706 2900,3766 2960,3766 2960,3706"/>
                    <TextEquiv>
                        <Unicode>und</Unicode>
                    </TextEquiv>
                </Word>
                <TextEquiv>
                    <Unicode>geren Jahren geben. Einer viel sorgloseren und</Unicode>
                </TextEquiv>
            </TextLine>
            <TextLine id="tr_3_tl_71" custom="readingOrder {index:70;}">
                <Coords points="2020,3815 2976,3805 2951,3755 2020,3764"/>
                <Baseline points="2027,3804 2074,3802 2122,3801 2169,3801 2217,3801 2265,3801 2312,3798 2360,3798 2408,3798 2455,3799 2503,3800 2551,3797 2598,3796 2646,3798 2694,3798 2741,3798 2789,3798 2837,3798 2884,3798 2932,3798 2980,3801"/>
                <Word id="tr_3_tl_71_w1" custom="readingOrder {index:0;}">
                    <Coords points="2020,3761 2020,3821 2343,3821 2343,3761"/>
                    <TextEquiv>
                        <Unicode>unbekümmerteren</Unicode>
                    </TextEquiv>
                </Word>
                <Word id="tr_3_tl_71_w2" custom="readingOrder {index:1;}">
                    <Coords points="2381,3758 2381,3818 2486,3818 2486,3758"/>
                    <TextEquiv>
                        <Unicode>Welt,</Unicode>
                    </TextEquiv>
                </Word>
                <Word id="tr_3_tl_71_w3" custom="readingOrder {index:2;}">
                    <Coords points="2513,3757 2513,3817 2566,3817 2566,3757"/>
                    <TextEquiv>
                        <Unicode>als</Unicode>
                    </TextEquiv>
                </Word>
                <Word id="tr_3_tl_71_w4" custom="readingOrder {index:3;}">
                    <Coords points="2603,3756 2603,3816 2634,3816 2634,3756"/>
                    <TextEquiv>
                        <Unicode>es</Unicode>
                    </TextEquiv>
                </Word>
                <Word id="tr_3_tl_71_w5" custom="readingOrder {index:4;}">
                    <Coords points="2672,3758 2672,3818 2719,3818 2719,3758"/>
                    <TextEquiv>
                        <Unicode>die</Unicode>
                    </TextEquiv>
                </Word>
                <Word id="tr_3_tl_71_w6" custom="readingOrder {index:5;}">
                    <Coords points="2757,3758 2757,3818 2884,3818 2884,3758"/>
                    <TextEquiv>
                        <Unicode>heutige</Unicode>
                    </TextEquiv>
                </Word>
                <Word id="tr_3_tl_71_w7" custom="readingOrder {index:6;}">
                    <Coords points="2921,3758 2921,3818 2968,3818 2968,3758"/>
                    <TextEquiv>
                        <Unicode>ist,</Unicode>
                    </TextEquiv>
                </Word>
                <TextEquiv>
                    <Unicode>unbekümmerteren Welt, als es die heutige ist,</Unicode>
                </TextEquiv>
            </TextLine>
            <TextLine id="tr_3_tl_72" custom="readingOrder {index:71;}">
                <Coords points="2020,3855 2975,3845 2975,3819 2832,3800 2020,3818"/>
                <Baseline points="2027,3849 2074,3849 2122,3849 2169,3846 2217,3846 2264,3846 2312,3846 2359,3846 2407,3846 2454,3847 2502,3849 2549,3848 2597,3848 2644,3847 2692,3846 2739,3846 2787,3846 2834,3846 2882,3846 2929,3846 2977,3843"/>
                <Word id="tr_3_tl_72_w1" custom="readingOrder {index:0;}">
                    <Coords points="2019,3809 2019,3869 2102,3869 2102,3809"/>
                    <TextEquiv>
                        <Unicode>eines</Unicode>
                    </TextEquiv>
                </Word>
                <Word id="tr_3_tl_72_w2" custom="readingOrder {index:1;}">
                    <Coords points="2142,3806 2142,3866 2235,3866 2235,3806"/>
                    <TextEquiv>
                        <Unicode>fatten</Unicode>
                    </TextEquiv>
                </Word>
                <Word id="tr_3_tl_72_w3" custom="readingOrder {index:2;}">
                    <Coords points="2275,3806 2275,3866 2334,3866 2334,3806"/>
                    <TextEquiv>
                        <Unicode>und</Unicode>
                    </TextEquiv>
                </Word>
                <Word id="tr_3_tl_72_w4" custom="readingOrder {index:3;}">
                    <Coords points="2374,3806 2374,3866 2467,3866 2467,3806"/>
                    <TextEquiv>
                        <Unicode>dabei</Unicode>
                    </TextEquiv>
                </Word>
                <Word id="tr_3_tl_72_w5" custom="readingOrder {index:4;}">
                    <Coords points="2516,3807 2516,3867 2752,3867 2752,3807"/>
                    <TextEquiv>
                        <Unicode>schöngeistigen</Unicode>
                    </TextEquiv>
                </Word>
                <Word id="tr_3_tl_72_w6" custom="readingOrder {index:5;}">
                    <Coords points="2812,3806 2812,3866 2964,3866 2964,3806"/>
                    <TextEquiv>
                        <Unicode>Bürger¬</Unicode>
                    </TextEquiv>
                </Word>
                <TextEquiv>
                    <Unicode>eines fatten und dabei schöngeistigen Bürger¬</Unicode>
                </TextEquiv>
            </TextLine>
            <TextLine id="tr_3_tl_73" custom="readingOrder {index:72;}">
                <Coords points="2010,3909 2974,3906 2957,3852 2010,3857"/>
                <Baseline points="2018,3894 2068,3894 2118,3894 2169,3894 2219,3893 2270,3893 2320,3894 2371,3894 2421,3894 2472,3894 2522,3893 2573,3892 2623,3894 2674,3894 2724,3894 2775,3894 2825,3894 2876,3894 2926,3894 2977,3894"/>
                <Word id="tr_3_tl_73_w1" custom="readingOrder {index:0;}">
                    <Coords points="2010,3854 2010,3914 2120,3914 2120,3854"/>
                    <TextEquiv>
                        <Unicode>tums,</Unicode>
                    </TextEquiv>
                </Word>
                <Word id="tr_3_tl_73_w2" custom="readingOrder {index:1;}">
                    <Coords points="2145,3854 2145,3914 2180,3914 2180,3854"/>
                    <TextEquiv>
                        <Unicode>an</Unicode>
                    </TextEquiv>
                </Word>
                <Word id="tr_3_tl_73_w3" custom="readingOrder {index:2;}">
                    <Coords points="2221,3853 2221,3913 2276,3913 2276,3853"/>
                    <TextEquiv>
                        <Unicode>das</Unicode>
                    </TextEquiv>
                </Word>
                <Word id="tr_3_tl_73_w4" custom="readingOrder {index:3;}">
                    <Coords points="2312,3854 2312,3914 2427,3914 2427,3854"/>
                    <TextEquiv>
                        <Unicode>soziale</Unicode>
                    </TextEquiv>
                </Word>
                <Word id="tr_3_tl_73_w5" custom="readingOrder {index:4;}">
                    <Coords points="2458,3852 2458,3912 2634,3912 2634,3852"/>
                    <TextEquiv>
                        <Unicode>Probleme</Unicode>
                    </TextEquiv>
                </Word>
                <Word id="tr_3_tl_73_w6" custom="readingOrder {index:5;}">
                    <Coords points="2665,3854 2665,3914 2756,3914 2756,3854"/>
                    <TextEquiv>
                        <Unicode>selten</Unicode>
                    </TextEquiv>
                </Word>
                <Word id="tr_3_tl_73_w7" custom="readingOrder {index:6;}">
                    <Coords points="2797,3854 2797,3914 2967,3914 2967,3854"/>
                    <TextEquiv>
                        <Unicode>herantre¬</Unicode>
                    </TextEquiv>
                </Word>
                <TextEquiv>
                    <Unicode>tums, an das soziale Probleme selten herantre¬</Unicode>
                </TextEquiv>
            </TextLine>
            <TextLine id="tr_3_tl_74" custom="readingOrder {index:73;}">
                <Coords points="2010,3942 2972,3951 2972,3906 2928,3902 2010,3908"/>
                <Baseline points="2018,3942 2065,3941 2113,3942 2161,3942 2209,3942 2257,3942 2304,3945 2352,3942 2400,3942 2448,3942 2496,3942 2543,3942 2591,3942 2639,3942 2687,3942 2735,3942 2782,3942 2830,3942 2878,3942 2926,3942 2974,3939"/>
                <Word id="tr_3_tl_74_w1" custom="readingOrder {index:0;}">
                    <Coords points="2010,3901 2010,3961 2084,3961 2084,3901"/>
                    <TextEquiv>
                        <Unicode>ten.</Unicode>
                    </TextEquiv>
                </Word>
                <Word id="tr_3_tl_74_w2" custom="readingOrder {index:1;}">
                    <Coords points="2125,3902 2125,3962 2240,3962 2240,3902"/>
                    <TextEquiv>
                        <Unicode>Selten</Unicode>
                    </TextEquiv>
                </Word>
                <Word id="tr_3_tl_74_w3" custom="readingOrder {index:2;}">
                    <Coords points="2276,3903 2276,3963 2381,3963 2381,3903"/>
                    <TextEquiv>
                        <Unicode>hallen</Unicode>
                    </TextEquiv>
                </Word>
                <Word id="tr_3_tl_74_w4" custom="readingOrder {index:3;}">
                    <Coords points="2417,3902 2417,3962 2497,3962 2497,3902"/>
                    <TextEquiv>
                        <Unicode>seine</Unicode>
                    </TextEquiv>
                </Word>
                <Word id="tr_3_tl_74_w5" custom="readingOrder {index:4;}">
                    <Coords points="2523,3902 2523,3962 2633,3962 2633,3902"/>
                    <TextEquiv>
                        <Unicode>Werke</Unicode>
                    </TextEquiv>
                </Word>
                <Word id="tr_3_tl_74_w6" custom="readingOrder {index:5;}">
                    <Coords points="2664,3902 2664,3962 2689,3962 2689,3902"/>
                    <TextEquiv>
                        <Unicode>in</Unicode>
                    </TextEquiv>
                </Word>
                <Word id="tr_3_tl_74_w7" custom="readingOrder {index:6;}">
                    <Coords points="2724,3902 2724,3962 2814,3962 2814,3902"/>
                    <TextEquiv>
                        <Unicode>einem</Unicode>
                    </TextEquiv>
                </Word>
                <Word id="tr_3_tl_74_w8" custom="readingOrder {index:7;}">
                    <Coords points="2860,3902 2860,3962 2965,3962 2965,3902"/>
                    <TextEquiv>
                        <Unicode>schril¬</Unicode>
                    </TextEquiv>
                </Word>
                <TextEquiv>
                    <Unicode>ten. Selten hallen seine Werke in einem schril¬</Unicode>
                </TextEquiv>
            </TextLine>
            <TextLine id="tr_3_tl_75" custom="readingOrder {index:74;}">
                <Coords points="2010,4005 2974,3995 2904,3951 2010,3941"/>
                <Baseline points="2018,3989 2068,3989 2118,3989 2169,3989 2219,3989 2270,3991 2320,3992 2371,3989 2421,3992 2472,3989 2522,3992 2573,3991 2623,3989 2674,3989 2724,3989 2775,3989 2825,3989 2876,3989 2926,3989 2977,3992"/>
                <Word id="tr_3_tl_75_w1" custom="readingOrder {index:0;}">
                    <Coords points="2009,3949 2009,4009 2063,4009 2063,3949"/>
                    <TextEquiv>
                        <Unicode>len</Unicode>
                    </TextEquiv>
                </Word>
                <Word id="tr_3_tl_75_w2" custom="readingOrder {index:1;}">
                    <Coords points="2103,3949 2103,4009 2171,4009 2171,3949"/>
                    <TextEquiv>
                        <Unicode>Ton</Unicode>
                    </TextEquiv>
                </Word>
                <Word id="tr_3_tl_75_w3" custom="readingOrder {index:2;}">
                    <Coords points="2211,3950 2211,4010 2294,4010 2294,3950"/>
                    <TextEquiv>
                        <Unicode>aus,</Unicode>
                    </TextEquiv>
                </Word>
                <Word id="tr_3_tl_75_w4" custom="readingOrder {index:3;}">
                    <Coords points="2319,3950 2319,4010 2363,4010 2363,3950"/>
                    <TextEquiv>
                        <Unicode>sie</Unicode>
                    </TextEquiv>
                </Word>
                <Word id="tr_3_tl_75_w5" custom="readingOrder {index:4;}">
                    <Coords points="2398,3949 2398,4009 2579,4009 2579,3949"/>
                    <TextEquiv>
                        <Unicode>verklingen</Unicode>
                    </TextEquiv>
                </Word>
                <Word id="tr_3_tl_75_w6" custom="readingOrder {index:5;}">
                    <Coords points="2624,3949 2624,4009 2687,4009 2687,3949"/>
                    <TextEquiv>
                        <Unicode>und</Unicode>
                    </TextEquiv>
                </Word>
                <Word id="tr_3_tl_75_w7" custom="readingOrder {index:6;}">
                    <Coords points="2722,3949 2722,4009 2968,4009 2968,3949"/>
                    <TextEquiv>
                        <Unicode>verdämmern.</Unicode>
                    </TextEquiv>
                </Word>
                <TextEquiv>
                    <Unicode>len Ton aus, sie verklingen und verdämmern.</Unicode>
                </TextEquiv>
            </TextLine>
            <TextLine id="tr_3_tl_76" custom="readingOrder {index:75;}">
                <Coords points="2010,4038 2965,4041 2942,3997 2010,4002"/>
                <Baseline points="2018,4037 2065,4037 2113,4037 2160,4037 2208,4037 2255,4037 2303,4040 2350,4039 2398,4038 2445,4039 2493,4037 2540,4037 2588,4039 2635,4038 2683,4037 2730,4037 2778,4037 2825,4037 2873,4037 2920,4037 2968,4034"/>
                <Word id="tr_3_tl_76_w1" custom="readingOrder {index:0;}">
                    <Coords points="2010,3997 2010,4057 2120,4057 2120,3997"/>
                    <TextEquiv>
                        <Unicode>Seine</Unicode>
                    </TextEquiv>
                </Word>
                <Word id="tr_3_tl_76_w2" custom="readingOrder {index:1;}">
                    <Coords points="2153,3997 2153,4057 2263,4057 2263,3997"/>
                    <TextEquiv>
                        <Unicode>weiche</Unicode>
                    </TextEquiv>
                </Word>
                <Word id="tr_3_tl_76_w3" custom="readingOrder {index:2;}">
                    <Coords points="2296,3999 2296,4059 2359,4059 2359,3999"/>
                    <TextEquiv>
                        <Unicode>und</Unicode>
                    </TextEquiv>
                </Word>
                <Word id="tr_3_tl_76_w4" custom="readingOrder {index:3;}">
                    <Coords points="2391,3998 2391,4058 2486,4058 2486,3998"/>
                    <TextEquiv>
                        <Unicode>dabei</Unicode>
                    </TextEquiv>
                </Word>
                <Word id="tr_3_tl_76_w5" custom="readingOrder {index:4;}">
                    <Coords points="2513,3997 2513,4057 2560,4057 2560,3997"/>
                    <TextEquiv>
                        <Unicode>oft</Unicode>
                    </TextEquiv>
                </Word>
                <Word id="tr_3_tl_76_w6" custom="readingOrder {index:5;}">
                    <Coords points="2587,3997 2587,4057 2783,4057 2783,3997"/>
                    <TextEquiv>
                        <Unicode>spielerische</Unicode>
                    </TextEquiv>
                </Word>
                <Word id="tr_3_tl_76_w7" custom="readingOrder {index:6;}">
                    <Coords points="2810,3997 2810,4057 2963,4057 2963,3997"/>
                    <TextEquiv>
                        <Unicode>Behand¬</Unicode>
                    </TextEquiv>
                </Word>
                <TextEquiv>
                    <Unicode>Seine weiche und dabei oft spielerische Behand¬</Unicode>
                </TextEquiv>
            </TextLine>
            <TextLine id="tr_3_tl_77" custom="readingOrder {index:76;}">
                <Coords points="2010,4107 2965,4091 2965,4041 2706,4067 2010,4042"/>
                <Baseline points="2018,4088 2065,4088 2113,4085 2160,4085 2208,4085 2255,4085 2303,4088 2350,4088 2398,4088 2445,4088 2493,4087 2540,4086 2588,4088 2635,4086 2683,4085 2730,4085 2778,4085 2825,4085 2873,4085 2920,4085 2968,4082"/>
                <Word id="tr_3_tl_77_w1" custom="readingOrder {index:0;}">
                    <Coords points="2015,4048 2015,4108 2089,4108 2089,4048"/>
                    <TextEquiv>
                        <Unicode>lung</Unicode>
                    </TextEquiv>
                </Word>
                <Word id="tr_3_tl_77_w2" custom="readingOrder {index:1;}">
                    <Coords points="2126,4045 2126,4105 2178,4105 2178,4045"/>
                    <TextEquiv>
                        <Unicode>der</Unicode>
                    </TextEquiv>
                </Word>
                <Word id="tr_3_tl_77_w3" custom="readingOrder {index:2;}">
                    <Coords points="2211,4047 2211,4107 2385,4107 2385,4047"/>
                    <TextEquiv>
                        <Unicode>Probleme</Unicode>
                    </TextEquiv>
                </Word>
                <Word id="tr_3_tl_77_w4" custom="readingOrder {index:3;}">
                    <Coords points="2418,4047 2418,4107 2486,4107 2486,4047"/>
                    <TextEquiv>
                        <Unicode>läßt</Unicode>
                    </TextEquiv>
                </Word>
                <Word id="tr_3_tl_77_w5" custom="readingOrder {index:4;}">
                    <Coords points="2513,4047 2513,4107 2687,4107 2687,4047"/>
                    <TextEquiv>
                        <Unicode>Schnitzler</Unicode>
                    </TextEquiv>
                </Word>
                <Word id="tr_3_tl_77_w6" custom="readingOrder {index:5;}">
                    <Coords points="2714,4045 2714,4105 2767,4105 2767,4045"/>
                    <TextEquiv>
                        <Unicode>als</Unicode>
                    </TextEquiv>
                </Word>
                <Word id="tr_3_tl_77_w7" custom="readingOrder {index:6;}">
                    <Coords points="2800,4045 2800,4105 2852,4105 2852,4045"/>
                    <TextEquiv>
                        <Unicode>den</Unicode>
                    </TextEquiv>
                </Word>
                <Word id="tr_3_tl_77_w8" custom="readingOrder {index:7;}">
                    <Coords points="2884,4044 2884,4104 2963,4104 2963,4044"/>
                    <TextEquiv>
                        <Unicode>aus¬</Unicode>
                    </TextEquiv>
                </Word>
                <TextEquiv>
                    <Unicode>lung der Probleme läßt Schnitzler als den aus¬</Unicode>
                </TextEquiv>
            </TextLine>
            <TextLine id="tr_3_tl_78" custom="readingOrder {index:77;}">
                <Coords points="2013,4141 2965,4144 2965,4091 2933,4089 2013,4102"/>
                <Baseline points="2021,4139 2068,4139 2115,4136 2163,4136 2210,4133 2257,4136 2305,4136 2352,4136 2399,4136 2447,4136 2494,4136 2541,4135 2589,4133 2636,4135 2683,4134 2731,4133 2778,4133 2825,4135 2873,4133 2920,4133 2968,4136"/>
                <Word id="tr_3_tl_78_w1" custom="readingOrder {index:0;}">
                    <Coords points="2013,4096 2013,4156 2240,4156 2240,4096"/>
                    <TextEquiv>
                        <Unicode>gesprochenen</Unicode>
                    </TextEquiv>
                </Word>
                <Word id="tr_3_tl_78_w2" custom="readingOrder {index:1;}">
                    <Coords points="2288,4096 2288,4156 2541,4156 2541,4096"/>
                    <TextEquiv>
                        <Unicode>österreichischen</Unicode>
                    </TextEquiv>
                </Word>
                <Word id="tr_3_tl_78_w3" custom="readingOrder {index:2;}">
                    <Coords points="2594,4094 2594,4154 2720,4154 2720,4094"/>
                    <TextEquiv>
                        <Unicode>Dichter</Unicode>
                    </TextEquiv>
                </Word>
                <Word id="tr_3_tl_78_w4" custom="readingOrder {index:3;}">
                    <Coords points="2768,4093 2768,4153 2963,4153 2963,4093"/>
                    <TextEquiv>
                        <Unicode>erscheinen,</Unicode>
                    </TextEquiv>
                </Word>
                <TextEquiv>
                    <Unicode>gesprochenen österreichischen Dichter erscheinen,</Unicode>
                </TextEquiv>
            </TextLine>
            <TextLine id="tr_3_tl_79" custom="readingOrder {index:78;}">
                <Coords points="2010,4189 2972,4188 2972,4146 2933,4138 2010,4138"/>
                <Baseline points="2018,4183 2065,4183 2113,4183 2161,4183 2209,4183 2257,4183 2304,4183 2352,4183 2400,4183 2448,4183 2496,4183 2543,4183 2591,4183 2639,4183 2687,4180 2735,4180 2782,4180 2830,4183 2878,4181 2926,4182 2974,4183"/>
                <Word id="tr_3_tl_79_w1" custom="readingOrder {index:0;}">
                    <Coords points="2010,4143 2010,4203 2067,4203 2067,4143"/>
                    <TextEquiv>
                        <Unicode>den</Unicode>
                    </TextEquiv>
                </Word>
                <Word id="tr_3_tl_79_w2" custom="readingOrder {index:1;}">
                    <Coords points="2105,4143 2105,4203 2236,4203 2236,4143"/>
                    <TextEquiv>
                        <Unicode>Dichter</Unicode>
                    </TextEquiv>
                </Word>
                <Word id="tr_3_tl_79_w3" custom="readingOrder {index:2;}">
                    <Coords points="2274,4143 2274,4203 2358,4203 2358,4143"/>
                    <TextEquiv>
                        <Unicode>eines</Unicode>
                    </TextEquiv>
                </Word>
                <Word id="tr_3_tl_79_w4" custom="readingOrder {index:3;}">
                    <Coords points="2416,4143 2416,4203 2643,4203 2643,4143"/>
                    <TextEquiv>
                        <Unicode>vergangenen</Unicode>
                    </TextEquiv>
                </Word>
                <Word id="tr_3_tl_79_w5" custom="readingOrder {index:4;}">
                    <Coords points="2701,4140 2701,4200 2811,4200 2811,4140"/>
                    <TextEquiv>
                        <Unicode>Wien,</Unicode>
                    </TextEquiv>
                </Word>
                <Word id="tr_3_tl_79_w6" custom="readingOrder {index:5;}">
                    <Coords points="2854,4141 2854,4201 2949,4201 2949,4141"/>
                    <TextEquiv>
                        <Unicode>dessen</Unicode>
                    </TextEquiv>
                </Word>
                <TextEquiv>
                    <Unicode>den Dichter eines vergangenen Wien, dessen</Unicode>
                </TextEquiv>
            </TextLine>
            <TextLine id="tr_3_tl_80" custom="readingOrder {index:79;}">
                <Coords points="2020,4241 2975,4261 2975,4192 2944,4188 2020,4191"/>
                <Baseline points="2027,4234 2074,4231 2122,4231 2169,4231 2217,4231 2264,4232 2312,4234 2359,4234 2407,4235 2454,4237 2502,4237 2549,4235 2597,4234 2644,4234 2692,4231 2739,4231 2787,4231 2834,4231 2882,4231 2929,4231 2977,4234"/>
                <Word id="tr_3_tl_80_w1" custom="readingOrder {index:0;}">
                    <Coords points="2021,4191 2021,4251 2200,4251 2200,4191"/>
                    <TextEquiv>
                        <Unicode>Landschaft</Unicode>
                    </TextEquiv>
                </Word>
                <Word id="tr_3_tl_80_w2" custom="readingOrder {index:1;}">
                    <Coords points="2230,4191 2230,4251 2293,4251 2293,4191"/>
                    <TextEquiv>
                        <Unicode>und</Unicode>
                    </TextEquiv>
                </Word>
                <Word id="tr_3_tl_80_w3" custom="readingOrder {index:2;}">
                    <Coords points="2322,4195 2322,4255 2513,4255 2513,4195"/>
                    <TextEquiv>
                        <Unicode>Umgebung</Unicode>
                    </TextEquiv>
                </Word>
                <Word id="tr_3_tl_80_w4" custom="readingOrder {index:3;}">
                    <Coords points="2549,4194 2549,4254 2577,4254 2577,4194"/>
                    <TextEquiv>
                        <Unicode>in</Unicode>
                    </TextEquiv>
                </Word>
                <Word id="tr_3_tl_80_w5" custom="readingOrder {index:4;}">
                    <Coords points="2613,4192 2613,4252 2716,4252 2716,4192"/>
                    <TextEquiv>
                        <Unicode>seinen</Unicode>
                    </TextEquiv>
                </Word>
                <Word id="tr_3_tl_80_w6" custom="readingOrder {index:5;}">
                    <Coords points="2752,4191 2752,4251 2879,4251 2879,4191"/>
                    <TextEquiv>
                        <Unicode>Werken</Unicode>
                    </TextEquiv>
                </Word>
                <Word id="tr_3_tl_80_w7" custom="readingOrder {index:6;}">
                    <Coords points="2914,4191 2914,4251 2960,4251 2960,4191"/>
                    <TextEquiv>
                        <Unicode>le¬</Unicode>
                    </TextEquiv>
                </Word>
                <TextEquiv>
                    <Unicode>Landschaft und Umgebung in seinen Werken le¬</Unicode>
                </TextEquiv>
            </TextLine>
            <TextLine id="tr_3_tl_81" custom="readingOrder {index:80;}">
                <Coords points="2002,4290 2082,4290 2095,4302 2127,4300 2149,4285 2183,4297 2207,4286 2278,4286 2278,4239 2131,4250 2092,4236 2071,4247 2042,4238 2002,4252"/>
                <Baseline points="2009,4285 2036,4283 2063,4282 2090,4282 2117,4283 2145,4285 2172,4283 2199,4282 2226,4282 2253,4283 2281,4285"/>
                <Word id="tr_3_tl_81_w1" custom="readingOrder {index:0;}">
                    <Coords points="2008,4242 2008,4302 2130,4302 2130,4242"/>
                    <TextEquiv>
                        <Unicode>bendig</Unicode>
                    </TextEquiv>
                </Word>
                <Word id="tr_3_tl_81_w2" custom="readingOrder {index:1;}">
                    <Coords points="2164,4242 2164,4302 2265,4302 2265,4242"/>
                    <TextEquiv>
                        <Unicode>wird.</Unicode>
                    </TextEquiv>
                </Word>
                <TextEquiv>
                    <Unicode>bendig wird.</Unicode>
                </TextEquiv>
            </TextLine>
            <TextEquiv>
                <Unicode></Unicode>
            </TextEquiv>
        </TextRegion>
    </Page>
</PcGts>
