3436 4224
252 364 361 424 2.

1524 362 1648 422 box
1727 368 1914 428 42/6

425 365 1006 425 Schnitzler's
1074 366 1302 426 Death

481 807 589 867 Seite
616 811 634 871 4

1134 813 1251 873 Wien,
1278 816 1329 876 De

446 936 523 996 seine
557 939 690 999 Tochter
718 942 896 1002 geheiratet
924 941 1029 1001 hatte,
1069 941 1174 1001 einsam
1241 939 1296 999 ge¬

435 977 547 1037 wesen,
563 982 595 1042 da
622 982 670 1042 ihn
703 981 777 1041 seine
805 984 906 1044 zweite
933 985 1013 1045 Frau
1041 983 1185 1043 verlassen
1212 982 1297 1042 hatte

438 1022 496 1082 und
539 1024 597 1084 sein
641 1023 732 1083 Sohn
775 1027 924 1087 Heinrich
973 1028 1026 1088 als
1075 1028 1299 1088 Schauspieler

442 1065 501 1125 und
528 1070 690 1130 Regisseur
718 1070 745 1130 in
778 1070 984 1130 Deutschland
1011 1070 1135 1130 wirkte.

488 1109 547 1169 Als
575 1111 607 1171 er
635 1112 717 1172 seine
745 1112 870 1172 Tochter
898 1115 957 1175 auf
980 1112 1007 1172 so
1035 1114 1176 1174 tragische
1210 1111 1307 1171 Weise

443 1151 567 1211 verlor,
588 1156 639 1216 zog
676 1154 707 1214 er
744 1154 790 1214 sich
827 1156 946 1216 immer
978 1157 1065 1217 mehr
1102 1155 1205 1215 zurück
1237 1153 1294 1213 und

437 1193 504 1253 war
536 1197 597 1257 nun
634 1198 701 1258 noch
733 1199 821 1259 selten
852 1201 878 1261 in
915 1198 1128 1258 Gesellschaft,
1149 1201 1185 1261 am
1232 1199 1299 1259 ehe¬

433 1241 494 1301 sten
522 1241 589 1301 noch
618 1243 646 1303 im
691 1246 826 1306 Theaier
849 1246 877 1306 zu
905 1244 1011 1304 sehen.

479 1335 556 1395 Der
609 1336 1076 1396 Bauernfeld=Preis

624 1415 685 1475 für
712 1415 791 1475 den
828 1415 968 1475 Jnden
1005 1413 1269 1473 Schnitzler.

483 1476 565 1536 Eine
594 1476 875 1536 bemerkenswerte
898 1474 1029 1534 Episode
1063 1476 1101 1536 sei
1130 1476 1195 1536 hier
1224 1475 1289 1535 noch

440 1520 601 1580 erwähnt,
620 1522 662 1582 die
680 1522 728 1582 sich
759 1521 783 1581 im
820 1521 1072 1581 österreichischen
1103 1520 1295 1580 Parlament
1326 1528 1398 1588 eine
1441 1530 1494 1590 der
1537 1530 1669 1590 größten
1700 1533 1923 1593 Privatbanken
1960 1530 2007 1590 Ru

441 1566 467 1626 im
515 1565 610 1625 März
642 1565 689 1625 des
726 1563 852 1623 Jahres
890 1563 963 1623 1903
1006 1565 1190 1625 zugetragen
1233 1563 1285 1623 hat

1328 1582 1362 1642 ist
1386 1580 1409 1640 in
1439 1580 1708 1640 Schwierigleiten
1738 1586 1877 1646 geraten.
1895 1583 1965 1643 Der
1989 1583 2029 1643 Be

3004 1585 3035 1645 15

441 1607 500 1667 Die
531 1604 915 1664 Bauernfeld=Stiftung,
956 1606 1041 1666 deren
1082 1607 1278 1667 Kuratorium

1325 1631 1372 1691 den
1409 1632 1462 1692 vor
1494 1634 1614 1694 einiger
1645 1634 1717 1694 Zeit
1742 1637 1795 1697 vom
1838 1634 1959 1694 Staate
1984 1636 2019 1696 18

429 1652 460 1712 u.
482 1652 514 1712 a.
536 1652 643 1712 Alfred
671 1649 822 1709 Freiherr
849 1652 881 1712 v.
903 1652 1026 1712 Berger
1054 1652 1113 1712 und
1140 1652 1194 1712 der
1221 1651 1296 1711 Uni¬

433 1694 729 1754 versitätsprofessor
774 1695 841 1755 Dr.
879 1694 983 1754 Jakob
1027 1696 1151 1756 Minor
1195 1690 1423 1750 ange¬lionen
1461 1685 1516 1745 Lei
1541 1685 1596 1745 zur
1622 1686 1807 1746 Verfügung
1857 1691 1992 1751 gestellt,

442 1739 566 1799 hörten,
610 1739 691 1799 hatte
741 1740 843 1800 Artur
871 1739 1039 1799 Schnitzler
1089 1740 1142 1800 für
1187 1739 1289 1799 seiner

1323 1739 1419 1799 nügte
1450 1739 1528 1799 diese
1553 1740 1691 1800 Summe
1723 1742 1801 1802 nicht
1844 1742 1904 1802 und
1941 1742 1983 1802 die

435 1781 689 1841 Einakterzykius
745 1783 943 1843 „Lebendige
993 1781 1164 1841 Stunden"
1231 1780 1280 1840 den
1319 1789 1568 1849 verschlechterte
1612 1792 1661 1852 sich
1690 1795 1805 1855 derart,
1850 1794 1905 1854 daß
1939 1794 1982 1854 die

1102 1825 1289 1885 Daraufhin

431 1826 773 1886 Bauernfeld=Preis
854 1827 1030 1887 verliehen.

1324 1843 1401 1903 zwei
1448 1843 1500 1903 bis
1553 1846 1618 1906 drei
1645 1844 1750 1904 Tagen
1803 1849 1867 1909 ihre
1895 1848 2012 1908 Schalt

430 1870 545 1930 brachte
577 1870 623 1930 der
650 1870 775 1930 Führer
807 1870 859 1930 der
886 1870 1057 1930 Klerikalen
1095 1870 1157 1930 Dr.
1178 1868 1298 1928 Pattai

2207 1885 2321 1945 hoben,
2339 1885 2402 1945 doch
2426 1882 2535 1942 konnre
2559 1884 2598 1944 die
2622 1883 2690 1943 Dum
2732 1885 2788 1945 nur
2812 1885 3054 1945 enfpongde¬

1326 1894 1464 1954 schließen
1501 1894 1632 1954 müssen.

441 1914 465 1974 im
511 1915 839 1975 Abgeordnetenhaus
870 1915 935 1975 eine
966 1912 1218 1972 Interpellation
1254 1915 1288 1975 an

2212 1936 2377 1996 friedigen.

1368 1946 1427 2006 Die
1452 1948 1596 2008 Verluste
1639 1951 1783 2011 betragen
1814 1953 1897 2013 zwar
1928 1954 1982 2014 nur
2013 1953 2066 2013 800
2097 1951 2175 2011 Mil¬

441 1957 488 2017 den
526 1960 870 2020 Unterrichtsminister
902 1959 971 2019 ein,
1003 1957 1034 2017 in
1067 1958 1119 2018 der
1146 1960 1178 2020 es
1210 1958 1241 2018 u.
1263 1957 1278 2017 a

2248 2001 2292 2061 In
2325 1999 2375 2059 der
2402 1999 2639 2059 Nationalbank
2666 1998 2736 2058 fand
2769 1998 2961 2058 vormittags
2994 1995 3058 2055 eine

1319 1998 1446 2058 lionen,
1485 2000 1535 2060 das
1581 2002 1727 2062 Institnt
1760 2004 1804 2064 ist
1837 2004 1913 2064 aber
1952 2004 2169 2064 immobil

437 2002 526 2062 hieß:

1320 2054 1388 2114 Der
1418 2052 1498 2112 Plan
1533 2054 1619 2114 einer
1649 2055 1757 2115 Fusion
1793 2058 1850 2118 mit
1873 2058 2006 2118 anderen
2041 2058 2167 2118 Banken
2208 2052 2335 2112 längere
2364 2052 2525 2112 Beratung
2555 2053 2641 2113 statt,
2665 2054 2733 2114 nach
2763 2052 2808 2112 der
2837 2052 2889 2112 der
2912 2052 3056 2112 Gouver¬

518 2061 582 2121 Die
631 2064 859 2124 ausdrückliche
892 2064 1147 2124 Rangerhöhung
1202 2061 1288 2121 eines

2206 2106 2283 2166 neur
2311 2106 2360 2166 der
2384 2106 2638 2166 Nationalbank,
2656 2106 2988 2166 Manoilesen,
3000 2103 3055 2163 und

478 2108 621 2168 Werkes,
648 2108 706 2168 das
744 2108 796 2168 bei
829 2109 882 2169 den
925 2106 1169 2166 Aufführungen
1212 2105 1291 2165 nicht

1320 2104 1474 2164 scheiterie
1519 2107 1557 2167 an
1590 2106 1639 2166 dem
1684 2109 1894 2169 Widerstande
1944 2109 1993 2169 der
2022 2112 2170 2172 Bance

474 2152 541 2212 auch
583 2151 645 2211 nur
682 2151 888 2211 oberflächlich
925 2151 976 2211 den
1013 2151 1168 2211 Eindruck
1200 2148 1282 2208 eines

1321 2160 1664 2220 Romaneasca,
1707 2161 1756 2221 die
1787 2162 1854 2222 ihre
1886 2163 2168 2223 Vorzugsposition
2205 2162 2260 2222 der
2285 2158 2475 2218 französische
2501 2159 2635 2219 Berater
2660 2157 2838 2217 Auboin
2881 2157 2936 2217 sich
2986 2157 3053 2217 nach

476 2195 722 2255 Dichterwerkes
754 2195 892 2255 gemacht
919 2195 985 2255 hat,
1027 2192 1098 2252 muß
1135 2195 1155 2255 im
1202 2192 1268 2252 Aus

1325 2210 1410 2270 nicht
1428 2210 1575 2270 aufgeben
1605 2210 1724 2270 wollte.

2212 2210 2324 2270 Sinaia
2350 2213 2500 2273 begaben,
2520 2213 2557 2273 um
2595 2213 2644 2273 dem
2689 2211 2783 2271 König
2815 2211 2933 2271 Bericht
2959 2210 2983 2270 zu
3009 2209 3058 2269 er¬

474 2238 548 2298 land
581 2237 628 2297 die
655 2238 762 2298 falsche
794 2237 996 2297 Vorstellung
1029 2237 1193 2297 erwecken,
1242 2235 1289 2295 als

2212 2264 2335 2324 statten.

1363 2263 1426 2323 Die
1449 2264 1641 2324 Sanierung
1670 2267 1722 2327 der
1746 2264 1833 2324 Bank
1880 2267 1937 2327 soll
1961 2268 2169 2328 unverzüglich

475 2280 556 2340 hätte
589 2281 642 2341 das
676 2281 909 2341 österreichische
942 2282 1115 2342 Schrifttum
1164 2279 1289 2339 tatsäch¬

2251 2318 2324 2378 Was
2356 2318 2404 2378 die
2430 2318 2639 2378 Verwaltung
2695 2318 2744 2378 der
2776 2316 2868 2376 Bank
2911 2315 3065 2375 anlangt,

1324 2318 1543 2378 durchgeführt
1573 2318 1711 2378 werden.
1735 2318 1793 2378 Sie
1822 2321 1897 2381 wird
1927 2323 1984 2383 mit
2014 2321 2100 2381 Hilfe
2124 2321 2175 2381 des

469 2324 520 2384 lich
563 2324 645 2384 keine
682 2324 811 2384 besseren
853 2324 1009 2384 Produkte
1061 2324 1268 2384 aufzuweisen

476 2366 537 2426 Die
564 2368 724 2428 Meinung
756 2366 807 2426 des
839 2366 1020 2426 Auslandes
1051 2368 1129 2428 über
1155 2366 1196 2426 die
1228 2366 1289 2426 hei¬

1320 2369 1533 2429 rumänischen
1568 2370 1701 2430 Staates
1747 2370 1908 2430 erfolgen.
1955 2372 2024 2432 Der
2054 2372 2174 2432 Sanie-
2209 2370 2318 2430 wurde
2371 2369 2440 2429 ein
2475 2369 2619 2429 neues
2654 2369 2965 2429 Direktorium
3012 2366 3063 2426 er¬

467 2410 579 2470 mische
605 2410 767 2470 Literatur
793 2410 895 2470 werde
926 2409 997 2469 aber
1023 2408 1100 2468 über
1126 2409 1176 2469 das
1208 2409 1278 2469 Vor

2208 2422 2325 2482 nannt.
2348 2422 2412 2482 Der
2440 2422 2612 2482 ehemalige
2640 2421 2785 2481 Direktor
2813 2422 2860 2482 der
2888 2419 3060 2479 National¬

1324 2422 1502 2482 rungsplan
1555 2421 1629 2481 sieht
1659 2422 1721 2482 eine
1752 2422 1918 2482 Erhöhung
1971 2425 2022 2485 des
2058 2422 2178 2482 Aktien¬

475 2455 565 2515 gehen
623 2455 675 2515 des
710 2452 1159 2512 Bauernfeld=Kuratoriums
1217 2451 1274 2511 aud

1319 2473 1453 2533 kapitals
1503 2473 1551 2533 bis
1577 2475 1632 2535 auf
1651 2475 1669 2535 5
1700 2476 1883 2536 Milliarden
1909 2476 1964 2536 Lei
2008 2477 2068 2537 mit
2094 2476 2179 2536 Hilfe
2211 2476 2302 2536 bauk,
2328 2476 2499 2536 Alexander
2531 2476 2838 2536 Stefanesen,
2857 2476 2960 2536 wurde
2992 2474 3040 2534 zum

476 2500 546 2560 noch
576 2497 607 2557 in
642 2497 789 2557 weiterer
819 2494 955 2554 Hinsicht
996 2496 1188 2556 konsequent
1214 2497 1289 2557 irre¬

1325 2527 1408 2587 eines
1457 2527 1630 2587 staatlichen
1667 2529 1829 2589 Beitrages
1860 2530 1931 2590 vor.
1974 2530 2094 2590 Damit
2136 2531 2178 2591 ist
2209 2529 2502 2589 Generaldirektor,
2521 2530 2569 2590 der
2593 2530 2737 2590 Direktor
2762 2530 2809 2590 des
2840 2530 2972 2590 „Credit
2990 2527 3056 2587 In¬

475 2543 620 2603 geführt,
637 2542 669 2602 da
696 2541 745 2601 die
773 2539 880 2599 Preise
903 2539 951 2599 der
978 2539 1124 2599 Stiftung
1158 2540 1179 2600 in
1212 2541 1287 2601 gan¬

475 2583 577 2643 kurzer
605 2584 675 2644 Zeit
697 2583 783 2643 einer
812 2580 1142 2640 unverhältnismäßig
1170 2584 1283 2644 großen

475 2629 560 2689 Zahl
606 2628 662 2688 von
703 2628 850 2688 jüdischen
891 2628 1044 2688 Literaten
1101 2626 1282 2686 zugewiesen

474 2673 625 2733 wurden.
651 2672 752 2732 Unter
783 2670 879 2730 diesen
915 2670 1108 2730 Umständen
1144 2667 1214 2727 muß
1250 2668 1275 2728 im

474 2715 640 2775 Auslande
671 2714 717 2774 die
750 2713 847 2773 irrige
885 2712 1087 2772 Anschauung
1123 2712 1289 2772 entstehen,

476 2759 530 2819 daß
586 2759 748 2819 einerseits
799 2757 849 2817 die
881 2757 1011 2817 deutsche
1042 2754 1204 2814 Literatur
1260 2754 1284 2814 in

1931 2757 2471 2817 Achtung,

474 2801 640 2861 Österreich
676 2800 739 2860 fast
765 2801 826 2861 nur
858 2800 915 2860 von
952 2799 1061 2859 Juden
1097 2798 1284 2858 geschrieben

477 2846 576 2906 wird,
593 2846 764 2906 anderseits
792 2844 852 2904 ihre
880 2844 1035 2904 Qualität
1058 2843 1123 2903 eine
1151 2844 1283 2904 niedrige

473 2888 582 2948 ist...

1380 2939 1702 2999 heute
1786 2936 2222 2996 mussen
2305 2934 2481 2994 Sie
2564 2930 2968 2990 hören!

518 2953 865 3013 Unterrichtsminister
885 2951 952 3011 Dr.
972 2951 1077 3011 Hartel
1102 2948 1288 3008 antwortet¬

478 2995 656 3055 folgendes:

2201 3027 2381 3087 Sarabande
2412 3022 2423 3082 —
2466 3022 2501 3082 F.
2520 3021 2941 3081 Mendelssohn-Bartholdy:
2960 3020 3056 3080 Etude

1703 3030 1802 3090 Oper.

518 3059 604 3119 „Die
637 3058 903 3118 Interpellanten
958 3055 1093 3115 scheinen
1138 3052 1191 3112 von
1235 3052 1283 3112 der

2203 3064 2306 3124 F-Dur
2341 3066 2350 3126 —
2410 3067 2444 3127 E.
2474 3063 2592 3123 Grieg:
2622 3064 2745 3124 Walzer
2784 3063 2838 3123 und
2888 3061 3050 3121 Elfentanz

1358 3075 1454 3135 Prag,
1488 3076 1584 3136 19.30:
1624 3074 1688 3134 Aus
1726 3076 1780 3136 dem
1835 3078 2008 3138 deutschen
2047 3074 2165 3134 Landes

475 3100 723 3160 Voraussetzung
783 3099 1005 3159 auszugehen,
1049 3097 1102 3157 daß
1158 3098 1200 3158 ich
1239 3097 1281 3157 als

1326 3115 1466 3175 theater:
1511 3115 1606 3175 „Der
1645 3115 1952 3175 Freischüts“,
1991 3117 2074 3177 Oper
2114 3114 2170 3174 von
2216 3103 2465 3163 (Schallplatten.

470 3143 816 3203 Unterrichtsminister
854 3142 1003 3202 Mitglied
1036 3139 1084 3199 des
1122 3142 1287 3202 betreffen¬

2241 3141 2270 3201 13
2300 3143 2375 3203 Uhr:
2399 3142 2610 3202 Zeitzeichen.

1320 3157 1365 3217 C.
1387 3154 1427 3214 M.
1448 3152 1570 3212 Wober.

2241 3180 2394 3240 13.10—14
2430 3179 2503 3239 Uhr:
2533 3175 2904 3235 Schallplattenkouzert.

476 3186 525 3246 den
566 3186 797 3246 Kuratoriums
833 3186 893 3246 und
944 3184 994 3244 als
1025 3183 1130 3243 solcher
1161 3184 1216 3244 für
1246 3183 1286 3243 die

1361 3192 1511 3252 Mailand,
1537 3191 1635 3251 20.45:
1661 3192 1874 3252 Obertragung
1905 3193 1962 3253 aus
1994 3192 2044 3252 der
2077 3192 2164 3252 Scala

2240 3218 2320 3278 15.20
2354 3218 2429 3278 Uhr:
2451 3219 2635 3279 Praktische
2674 3218 2776 3278 Winke
2809 3219 2858 3279 für
2886 3218 2928 3278 die
2962 3216 3064 3276 Haus¬

479 3231 646 3291 Beschlüsse
669 3229 821 3289 desselben
849 3227 1098 3287 verantwortlich
1126 3224 1174 3284 sei.
1192 3225 1294 3285 Dem¬

1324 3234 1423 3294 „Der
1447 3234 1771 3294 Troubadour",
1790 3234 1866 3294 Oper
1890 3234 1948 3294 von
1973 3233 2020 3293 G.
2038 3233 2178 3293 Verdi.

2204 3257 2292 3317 frau.

476 3273 650 3333 gegenüber
682 3273 792 3333 beehre
820 3273 856 3333 ich
893 3270 961 3330 mich
1004 3270 1035 3330 zu
1068 3271 1268 3331 konstatieren

1480 3288 1572 3348 Solo-
1600 3288 1654 3348 und
1687 3290 2020 3350 Orchesterkonzerte.

2240 3294 2320 3354 15.30
2350 3294 2431 3354 Uhr:
2454 3294 2675 3354 Musikalleche
2705 3294 2948 3354 Kinderstunde.
2978 3293 3059 3353 Kin¬

475 3316 530 3376 daß
563 3318 607 3378 ich
641 3318 723 3378 nicht
751 3315 828 3375 etwa
862 3312 911 3372 als
945 3315 1281 3375 Unterrichtsminister

2244 3334 2273 3394 15
2305 3335 2381 3395 Uhr:
2402 3333 2615 3393 Zeitzeichen,
2636 3333 2752 3393 Kurse.

1364 3336 1535 3396 Hamburg,
1580 3336 1635 3396 20:
1703 3336 2181 3396 Symphoniekonzort

468 3360 493 3420 in
528 3361 582 3421 das
608 3359 811 3419 Kuratorium
857 3357 981 3417 berufen
1011 3359 1135 3419 wurde,
1155 3359 1284 3419 sondern

1322 3372 1373 3432 des
1404 3375 1600 3435 Städtischen
1636 3372 1816 3432 Orchesters
1848 3374 1873 3434 in
1904 3373 1991 3433 Kiel.
2023 3372 2177 3432 Dirigent:
2209 3371 2260 3431 der
2292 3372 2384 3432 hören
2420 3373 2533 3433 Musik.
2560 3372 2657 3432 Frauz
2683 3372 2745 3432 Leo
2776 3369 2951 3429 Human.

474 3401 530 3461 auf
562 3402 670 3462 Grund
707 3402 759 3462 des
790 3401 1085 3461 Stiftungsbriefes
1117 3398 1282 3458 demselben

2244 3410 2319 3470 15.55
2350 3410 2430 3470 Uhr:
2451 3410 2511 3470 Vom
2558 3410 2643 3470 Salz.
2664 3410 2719 3470 Dr.
2740 3409 2820 3469 Karl
2841 3407 2987 3467 Bosse.

1320 3413 1423 3473 Eugen
1458 3413 1654 3473 Jochum.
1690 3411 1797 3471 Werke
1832 3408 1886 3468 von
1926 3410 2049 3470 Weber,
2084 3410 2176 3470 Schu¬

468 3444 642 3504 angehöre.
687 3446 834 3506 Obwohl
857 3445 894 3505 ich
928 3443 998 3503 mich
1032 3443 1174 3503 demnach
1213 3443 1272 3503 nich

2240 3449 2319 3509 16.20
2353 3449 2426 3509 Uhr:
2450 3449 2591 3509 Cezanne
2625 3449 2682 3509 und
2711 3447 2852 3507 Picasso.
2876 3449 3067 3509 Univ.-Prof.

1325 3450 1391 3510 bert
1419 3451 1656 3511 (Unvollendte)
1695 3451 1744 3511 und
1789 3452 1955 3512 Bruckner
1994 3452 2065 3512 (IV.
2088 3449 2148 3509 Sym

2201 3488 2266 3548 Dr.
2285 3488 2374 3548 Hans
2399 3485 2571 3545 Tietze.

471 3490 663 3550 verpflichtet
692 3488 800 3548 fühle,
846 3488 902 3548 für
936 3488 1032 3548 meine
1067 3485 1277 3545 Handlungen
1323 3490 1453 3550 phonie)

2241 3527 2321 3587 16.45
2350 3527 2430 3587 Uhr:
2454 3527 2747 3587 Esperantobericht
2771 3525 2845 3585 über
2869 3526 3041 3586 Österreich

1357 3528 1605 3588 Bero-Münster,
1638 3527 1690 3587 20:
1722 3527 1907 3587 Russischer
1944 3530 2171 3590 Klavierabend

469 3531 522 3591 als
544 3533 762 3593 Privatmann
794 3530 1012 3590 Rechenschaft
1029 3531 1054 3591 zu
1082 3529 1193 3589 geben,
1210 3529 1284 3589 stehe

2209 3563 2325 3623 Walter
2350 3566 2527 3626 Smital.

471 3577 513 3637 ich
545 3577 613 3637 doch
645 3576 729 3636 nicht
756 3577 813 3637 an,
840 3575 1072 3635 zuzugestehen,
1099 3572 1151 3632 daß
1188 3572 1282 3632 unter
1320 3569 1372 3629 des
1404 3568 1530 3628 Wiener
1557 3567 1710 3627 Pianisten
1742 3566 1826 3626 Erich
1858 3566 2058 3626 Flinsch.

2238 3605 2277 3665 17
2317 3604 2396 3664 Uhr:
2430 3603 2554 3663 Klänge
2589 3601 2639 3661 der
2668 3601 2785 3661 Nacht.
2826 3601 3057 3661 Ausführende:

1357 3607 1501 3667 Leipzig,
1548 3607 1645 3667 21.45:
1703 3607 2178 3667 Symphoniokonzort

476 3619 599 3679 meiner
630 3619 821 3679 Teilnahme
858 3616 1006 3676 Gerechte
1044 3616 1100 3676 und
1142 3616 1275 3676 Sünder

1455 3646 1700 3706 Dreedener
1772 3644 2173 3704 Philharmoniker
2209 3643 2310 3703 Oskar
2330 3643 2445 3703 Jölli
2466 3641 2632 3701 (Gesang).
2647 3643 2747 3703 Emmy
2773 3640 2878 3700 Zopf
2904 3640 3059 3700 (Klavier).

477 3664 609 3724 Christen
642 3664 705 3724 und
733 3663 865 3723 Juden,
908 3661 1094 3721 Ausländer
1126 3660 1184 3720 und
1217 3661 1264 3721 In

2964 3677 3024 3737 As

2803 3679 2906 3739 (Anita

2395 3682 2731 3742 Ast-Quartett

2204 3682 2338 3742 Anita

1322 3687 1412 3747 unter
1433 3685 1560 3745 Leitung
1593 3686 1645 3746 von
1677 3683 1757 3743 Paul
1773 3685 2091 3745 Scheiapflug.

472 3708 580 3768 länder
607 3708 689 3768 durch
716 3704 924 3764 Ehrenpreise
950 3703 1178 3763 ausgezeichnet
1205 3702 1287 3762 wur¬

2205 3721 2245 3781 (1.
2277 3720 2421 3780 Violine).
2448 3720 2514 3780 Lily
2546 3719 2700 3779 Sieber
2732 3719 2778 3779 (2.
2800 3718 2949 3778 Violine).
2970 3715 3057 3775 Hilde

1494 3742 1646 3802 Vorträge
1677 3740 1733 3800 und
1764 3739 2008 3799 Diskussionen.

475 3751 548 3811 den,
568 3751 656 3811 indem
701 3750 764 3810 nach
798 3748 847 3808 dem
887 3748 994 3808 Worte
1019 3747 1078 3807 und
1103 3745 1205 3805 Geiste
1230 3747 1278 3807 des

2204 3760 2355 3820 Koller
2385 3760 2516 3820 (Viola).
2537 3757 2683 3817 Luitgart
2709 3756 2896 3816 Wimmer
2926 3754 3057 3814 (Violon-

1350 3789 1547 3849 Mühlacker,
1573 3788 1665 3848 18.40:
1701 3786 1802 3846 Oskar
1839 3785 1966 3845 Ludwig
2012 3787 2179 3847 Brandt

479 3792 766 3852 Stiftungsbriefes
795 3791 894 3851 hiebei
916 3790 993 3850 nicht
1017 3789 1066 3849 der
1094 3789 1287 3849 Taufschein,

2203 3795 2305 3855 cello),
2334 3795 2455 3855 Gustav
2494 3794 2662 3854 Gruber
2700 3794 2741 3854 (2.
2775 3793 2891 3853 Viola).
2920 3792 3041 3852 Wilhelm

1321 3829 1392 3889 liest
1416 3829 1473 3889 aus
1502 3827 1630 3887 Werken
1669 3825 1721 3885 von
1755 3825 1826 3885 Jack
1855 3822 2002 3882 London.

2203 3834 2395 3894 Winkler
2431 3834 2475 3894 (2.
2507 3831 2724 3891 Violoncello).
2770 3834 2953 3894 Begleitung
2999 3830 3054 3890 der

478 3837 602 3897 sondern
653 3836 845 3896 literarische
874 3834 1055 3894 Leistungen
1090 3835 1276 3895 maßgebend

1360 3868 1537 3928 Heilsberg,
1582 3867 1680 3927 19.05:
1721 3864 1873 3924 „Franz
1923 3864 2051 3924 Liszt
2096 3864 2174 3924 und

2203 3871 2366 3931 Gesänge:
2391 3870 2477 3930 Prof.
2502 3870 2573 3930 Otto
2603 3872 2834 3932 Schulhof.

475 3882 607 3942 waren.

1317 3909 1641 3969 Königsberg“,
1685 3905 1810 3965 Vortrag
1864 3902 1923 3962 von
1972 3901 2031 3961 Dr.
2075 3903 2172 3963 Erwin

2237 3909 2313 3969 18.15
2342 3908 2419 3968 Uhr:
2439 3908 2496 3968 Für
2520 3909 2568 3969 die
2592 3909 2688 3969 Frau:
2708 3909 2774 3969 Soll
2794 3908 2837 3968 ich
2866 3906 2938 3966 mein
2967 3906 3044 3966 Kind

481 3940 524 4000 So
550 3942 606 4002 hat
632 3942 675 4002 ein
707 3942 958 4002 österreichischer
990 3940 1272 4000 Unterrichtsmini

1318 3946 1468 4006 Kroll.

2202 3951 2227 4011 in
2279 3948 2335 4008 den
2388 3949 2614 4009 Kindergarten
2687 3948 2852 4008 schicken?
2919 3945 3043 4005 Hedwig

1358 3983 1529 4043 Hamburg,
1574 3979 1674 4039 19.30:
1719 3978 1796 4038 Zur
1841 3978 2052 4038 Biologie
2102 3978 2146 4038 de

2203 3983 2423 4043 Schwarz.

438 3987 492 4047 ster
518 3986 714 4046 gesprochen.
733 3989 776 4049 Im
820 3986 930 4046 Jahre
955 3985 1053 4045 1903.

1315 4023 1547 4083 Dichters:
1579 4017 1609 4077 I.
1630 4018 1769 4078 Walther
1796 4016 1847 4076 von
1883 4016 1939 4076 der
1966 4016 2162 4076 Vogelweide

2241 4022 2317 4082 18.10
2348 4022 2430 4082 Uhr:
2454 4022 2507 4082 Die
2532 4022 2632 4082 Rente
2656 4024 2709 4084 für
2734 4022 2786 4082 den
2823 4019 3035 4079 Lebensabend

1321 4062 1471 4122 Gespräch
1527 4058 1677 4118 zwischen
1728 4058 1843 4118 Robert
1895 4055 2030 4115 Walter,
2090 4058 2175 4118 Hans
2207 4061 2276 4121 Otto
2302 4062 2462 4122 Faltis.

1168 4086 1197 4146 An
1210 4088 1250 4148 Goig

1318 4101 1459 4161 Freundt
1483 4100 1534 4160 und
1568 4098 1648 4158 Karl
1667 4095 1818 4155 Pündter.

2239 4109 2268 4169 19
2304 4108 2384 4168 Uhr:
2425 4108 2485 4168 Die
2536 4109 2651 4169 andere
2677 4106 2762 4166 Seite
2808 4106 2863 4166 des
2894 4106 3034 4166 Tonfilms

1154 4113 1261 4173 rravn

1354 4138 1606 4198 Bero-Münster,
1640 4134 1738 4194 19.30:
1779 4133 1924 4193 „Liebe
1971 4133 2050 4193 auf
2097 4136 2170 4196 der
2204 4143 2277 4203 Was
2304 4149 2356 4209 Sie
2384 4150 2409 4210 im
2450 4148 2529 4208 Kino
2576 4147 2668 4207 nicht
2695 4146 2801 4206 sehen.
2835 4145 2907 4205 Ing.
2934 4143 3046 4203 Walter
