3344 4352
134 310 210 370 2.

285 312 860 372 Schnitzler's
930 311 1163 371 Deatl

345 1160 1070 1220 OBSERVER

435 1225 462 1285 I.
476 1228 594 1288 österr.
603 1237 753 1297 behördl.
767 1247 1067 1307 konzessioniertes

385 1269 624 1329 Unternehmen
652 1276 701 1336 für
724 1289 1108 1349 Zeitungs-Ausschnitte

438 1330 584 1390 WIEN,
613 1339 661 1399 I.,
689 1345 968 1405 WOLLZEILE
1011 1356 1059 1416 11

533 1387 749 1447 TELEPHON
781 1398 955 1458 R-23-0-43

325 1519 550 1579 Ausschnitt
574 1528 663 1588 aus:

571 1668 625 1728 Die
647 1665 736 1725 Welt
751 1667 777 1727 am
813 1669 957 1729 Morgen,
972 1667 1046 1727 Wier

695 1725 831 1785 OKT.
850 1731 913 1791 193

318 1740 425 1800 vom:

390 1828 508 1888 Arthur
540 1833 695 1893 Schnitzler
726 1837 891 1897 gestorben.
912 1840 1026 1900 Arthur
1057 1843 1186 1903 Schnitz¬

320 1876 383 1936 ler,
403 1881 486 1941 einer
519 1882 569 1942 der
595 1884 684 1944 desten
724 1888 864 1948 deutschen
896 1891 1018 1951 Dichter
1044 1891 1095 1951 der
1121 1891 1184 1951 Ge¬

312 1929 465 1989 genwart,
485 1930 518 1990 ist
542 1931 575 1991 am
614 1933 666 1993 21.
686 1935 815 1995 Oktober
845 1938 926 1998 einem
969 1941 1180 2001 Schlaganfall

313 1977 447 2037 erlegen.
471 1974 509 2034 In
548 1979 677 2039 wenigen
712 1983 861 2043 Monaten
895 1986 981 2046 hätte
1005 1988 1092 2048 Wien
1130 1987 1178 2047 den

316 2023 474 2083 siebzigsten
509 2028 700 2088 Geburtstag
735 2034 913 2094 Schnitzlers
943 2037 1085 2097 gefeiert.
1110 2036 1184 2096 Sel¬

316 2073 355 2133 ten
390 2073 443 2133 hat
469 2075 513 2135 ein
543 2079 779 2139 österreichischer
804 2082 922 2142 Dichter
947 2084 971 2144 so
996 2085 1070 2145 tiefe
1095 2085 1183 2145 Wir¬

312 2120 383 2180 kung
413 2124 580 2184 ausgeübt,
605 2126 662 2186 wie
691 2127 810 2187 Arthur
835 2131 1012 2191 Schnitzler.
1032 2132 1094 2192 Von
1128 2132 1185 2192 sei¬

312 2166 359 2226 nem
403 2173 638 2233 Erstlingswerk
667 2177 821 2237 „Anatol“
851 2180 1057 2240 angefangen,
1082 2181 1172 2241 haben

312 2219 385 2279 seine
410 2219 513 2279 Werke
543 2224 729 2284 „Liebelei“,
749 2226 827 2286 „Der
857 2228 944 2288 junge
970 2230 1180 2290 Medardus“,

310 2267 479 2327 „Professor
511 2271 701 2331 Berhardi“,
743 2276 825 2336 „Der
851 2276 923 2336 Weg
975 2277 1026 2337 ins
1057 2279 1181 2339 Freie“,

310 2315 486 2375 „Leutnant
512 2317 639 2377 Gustl“,
659 2322 825 2382 „Fräulein
860 2321 938 2381 Else“
973 2320 982 2380 —
1037 2327 1070 2387 um
1115 2327 1174 2387 nur

297 2362 405 2422 einige
433 2364 455 2424 zu
483 2365 596 2425 nennen
619 2368 632 2428 —
678 2369 823 2429 lebhaften
855 2371 995 2431 Nachhall
1014 2372 1177 2432 gefunden.

304 2410 406 2470 Liebe,
430 2412 537 2472 Spiel,
556 2413 616 2473 Tod
645 2413 701 2473 und
729 2415 776 2475 die
804 2419 981 2479 Probleme,
1001 2419 1042 2479 die
1066 2420 1098 2480 er
1122 2422 1173 2482 be¬

300 2458 443 2518 handelt,
482 2461 538 2521 das
573 2465 816 2525 gesellschaftliche
850 2467 940 2527 Leben
994 2467 1046 2527 der
1075 2470 1175 2530 Jahr¬

304 2506 535 2566 hundertwende
580 2512 713 2572 spiegelt
738 2512 781 2572 sich
832 2515 860 2575 in
910 2515 1003 2575 seinen
1038 2517 1180 2577 Werken.

302 2553 419 2613 Arthur
440 2556 601 2616 Schnitzler
621 2559 793 2619 hinterläßt
818 2562 901 2622 einen
931 2564 1028 2624 Sohn,
1049 2563 1097 2623 der
1122 2565 1166 2625 als

305 2601 511 2661 Schauspieler
541 2604 595 2664 und
625 2609 786 2669 Regisseur
811 2610 890 2670 tätig
920 2610 968 2670 ist.
1008 2610 1067 2670 Als
1097 2612 1170 2672 letzt¬

298 2649 412 2709 willige
447 2654 662 2714 Verfügungen
705 2655 758 2715 hat
792 2656 839 2716 der
873 2658 993 2718 Dichter
1031 2661 1165 2721 folgende

304 2698 540 2758 Bestimmungen
600 2703 816 2763 hinterlassen:
866 2706 1023 2766 Herzstich.
1068 2709 1165 2769 Keine

302 2744 437 2804 Kränze!
483 2747 579 2807 Keine
610 2749 731 2809 Parte!
771 2752 847 2812 Auch
893 2753 922 2813 in
954 2755 1009 2815 der
1034 2756 1165 2816 Zeitung

301 2792 391 2852 nicht!
417 2795 593 2855 Begräbnis
624 2797 725 2857 letzter
755 2800 871 2860 Klasse.
892 2801 957 2861 Das
993 2803 1074 2863 durch
1109 2802 1169 2862 Be¬

296 2843 416 2903 folgung
452 2843 543 2903 dieser
579 2847 785 2907 Bestimmung
836 2849 997 2909 erübrigte
1028 2851 1104 2911 Geld
1135 2852 1169 2912 ist

301 2889 543 2949 Spitalszwecken
581 2895 791 2955 zuzuwenden.
815 2897 908 2957 Keine
942 2900 1068 2960 Reden!
1091 2898 1170 2958 Ver¬

297 2938 432 2998 meidung
461 2938 535 2998 allen
564 2942 703 3002 rituellen
737 2944 904 3004 Beiwerks.
923 2946 1016 3006 Keine
1040 2947 1165 3007 Trauer

295 2986 397 3046 tragen
435 2988 500 3048 nach
533 2990 650 3050 meinem
697 2992 795 3052 Tode,
833 2993 954 3053 absolut
988 2995 1085 3055 keine.

294 3032 356 3092 Das
385 3036 558 3096 Begräbnis
583 3040 702 3100 Arthur
722 3041 899 3101 Schnitzlers
924 3043 991 3103 fand
1021 3043 1078 3103 auf
1097 3043 1150 3103 dem

299 3085 575 3145 Zentralfriedhofe
606 3087 696 3147 unter
727 3088 786 3148 sehr
822 3091 998 3151 zahlreicher
1029 3090 1164 3150 Beteili¬

292 3129 368 3189 gung
416 3132 502 3192 statt.
546 3132 607 3192 Die
656 3135 851 3195 letztwilligen
909 3138 1152 3198 Bestimmungen

291 3174 345 3234 des
373 3177 510 3237 Dichters
538 3181 657 3241 wurden
696 3186 882 3246 eingehalten

1386 309 1513 369 box
1590 312 1769 372 43/2

1866 848 2577 908 OBSERVER

1954 915 1975 975 I.
1989 918 2109 978 österr.
2123 921 2269 981 behördl.
2283 925 2580 985 konzessioniertes

1908 959 2142 1019 Unternehmen
2169 961 2218 1021 für
2240 965 2629 1025 Zeitungs-Ausschnitte

1954 1017 2103 1077 WIEN,
2131 1022 2177 1082 I.,
2205 1025 2484 1085 WOLLZEILE
2532 1029 2572 1089 11

2056 1071 2268 1131 TELEPHON
2306 1074 2475 1134 R-23-0-43

2274 1199 2589 1259 ochcnausgabe

1855 1210 2074 1270 Ausschnitt
2097 1213 2187 1273 aus:

2015 1267 2133 1327 SEUES
2166 1267 2331 1327 VIXAER
2358 1275 2568 1335 TAOSIAT!

2112 1396 2195 1456 24.
2220 1411 2339 1471 OKT.
2364 1427 2435 1487 194

1846 1422 1963 1482 vom:

1759 1490 1799 1550 In
1834 1497 1932 1557 seiner
1962 1497 2071 1557 Villa,
2089 1497 2135 1557 18.
2159 1492 2494 1552 Sternwartestraße,
2518 1491 2552 1551 ist
2576 1489 2627 1549 der
2657 1487 2830 1547 Dichter

1666 1544 1730 1604 Dr.
1752 1544 1860 1604 Artur
1893 1543 2131 1603 Schnitzter
2164 1542 2201 1602 am
2245 1540 2299 1600 2t.
2321 1539 2353 1599 d.
2381 1539 2467 1599 einem
2511 1535 2835 1595 Gehirnschlag

1667 1593 1865 1653 erlegen.
1894 1590 1993 1650 Seine
2027 1589 2209 1649 Sekretärin
2248 1586 2325 1646 fand
2359 1586 2408 1646 ihn
2442 1585 2469 1645 in
2509 1583 2558 1643 der
2592 1581 2835 1641 Mittagstunde

1663 1640 1847 1700 bewußtlos
1879 1639 1936 1699 auf
1963 1637 2010 1697 dem
2059 1637 2164 1697 Boden
2201 1637 2322 1697 liegen,
2344 1633 2401 1693 und
2439 1631 2486 1691 der
2518 1631 2586 1691 Tod
2618 1630 2749 1690 erfolgte
2782 1625 2818 1685 um

1663 1688 1673 1748 6
1700 1688 1770 1748 Uhr
1798 1686 1932 1746 abends.
1955 1684 2121 1744 Schnitzler
2150 1682 2257 1742 wurde
2285 1682 2316 1742 am
2360 1681 2419 1741 15.
2436 1679 2533 1739 Mai
2555 1676 2658 1736 1862
2685 1673 2711 1733 in
2745 1673 2830 1733 Wien

1669 1733 1713 1793 als
1746 1736 1840 1796 Sohn
1880 1733 1934 1793 des
1968 1730 2367 1790 Universitätsprofessors
2395 1729 2467 1789 Dr.
2489 1726 2627 1786 Johann
2667 1723 2838 1783 Schnitzler

1666 1783 1823 1843 geboren,
1861 1780 1913 1840 der
1940 1780 2102 1840 besonders
2135 1778 2187 1838 den
2219 1777 2377 1837 Kehlkopf
2415 1774 2603 1834 behandelte
2652 1771 2709 1831 und
2757 1768 2840 1828 viele

1668 1830 1889 1890 Schauspieler
1920 1828 1950 1888 zu
1988 1825 2157 1885 Patienten
2204 1825 2307 1885 hatte.
2349 1823 2415 1883 Der
2447 1821 2570 1881 Dichter
2622 1816 2730 1876 wurde
2766 1813 2838 1873 1885

1666 1879 1795 1939 Arzt,
1812 1876 2016 1936 praktizierte
2044 1875 2075 1935 an
2114 1873 2280 1933 Kliniken,
2302 1870 2447 1930 widmete
2475 1869 2523 1929 sich
2556 1866 2631 1926 aber
2664 1864 2733 1924 nach
2766 1861 2836 1921 1901

1672 1925 1720 1985 der
1747 1924 1941 1984 Dichtkunst.
1963 1924 2027 1984 Aus
2055 1921 2152 1981 seiner
2179 1921 2238 1981 Ehe
2266 1918 2411 1978 stammte
2433 1916 2497 1976 eine
2525 1915 2654 1975 Tochter
2682 1912 2778 1972 Lilly,
2795 1910 2843 1970 die

1668 1974 1760 2034 gegen
1796 1971 1894 2031 seinen
1930 1969 2038 2029 Willen
2074 1968 2156 2028 einen
2187 1965 2397 2025 italienischen
2429 1965 2567 2025 Offizier
2599 1959 2747 2019 heiratete
2779 1956 2840 2016 und

1672 2019 1740 2079 1928
1772 2019 1856 2079 einen
1888 2019 2056 2079 tragischen
2088 2016 2151 2076 Tod
2183 2013 2293 2073 erlitt,
2315 2011 2372 2071 und
2405 2010 2446 2070 ein
2484 2010 2573 2070 Sohn
2605 2007 2773 2067 Heinrich,
2795 2004 2841 2064 der

1675 2069 1836 2129 Regisseur
1870 2066 1896 2126 in
1929 2065 2042 2125 Berlin
2076 2062 2124 2122 ist.
2162 2062 2232 2122 Der
2260 2059 2389 2119 Bruder
2438 2056 2492 2116 des
2520 2054 2666 2114 Tichters
2715 2051 2752 2111 ist
2796 2048 2849 2108 der

1674 2115 1840 2175 Professor
1884 2113 1937 2173 der
1986 2110 2163 2170 Chirurgie
2196 2109 2260 2169 Dr.
2283 2105 2401 2165 Julius
2450 2103 2643 2163 Schnitzler.
2681 2099 2745 2159 Die
2794 2097 2848 2157 be¬

1674 2159 1844 2219 kanntesten
1881 2156 2030 2216 Werke
2062 2155 2268 2215 Schnitzlers,
2296 2153 2348 2213 der
2381 2150 2593 2210 vornehmlich
2630 2149 2677 2209 die
2705 2144 2847 2204 Figuren

1675 2208 1724 2268 der
1752 2208 1840 2268 guten
1879 2204 2077 2264 Gesellschaft
2100 2202 2264 2262 zeichnete,
2287 2201 2413 2261 waren:
2436 2197 2628 2257 „Liebelei",
2645 2191 2838 2251 „Freiwild“

1677 2259 1756 2319 „Der
1788 2255 1925 2315 Schleier
1952 2253 2004 2313 der
2031 2249 2216 2309 Beatrice",
2238 2249 2322 2309 „Der
2349 2247 2486 2307 einsame
2508 2244 2623 2304 Weg",
2645 2242 2724 2302 „Der
2756 2239 2850 2299 junge

1675 2303 1900 2363 Medardus",
1944 2301 2035 2361 „Das
2068 2297 2159 2357 weite
2208 2294 2342 2354 Land",
2386 2294 2574 2354 „Professor
2623 2288 2854 2348 Bernhardi“,

1675 2350 1850 2410 „Komödie
1902 2347 1952 2407 der
2004 2345 2156 2405 Worte",
2196 2343 2298 2403 „Fink
2349 2341 2411 2401 und
2468 2337 2722 2397 Fliederbusch",
2768 2335 2852 2395 „Die

1678 2396 1888 2456 Schwestern"
1920 2395 1978 2455 und
2031 2394 2115 2454 „Der
2142 2392 2236 2452 Gang
2290 2391 2347 2451 zum
2390 2386 2553 2446 Weiher".
2596 2385 2674 2445 Sein
2728 2381 2843 2441 großer

1682 2446 1841 2506 Roman
1880 2446 1947 2506 hieß
1986 2443 2068 2503 „Der
2102 2440 2173 2500 Weg
2207 2437 2261 2497 ins
2295 2434 2427 2494 Freie“.
2450 2431 2620 2491 Außerdem
2671 2428 2775 2488 schrieb
2815 2426 2847 2486 er

1681 2494 1754 2554 viele
1787 2491 1960 2551 Novellen.
1986 2488 2044 2548 Die
2076 2487 2207 2547 Familie
2239 2485 2354 2545 erhielt
2381 2482 2465 2542 viele
2492 2480 2754 2540 Kundgebungen
2792 2472 2844 2532 des

1677 2538 1820 2598 Beileids
1857 2538 1910 2598 von
1959 2535 2235 2595 hervorragenden
2272 2533 2553 2593 Persönlichkeiten
2609 2527 2668 2587 und
2705 2525 2848 2585 Körper¬

1682 2587 1833 2647 schaften.

1809 2981 2603 3041 DOBSERVER“

1895 3052 1918 3112 I.
1933 3052 2054 3112 österr.
2064 3046 2214 3106 behördl.
2229 3040 2529 3100 konzessioniertes

1851 3091 2086 3151 Unternehmen
2117 3087 2165 3147 für
2185 3082 2574 3142 Zeitungs-Ausschnitte

1905 3151 2049 3211 WIEN,
2077 3149 2125 3209 I.,
2153 3144 2434 3204 WOLLZEILE
2484 3138 2524 3198 11

2002 3198 2217 3258 TELEPHON
2252 3193 2422 3253 R-23-0-43

1808 3345 2030 3405 Ausschnitt
2048 3342 2066 3402 a

2098 3373 2221 3433 OSterr.
2240 3360 2567 3420 Gewerbezeitung,
2586 3348 2674 3408 Llen

2067 3541 2093 3601 2
2120 3541 2146 3601 A
2191 3540 2323 3600 OKT.
2342 3538 2448 3598 1931

1812 3571 1924 3631 vom:

1703 3693 1850 3753 Mittwoch
1886 3690 1990 3750 abends
2033 3688 2075 3748 ist
2104 3688 2265 3748 Arthur
2301 3688 2525 3748 Schnitzler
2554 3685 2785 3745 gestorben,

1658 3730 1772 3790 nachdem
1821 3729 1847 3789 er
1884 3728 1909 3788 in
1950 3726 1993 3786 den
2033 3726 2113 3786 ersten
2140 3724 2448 3784 Nachmittagsstunden
2484 3723 2558 3783 einen
2590 3720 2788 3780 Schlaganfall

1659 3768 1765 3828 erlitten
1794 3768 1882 3828 hatte.
1920 3765 1975 3825 Der
1999 3765 2106 3825 Dichter
2144 3764 2251 3824 wohnte
2274 3762 2409 3822 Dienstag
2447 3762 2507 3822 noch
2545 3761 2619 3821 einer
2653 3759 2787 3819 Theater¬

1663 3807 1839 3867 auffuhrung
1873 3807 1917 3867 bei
1951 3807 2000 3867 und
2039 3805 2138 3865 machte
2161 3801 2326 3861 vormittags
2355 3801 2443 3861 seinen
2471 3801 2625 3861 gewohnten
2654 3798 2786 3858 Spazier¬

1649 3864 1737 3924 gang.
1757 3864 1904 3924 Schnitz'er
1929 3862 1982 3922 war
2007 3861 2037 3921 am
2076 3861 2120 3921 15.
2140 3863 2208 3923 Mai
2234 3861 2302 3921 1862
2327 3861 2459 3921 geboren,
2479 3862 2503 3922 zu
2533 3860 2616 3920 seinem
2656 3858 2704 3918 70.
2715 3858 2768 3918 Ge¬

1646 3903 1774 3963 burtstag
1805 3903 1826 3963 im
1862 3903 2003 3963 Frühjahr
2025 3900 2108 3960 waren
2140 3900 2236 3960 bereits
2268 3902 2346 3962 große
2369 3900 2606 3960 Vorbereitungen
2638 3897 2761 3957 getroffen

1647 3941 1773 4001 worden.
1802 3941 1979 4001 Bekanntlich
2007 3938 2038 3998 ist
2061 3938 2220 3998 Schnitzlers
2248 3938 2361 3998 Tochter
2389 3938 2411 3998 im
2448 3938 2584 3998 Vorjahre
2608 3936 2630 3996 in
2658 3936 2767 3996 Italien

1647 3980 1781 4040 freiwillig
1810 3980 1860 4040 aus
1889 3980 1931 4040 dem
1969 3978 2047 4038 Leben
2076 3977 2225 4037 geschieden
2267 3979 2318 4039 und
2347 3977 2393 4037 seit
2417 3975 2500 4035 dieser
2524 3974 2584 4034 Zeit
2608 3974 2701 4034 konnte
2724 3974 2766 4034 sich

1647 4019 1693 4079 der
1726 4019 1838 4079 Dichter
1871 4018 1945 4078 nicht
1979 4014 2058 4074 mehr
2091 4016 2175 4076 vollig
2213 4017 2339 4077 erholen.
2377 4013 2427 4073 Als
2471 4013 2549 4073 letztes
2582 4013 2774 4073 Bühnenstück

1648 4055 1806 4115 Schnitz'eis
1843 4058 1939 4118 wurde
1966 4055 1997 4115 am
2045 4057 2235 4117 Burgtheater
2267 4059 2341 4119 „Der
2374 4055 2457 4115 Gang
2490 4055 2531 4115 zum
2570 4052 2696 4112 Weiher"
2728 4050 2754 4110 im

1649 4097 1793 4157 Frühjahr
1814 4097 1993 4157 aufgeführt.
