3392 4352
194 152 289 212 der
312 151 416 211 Aonlun
461 148 482 208 de

1751 173 1816 233 o
1855 176 2006 236 unee.

232 189 292 249 Ein
333 192 422 252 Reich
468 190 512 250 der

1811 222 2010 282 „Schnitzlers
2039 225 2261 285 Theaterstücke
2286 228 2342 288 sind
2371 231 2588 291 vollkommene
2618 235 2854 295 Theaterstücke,
2874 235 2916 295 ge¬

182 232 339 292 Genusses
375 231 431 291 und
462 231 512 291 der

1733 260 1829 320 baut,
1847 263 1882 323 um
1922 264 1948 324 zu
1975 266 2094 326 fesseln,
2117 267 2139 327 zu
2170 268 2372 328 beschäftigen,
2395 271 2421 331 zu
2448 273 2660 333 unterhalten,
2682 273 2704 333 in
2735 277 2916 337 geistreicher

178 276 197 336 g
229 273 279 333 und
311 272 352 332 des
383 271 510 331 Wissens

1744 301 1836 361 Weise
1858 304 1884 364 zu
1916 306 2127 366 überraschen,
2141 306 2175 366 sie
2198 306 2246 366 tun
2273 309 2321 369 dem
2357 312 2537 372 Augenblick
2555 315 2651 375 genug
2678 315 2735 375 und
2758 317 2907 377 vermögen

175 312 309 372 rznahe
339 312 423 372 Welt
454 311 517 371 voll

1738 343 1805 403 noch
1833 345 2023 405 nachträglich
2050 345 2100 405 das
2128 348 2240 408 Gemüt
2264 350 2340 410 und,
2359 351 2404 411 die
2427 353 2580 413 Gedanken
2631 354 2657 414 zu
2703 356 2916 416 beschäftigen;

171 351 333 411 Besichten,
355 351 422 411 hold
455 350 512 410 und

1726 380 1805 440 ihre
1828 385 1992 445 Handlung
2020 388 2076 448 und
2104 389 2150 449 ihr
2174 390 2286 450 Dialog
2310 390 2506 450 beschwingen
2535 395 2679 455 einander
2708 396 2908 456 wechselweise

289 387 352 447 Ein
390 392 506 452 großes

178 431 310 491 Arthur
344 431 508 491 Schnitzler

1733 422 1789 482 die
1813 426 1994 486 Charaktere
2023 428 2078 488 sind
2102 431 2265 491 vorzüglich
2293 432 2451 492 erfunden,
2494 434 2572 494 leben
2601 436 2647 496 ihr
2675 437 2792 497 eigenes
2820 436 2908 496 Leben

178 471 246 531 chen
273 470 383 530 Werke
410 473 509 533 weiter

1732 461 1796 521 und
1827 466 1924 526 dienen
1955 469 2014 529 doch
2045 469 2100 529 nur
2126 470 2173 530 dem
2212 472 2352 532 Ganzen.
2409 473 2502 533 Wenn
2537 476 2601 536 man
2635 476 2708 536 diese
2734 477 2836 537 Stücke
2862 478 2892 538 au

215 512 321 572 Franz
344 511 477 571 Werfel.

1733 503 1789 563 der
1817 508 1924 568 Bühne
1952 510 2035 570 sieht,
2055 511 2105 571 hat
2129 512 2194 572 man
2222 512 2273 572 das
2301 513 2431 573 Gefühl:
2473 517 2640 577 derjenige,
2655 515 2701 575 der
2729 517 2761 577 sie
2785 518 2915 578 gemacht

178 552 220 612 od
246 551 421 611 gestorben,
469 551 510 611 die

1740 545 1807 605 hat,
1826 548 1862 608 ist
1885 548 1934 608 auf
1958 548 2007 608 den
2044 551 2183 611 Brettern
2216 553 2242 613 zu
2270 553 2369 613 Hause
2392 554 2451 614 und
2474 556 2528 616 hat
2551 557 2646 617 keinen
2678 559 2804 619 anderen
2836 556 2913 616 Ehr¬

1734 589 1820 649 geiz,
1835 587 1877 647 als
1902 588 1978 648 durch
2007 589 2059 649 das
2084 592 2208 652 Theater
2232 594 2261 654 zu
2290 592 2390 652 wirken

192 592 248 652 ihm
291 592 427 652 gewußt,
456 592 508 652 wie

166 631 207 691 hm
259 631 504 691 gegenwärtigen

1800 629 1984 689 Schnitzlers
2009 631 2226 691 Erzählungen
2256 634 2317 694 sind
2346 634 2498 694 lebendig,
2517 637 2692 697 spannend:
2735 637 2773 697 sie
2816 637 2905 697 haben

168 672 306 732 Theater
334 673 427 733 haben
461 673 504 733 ihn

1741 666 1848 726 immer
1874 669 1922 729 das
1947 671 2045 731 nötige
2070 673 2192 733 Detail,
2208 673 2276 733 aber
2301 675 2345 735 nie
2370 676 2468 736 zuviel
2483 676 2595 736 davon,
2615 676 2655 736 sie
2675 676 2762 736 haben
2792 676 2914 736 Psycho¬

163 709 232 769 ner
267 712 361 772 letzten
401 712 504 772 Jahre

1737 709 1834 769 logie,
1853 709 1922 769 aber
1942 709 1983 769 die
2011 712 2196 772 Psychologie
2220 715 2303 775 dient
2327 715 2382 775 nur
2410 717 2498 777 dazu,
2517 716 2563 776 den
2591 718 2684 778 Gang
2712 718 2753 778 des
2782 719 2906 779 Ganzen

182 750 298 810 immer
332 751 506 811 andächtige

1733 748 1765 808 in
1799 751 1877 811 einem
1920 753 2069 813 reizenden
2102 753 2269 813 Rhythmus
2302 756 2362 816 bald
2391 756 2419 816 zu
2447 757 2698 817 verlangsamen,
2717 759 2783 819 bald
2811 759 2838 819 zu
2871 757 2913 817 be¬

170 787 240 847 lse“
275 789 340 849 war
370 792 424 852 vor
460 792 499 852 ein

1740 789 1935 849 schleunigen,
1955 793 1987 853 sie
2010 792 2103 852 stecken
2132 794 2192 854 voll
2211 795 2440 855 Beobachtung,
2459 798 2524 858 aber
2547 798 2613 858 auch
2641 798 2682 858 die
2702 799 2911 859 Beobachtung

182 832 270 892 folg.
312 833 359 893 Zu
402 832 496 892 seinem

1734 825 1776 885 ist
1796 829 1843 889 dem
1882 834 2067 894 eigentlichen
2097 834 2172 894 Reiz
2192 834 2244 894 der
2269 837 2440 897 Erzählung
2469 837 2717 897 untergeordnet.
2756 839 2831 899 Man
2861 838 2913 898 hat

168 870 251 930 Piert
278 870 372 930 hätte,
394 873 493 933 hätten

1727 867 1789 927 das
1813 872 1947 932 Gefühl,
1962 876 2010 936 daß
2044 874 2077 934 sie
2101 874 2154 934 von
2183 876 2264 936 einem
2303 876 2404 936 Mann
2433 879 2620 939 herrühren,
2639 879 2726 939 dessen
2755 879 2908 939 primäres

182 914 234 974 sich
266 912 365 972 seiner
397 912 502 972 wieder

1740 911 1852 971 Talent
1876 913 1926 973 das
1955 915 2071 975 Talent
2095 915 2141 975 des
2169 918 2327 978 Erzählers
2355 918 2457 978 kurzer
2486 918 2551 978 oder
2598 921 2751 981 eigentlich
2798 921 2895 981 mittel

164 950 216 1010 her
248 950 426 1010 geworden,
448 953 499 1013 daß

1734 952 1843 1012 langer
1868 955 2077 1015 Erzählungen
2106 956 2158 1016 ist.
2207 957 2254 1017 In
2283 956 2383 1016 beiden
2412 959 2564 1019 Formen:
2603 959 2722 1019 Drama
2770 960 2827 1020 und
2851 959 2913 1019 Er¬

215 989 288 1049 was
323 992 356 1052 an
396 992 488 1052 seinem

1733 994 1882 1054 zählung,
1901 994 1933 1054 ist
1952 995 1980 1055 er
2003 996 2147 1056 durchaus
2175 996 2212 1056 ein
2241 998 2398 1058 Künstler,
2413 998 2469 1058 und
2497 1000 2557 1060 war
2581 999 2603 1059 es
2632 999 2682 1059 vom
2716 1001 2804 1061 ersten
2832 1001 2910 1061 Tage

170 1028 190 1088 n
215 1031 375 1091 geruhiger
406 1031 485 1091 leben

1727 1031 1788 1091 an.
1822 1032 1865 1092 Es
1895 1033 1932 1093 ist
1952 1036 1995 1096 ein
2024 1037 2230 1097 erstaunlicher
2259 1038 2408 1098 Gedanke,
2427 1040 2479 1100 daß
2509 1040 2551 1100 die
2571 1040 2681 1100 kleinen
2710 1043 2825 1103 Szenen
2854 1041 2906 1101 aus

190 1069 284 1129 Denn
316 1071 409 1131 dieses
441 1072 498 1132 sein

1734 1070 1786 1130 dem
1825 1072 1915 1132 Leben
1944 1076 2024 1136 einer
2049 1076 2220 1136 erfundenen
2254 1079 2344 1139 Figur
2374 1080 2540 1140 „Anatol“,
2560 1080 2602 1140 die
2627 1082 2707 1142 heute
2732 1082 2803 1142 aller
2832 1082 2913 1142 Welt

174 1109 217 1169 er
250 1112 501 1172 österreichischer

1738 1112 1762 1172 in
1787 1115 1905 1175 Europa
1935 1118 1989 1178 und
2009 1118 2082 1178 über
2103 1118 2225 1178 Europa
2251 1121 2359 1181 hinaus
2384 1121 2511 1181 geläufig
2537 1122 2585 1182 ist,
2606 1123 2659 1183 und
2684 1124 2743 1184 eine
2769 1124 2866 1184 kurze,
2882 1122 2906 1182 in

171 1148 243 1208 chen
275 1150 363 1210 leisem
405 1150 487 1210 Spot

1738 1152 1821 1212 ihrer
1846 1155 1904 1215 Art
1929 1156 2120 1216 vollkommen
2155 1159 2228 1219 reife
2253 1159 2307 1219 und
2337 1161 2537 1221 meisterhafte
2563 1162 2739 1222 Erzählung
2789 1165 2910 1225 „Reich¬

531 1168 587 1228 das
613 1168 814 1228 Todesahnen
846 1168 871 1228 im
908 1171 1088 1231 Augenblick
1109 1171 1155 1231 des
1187 1172 1305 1232 höchsten
1337 1176 1594 1236 Lebensgefühls,
1611 1172 1620 1232 —
1667 1174 1708 1234 die

165 1189 211 1249 Ind
235 1189 369 1249 ziseliert
399 1192 421 1252 in
452 1192 503 1252 der

1739 1195 1818 1255 tum“
1841 1195 1893 1255 das
1915 1196 1985 1256 erste
2008 1198 2126 1258 waren,
2144 1198 2245 1258 womit
2268 1198 2293 1258 er
2312 1198 2364 1258 por
2386 1200 2408 1260 so
2430 1201 2522 1261 vielen
2549 1201 2663 1261 Jahren
2690 1204 2875 1264 hervortrat.

531 1207 732 1267 schmerzvolle
760 1210 886 1270 Einsicht
910 1210 937 1270 in
966 1210 1012 1270 die
1036 1210 1105 1270 tiefe
1129 1213 1330 1273 Unsicherheit
1354 1213 1405 1273 der
1429 1216 1629 1276 menschlichen
1657 1213 1717 1273 Be¬

1810 1237 1873 1297 Ihm
1913 1237 1971 1297 sind
2001 1237 2060 1297 alle
2080 1240 2295 1300 Instrumente
2335 1240 2364 1300 zu
2399 1242 2521 1302 Dienst,
2556 1243 2599 1303 die
2644 1241 2697 1301 das
2737 1245 2908 1305 Handwerl

524 1247 714 1307 ziehungen,
735 1249 764 1309 in
795 1249 845 1309 die
875 1251 1121 1311 Unmöglichkeit,
1147 1249 1191 1309 die
1217 1252 1312 1312 Ferne
1343 1254 1473 1314 zwischen
1504 1255 1619 1315 Mensch
1650 1250 1704 1310 und

172 1268 242 1328 bller
279 1273 444 1333 Erzähler,

1734 1274 1817 1334 einem
1857 1279 2033 1339 erfahrenen
2063 1279 2116 1339 und
2147 1279 2205 1339 sehr
2230 1282 2460 1342 nachdenklichen
2490 1282 2633 1342 Künstler
2682 1285 2706 1345 in
2751 1285 2795 1345 die
2820 1285 2907 1345 Hand

528 1285 645 1345 Mensch
675 1288 704 1348 zu
734 1288 945 1348 überbrücken,
965 1288 979 1348 —
1029 1287 1082 1347 und
1107 1291 1264 1351 schließlich
1299 1291 1348 1351 der
1373 1293 1491 1353 Glaube
1521 1294 1554 1354 an
1584 1294 1682 1354 geheim

188 1312 322 1372 schlicht,
344 1312 408 1372 klug
446 1312 500 1372 und

1720 1319 1812 1379 gibt,
1833 1318 1869 1378 um
1906 1321 1988 1381 selbst
2009 1321 2060 1381 den
2092 1321 2241 1381 scheinbar
2268 1325 2479 1385 unergiebigen
2510 1324 2603 1384 Stoff
2624 1327 2700 1387 ganz
2727 1327 2753 1387 zu
2784 1326 2912 1386 bezwin¬

529 1324 664 1384 nisvolle
690 1327 906 1387 Verknüpfung
937 1327 1133 1387 menschlicher
1159 1330 1329 1390 Schicksale.

178 1349 267 1409 fend,
293 1350 372 1410 mehr
404 1351 503 1411 gütig¬

1729 1356 1780 1416 gen
1813 1357 1864 1417 und
1892 1358 1938 1418 der
1967 1359 2101 1419 Materie
2125 1362 2204 1422 ihren
2233 1365 2353 1425 inneren
2382 1365 2526 1425 Reichtum
2564 1366 2587 1426 zu
2620 1365 2778 1425 entlocken.
2797 1366 2904 1426 Keines

604 1365 765 1425 Schnitzler
785 1365 849 1425 war
869 1366 986 1426 Dichter
1007 1368 1060 1428 und
1086 1368 1173 1428 Arzt:
1193 1368 1286 1428 Seine
1312 1371 1571 1431 militärärztliche
1591 1371 1708 1431 Charge

166 1390 281 1450 simmer
319 1392 360 1452 ein
398 1392 492 1452 wenig
524 1400 582 1460 hat
609 1404 640 1464 er
667 1404 767 1464 wegen
804 1404 856 1464 der
883 1404 1010 1464 Novelle
1037 1407 1194 1467 Leutnant
1221 1406 1326 1466 Gustel
1353 1408 1511 1468 verloren,
1538 1407 1606 1467 aber
1633 1407 1706 1467 seine

1726 1398 1824 1458 davon
1857 1401 2015 1461 gebraucht
2039 1401 2067 1461 er
2096 1401 2151 1461 mit
2175 1404 2319 1464 größerer
2348 1404 2404 1464 und
2432 1404 2623 1464 reizvollerer
2652 1407 2838 1467 Virtuosität
2862 1404 2908 1464 als

164 1431 281 1491 echnik
308 1431 361 1491 von
399 1431 494 1491 Ibsen

522 1440 664 1500 ärztliche
691 1442 806 1502 Praxis
838 1443 890 1503 hat
917 1443 948 1503 er
975 1445 1128 1505 eigentlich
1160 1446 1207 1506 nie
1234 1446 1439 1506 aufgegeben,
1460 1449 1518 1509 und
1551 1449 1576 1509 in
1609 1445 1703 1505 seiner
1740 1442 1787 1502 die
1809 1443 1934 1503 Fronie.
1967 1443 2014 1503 Je
2036 1443 2141 1503 kühner
2168 1443 2193 1503 er
2215 1444 2288 1504 diese
2310 1446 2484 1506 anwendet,
2500 1446 2520 1506 je
2547 1446 2626 1506 mehr
2647 1446 2678 1506 er
2705 1446 2794 1506 seinen
2821 1444 2900 1504 Stof

206 1470 252 1530 die
285 1470 405 1530 Grenze
437 1472 484 1532 des
516 1476 600 1536 Art,
617 1483 869 1543 Seelenzustände
891 1484 916 1544 zu
938 1484 1074 1544 schildern
1101 1484 1153 1544 und
1180 1484 1206 1544 zu
1233 1487 1396 1547 ergründen
1428 1488 1459 1548 ist
1481 1488 1585 1548 immer
1607 1487 1696 1547 etwas
1739 1481 1791 1541 und
1818 1481 1891 1541 seine
1918 1483 2033 1543 Motive
2060 1485 2118 1545 mit
2134 1485 2181 1545 ihr
2203 1485 2223 1545 in
2255 1486 2297 1546 die
2313 1488 2397 1548 Enge
2424 1488 2529 1548 treibt,
2545 1488 2618 1548 desto
2640 1488 2739 1548 weiter
2766 1488 2903 1548 erscheint

187 1513 294 1573 großen
321 1514 500 1574 Romanen,
526 1521 773 1581 sezierererisches
799 1521 948 1581 gewesen.
985 1523 1051 1583 Der
1072 1524 1308 1584 Psychoanalyse
1334 1525 1406 1585 aber
1432 1525 1483 1585 hat
1504 1525 1555 1585 er,
1571 1527 1704 1587 genialer

1734 1523 1989 1583 paradoxerweise
2014 1527 2067 1587 sein
2092 1527 2230 1587 geistiger
2250 1527 2416 1587 Horizont.
2471 1527 2520 1587 So
2545 1530 2647 1590 würde
2668 1530 2706 1590 ich
2731 1530 2834 1590 sagen,
2854 1528 2903 1588 daß

169 1550 237 1610 haft
269 1550 311 1610 ein
343 1552 490 1612 Schöpfer
522 1560 858 1620 Seelendiagnostiker,
880 1562 927 1622 der
954 1562 979 1622 er
1006 1562 1085 1622 war,
1101 1562 1237 1622 klassische
1264 1562 1416 1622 Beispiele
1438 1565 1553 1625 vorweg
1586 1564 1706 1624 genom=
1738 1562 1827 1622 neben
1859 1563 1906 1623 der
1938 1566 2116 1626 „Liebelei",
2133 1566 2174 1626 die
2201 1565 2264 1625 eine
2291 1567 2401 1627 Arbeit
2423 1568 2475 1628 von
2507 1568 2580 1628 ganz
2628 1570 2754 1630 einziger
2781 1568 2838 1628 Art
2865 1572 2911 1632 ist,

169 1592 345 1652 wingtheit
399 1591 496 1651 seiner
533 1597 613 1657 men.

1726 1601 1833 1661 einige
1857 1603 1949 1663 seiner
1973 1604 2079 1664 kleinen
2112 1607 2298 1667 Kunstwerke
2322 1604 2335 1664 —
2377 1610 2586 1670 Erzählungen
2619 1609 2684 1669 oder
2712 1609 2842 1669 Dramen

168 1634 205 1694 ind
237 1631 418 1691 Elastizität
446 1631 493 1691 de¬

598 1634 698 1694 Seine
724 1637 961 1697 Menschlichkeit
993 1637 1024 1697 ist
1046 1637 1156 1697 denen,
1177 1638 1224 1698 die
1252 1639 1298 1699 ihn
1331 1640 1404 1700 nicht
1430 1640 1588 1700 persönlich
1615 1643 1704 1703 kann¬
1731 1643 1820 1703 durch
1847 1645 1893 1705 den
1926 1646 2041 1706 Zauber
2073 1646 2120 1706 der
2142 1648 2257 1708 Ironie
2279 1649 2326 1709 als
2353 1649 2394 1709 die
2416 1649 2536 1709 größten
2563 1649 2742 1709 erscheinen.
2795 1650 2900 1710 Ihnen

174 1670 288 1730 ionen.

495 1674 592 1734 ten,
613 1676 741 1736 ziemlich
768 1676 865 1736 fremd
896 1676 1066 1736 geblieben.
1107 1679 1153 1739 Er
1180 1679 1272 1739 liebte
1303 1680 1349 1740 die
1375 1682 1616 1742 Oeffentlichkeit
1643 1682 1699 1742 und

1741 1685 1812 1745 allen
1837 1685 1917 1745 wohr
1958 1688 2029 1748 nicht
2054 1688 2110 1748 nur
2128 1688 2175 1748 die
2192 1691 2368 1751 Andeutung
2401 1694 2481 1754 inne,
2498 1694 2546 1754 daß
2580 1694 2627 1754 der
2644 1694 2796 1754 Schöpfer
2821 1693 2908 1753 dieser

1752 1773 1863 1833 kleinen
1889 1777 2001 1837 Welten
2028 1777 2109 1837 mehr
2128 1777 2177 1837 von
2203 1777 2253 1837 der
2272 1777 2354 1837 Welt
2373 1779 2466 1839 weiß,
2486 1780 2523 1840 als
2548 1780 2579 1840 er
2599 1780 2630 1840 zu
2656 1780 2736 1840 sagen
2762 1780 2868 1840 vorhat

1750 1816 1814 1876 dies
1842 1817 1873 1877 ist
1896 1818 1938 1878 ein
1960 1819 2170 1879 gewöhnlicher
2187 1819 2289 1879 Reflex
2317 1819 2386 1879 aller
2403 1819 2516 1879 Ironie
2533 1820 2581 1880 —,
2592 1819 2710 1879 sondern
2738 1819 2802 1879 auch
2824 1819 2910 1879 dieses

1749 1856 1940 1916 Besondere:
1966 1858 2028 1918 man
2065 1858 2152 1918 ahnt,
2189 1859 2220 1919 er
2252 1859 2329 1919 hätte
2355 1861 2422 1921 noch
2454 1861 2531 1921 mehr
2578 1861 2634 1921 und
2666 1861 2805 1921 vielleicht
2852 1859 2914 1919 noch

1756 1897 1915 1957 Stärkeres
1947 1900 1972 1960 zu
1999 1900 2102 1960 geben,
2123 1900 2164 1960 als
2195 1901 2237 1961 ihm
2278 1900 2376 1960 bisher
2397 1903 2428 1963 zu
2455 1903 2537 1963 geben
2568 1900 2686 1960 gefallen
2718 1902 2764 1962 hat
2791 1900 2852 1960 oder
2878 1898 2919 1958 ge¬

1750 1938 1852 1998 stattet
1877 1938 1955 1998 war.
1995 1940 2088 2000 Unter
2118 1940 2206 2000 diesen
2236 1938 2412 1998 Umständen
2447 1941 2515 2001 kann
2550 1941 2613 2001 man
2644 1941 2717 2001 nicht
2742 1941 2790 2001 vom
2830 1938 2917 1998 Alter

1751 1980 1833 2040 eines
1859 1980 1962 2040 solchen
1989 1981 2143 2041 Menschen
2174 1980 2318 2040 sprechen,
2340 1980 2406 2040 denn
2432 1980 2458 2040 es
2489 1980 2519 2040 ist
2541 1981 2685 2041 durchaus
2716 1980 2850 2040 möglich,
2866 1980 2912 2040 daß

1752 2017 1793 2077 ein
1826 2022 1931 2082 solcher
1958 2022 2005 2082 von
2037 2022 2122 2082 einem
2160 2022 2233 2082 Teil
2261 2022 2350 2082 seiner
2377 2022 2482 2082 Kräfte
2509 2022 2572 2082 noch
2600 2022 2731 2082 niemals
2759 2022 2911 2082 sichtbaren

1749 2062 1907 2122 Gebrauch
1934 2061 2065 2121 gemacht
2087 2064 2145 2124 und
2172 2064 2234 2124 auch
2277 2064 2361 2124 einen
2388 2064 2461 2124 Teil
2483 2064 2572 2124 seiner
2599 2064 2720 2124 Jugend
2768 2063 2915 2123 irgendwo

1744 2103 1986 2163 zurückbehalten
2017 2105 2082 2165 oder
2108 2103 2269 2163 verborgen
2300 2103 2360 2163 hat.

1825 2144 1913 2204 Diese
1937 2146 2013 2206 letzte
2038 2146 2191 2206 Hoffnung
2221 2144 2256 2204 ist
2275 2144 2386 2204 freilich
2410 2144 2486 2204 nicht
2511 2142 2534 2202 in
2565 2143 2729 2203 Erfüllung
2754 2144 2918 2204 gegangen:

1744 2186 1816 2246 nach
1852 2186 1898 2246 dem
1935 2188 1981 2248 tre
2013 2186 2094 2246 ischen
2132 2187 2249 2247 Freitod
2281 2186 2374 2246 seiner
2400 2186 2508 2246 jungen
2545 2186 2668 2246 Tochter
2694 2186 2746 2246 vor
2777 2184 2818 2244 ein
2849 2183 2921 2243 paar

1746 2225 1866 2285 Jahren
1922 2231 1986 2291 war
2032 2228 2107 2288 seine
2158 2226 2359 2286 Lebenskraft
2405 2226 2555 2286 gebrochen
2611 2225 2671 2285 und
2717 2225 2771 2285 sein
2822 2225 2917 2285 letzter

1748 2271 1855 2331 großer
1884 2270 1996 2330 Roman
2031 2269 2189 2329 „Therese,
2201 2268 2337 2328 Chronik
2360 2267 2439 2327 eines
2462 2266 2734 2326 Frauenlebens",
2757 2264 2813 2324 war
2842 2266 2909 2326 schon

1745 2312 1789 2372 ein
1819 2312 1937 2372 müdes,
1958 2310 2011 2370 und
2042 2309 2066 2369 in
2096 2309 2169 2369 aller
2190 2309 2485 2369 Formvollendung,
2506 2307 2614 2367 mattes
2639 2306 2727 2366 Werk

1826 2350 1921 2410 Seine
1945 2350 2093 2410 Stellung
2117 2350 2146 2410 in
2171 2350 2218 2410 der
2243 2347 2396 2407 Dichtung
2421 2347 2473 2407 und
2504 2349 2527 2409 in
2557 2349 2605 2409 der
2629 2347 2700 2407 Zeit
2718 2346 2771 2406 hat
2789 2346 2818 2406 er
2843 2344 2925 2404 selbst

1741 2393 1913 2453 gezeichnet
1936 2392 1995 2452 mit
2017 2392 2060 2452 den
2093 2392 2201 2452 Versen
2228 2389 2250 2449 in
2283 2389 2331 2449 dem
2364 2389 2509 2449 Einakter
2538 2389 2775 2449 „Paracelsus":

1931 2431 1980 2491 „Es
2010 2431 2117 2491 fließen
2147 2431 2324 2491 ineinander
2354 2428 2457 2488 Traum
2497 2428 2556 2488 und
2576 2428 2718 2488 Wachen,

1914 2473 2077 2533 Wahrheit
2106 2473 2160 2533 und
2188 2472 2280 2532 Lüge.
2314 2470 2494 2530 Sicherheit
2517 2470 2549 2530 ist
2572 2470 2741 2530 nirgends.

1913 2512 1982 2572 Wir
2004 2515 2100 2575 wissen
2133 2512 2223 2572 nichts
2245 2512 2299 2572 vom
2331 2510 2470 2570 andern,
2487 2510 2577 2570 nichts
2605 2509 2658 2569 von
2685 2509 2738 2569 uns

1918 2553 1988 2613 Wir
2010 2553 2112 2613 spielen
2146 2552 2270 2612 immer;
2292 2551 2346 2611 wer
2368 2550 2395 2610 es
2428 2552 2520 2612 weiß,
2531 2551 2563 2611 ist
2585 2550 2677 2610 klug."

2111 2676 2311 2736 Schnitzlers
2352 2673 2560 2733 Begräbnis

1819 2733 1882 2793 Das
1918 2735 1976 2795 „B.
2000 2732 2052 2792 T."
2082 2730 2215 2790 berichtet
2245 2732 2297 2792 aus
2327 2729 2432 2789 Wien:
2456 2729 2555 2789 Still,
2573 2729 2642 2789 aber
2672 2731 2829 2791 ungemein
2865 2728 2922 2788 ein¬

1742 2774 1924 2834 drucksvoll,
1950 2774 2056 2834 vollzog
2092 2773 2137 2833 sich
2173 2771 2259 2831 heute
2290 2771 2341 2831 das
2382 2771 2548 2831 Begräbnis
2585 2771 2701 2831 Arthur
2737 2769 2909 2829 Schnitzlers

1752 2810 1796 2870 In
1832 2813 1882 2873 der
1912 2813 1988 2873 Villa
2023 2813 2073 2873 des
2104 2813 2219 2873 Dichter
2250 2810 2345 2870 waren
2381 2810 2456 2870 nebst
2487 2812 2531 2872 der
2558 2811 2688 2871 Familie
2718 2810 2763 2870 die
2789 2810 2924 2870 Freunde

1748 2852 1797 2912 des
1827 2852 1934 2912 Hauses
1965 2852 2171 2912 versammelt.
2211 2851 2264 2911 Die
2294 2849 2388 2909 Leiche
2418 2852 2476 2912 war
2506 2852 2530 2912 im
2570 2850 2796 2910 Schlafzimmer
2827 2848 2910 2908 aufge

1745 2891 1848 2951 bahrt.
1883 2893 1927 2953 Am
1967 2891 2050 2951 Fuße
2075 2891 2119 2951 des
2149 2891 2282 2951 einfachen
2312 2891 2484 2951 Holzsarges
2509 2889 2587 2949 lagen
2618 2891 2765 2951 Blumen,
2780 2888 2922 2948 darunter

1746 2929 1790 2989 ein
1816 2932 1917 2992 Kranz
1943 2930 1988 2990 des
2014 2930 2251 2990 Burgtheaters.
2282 2929 2348 2989 Der
2373 2929 2535 2989 Leichenzug
2566 2929 2631 2989 fuhr
2657 2929 2686 2989 am
2727 2929 2924 2989 Burgtheater

1746 2969 1851 3029 vorbei
1887 2971 1937 3031 zum
1983 2970 2145 3030 Friedhof.
2186 2971 2266 3031 Dort
2302 2968 2398 3028 hatten
2439 2969 2484 3029 sich
2520 2968 2672 3028 zahlreiche
2708 2968 2929 3028 Schriftsteller,

1751 3008 1908 3068 Vertreter
1932 3010 1979 3070 des
2009 3007 2409 3067 Unterrichtsministerrums
2438 3007 2495 3067 und
2524 3007 2571 3067 des
2601 3007 2762 3067 erkrankten
2792 3007 2925 3067 Bürger¬

1749 3049 1899 3109 meisters,
1920 3049 2016 3109 ferner
2046 3049 2122 3109 viele
2142 3049 2323 3109 „Mitglieder
2354 3048 2399 3108 des
2430 3049 2667 3109 Burgtheaters,
2693 3048 2737 3108 des
2768 3048 2919 3108 Deutschen

1748 3088 1974 3148 Volkstheaters
2009 3088 2062 3148 und
2097 3088 2225 3148 anderer
2255 3088 2378 3148 Bühnen
2418 3088 2629 3148 eingefunden.
2679 3090 2718 3150 In
2758 3088 2806 3148 der
2841 3088 2924 3148 Zere¬

1748 3129 1949 3189 monienhalle
1984 3129 2075 3189 sprach
2109 3127 2151 3187 ein
2190 3127 2306 3187 Kantor
2340 3126 2378 3186 ein
2417 3126 2527 3186 Gebet,
2552 3126 2671 3186 worauf
2701 3127 2749 3187 der
2778 3128 2859 3188 Sarg
2898 3126 2922 3186 zu

1751 3168 1853 3228 Grabe
1885 3168 2018 3228 getragen
2060 3168 2167 3228 wurde.
2209 3168 2270 3228 Dem
2317 3167 2456 3227 Wunsche
2482 3167 2528 3227 des
2559 3168 2764 3228 Verblichenen
2801 3168 2924 3228 entspre¬

1747 3207 1834 3267 chend
1866 3210 1979 3270 wurden
2016 3208 2088 3268 keine
2115 3207 2207 3267 Reden
2244 3208 2388 3268 gehalten.

2066 3267 2192 3327 Nachlaß
2227 3267 2278 3327 und
2308 3267 2383 3327 letzte
2412 3268 2608 3328 Verfügung.

1824 3308 1889 3368 Wie
1915 3314 1960 3374 der
1991 3315 2076 3375 Sohn
2107 3315 2152 3375 des
2188 3314 2386 3374 verstorbenen
2422 3315 2537 3375 Wiener
2568 3315 2781 3375 Dramatikers
2811 3315 2922 3375 Arthur

1749 3353 1913 3413 Schnitzler
1940 3353 2074 3413 mitteilt,
2095 3353 2145 3413 hat
2171 3355 2195 3415 er
2221 3353 2246 3413 im
2286 3356 2412 3416 Nachlaß
2442 3353 2532 3413 seines
2563 3353 2668 3413 Vaters
2699 3356 2829 3416 folgende
2855 3355 2929 3415 Ver¬

1755 3393 1902 3453 fügungen
1937 3393 2152 3453 vorgefunden:
2171 3395 2449 3455 „Bestimmungen,
2474 3393 2511 3453 die
2536 3395 2573 3455 ich
2603 3395 2684 3455 gleich
2713 3395 2775 3455 nach
2804 3395 2913 3455 meinem

1750 3431 1877 3491 Ableben
1912 3434 1936 3494 zu
1971 3434 2093 3494 erfüllen
2123 3434 2211 3494 bitte:
2231 3434 2383 3494 Herzstich.
2423 3434 2515 3494 Keine
2541 3434 2672 3494 Kränze.
2712 3434 2805 3494 Keine
2835 3434 2923 3494 Parte

1754 3473 2061 3533 (schwarzumrahmte
2089 3473 2429 3533 Trauerkundgebung),
2452 3475 2517 3535 auch
2551 3474 2573 3534 in
2611 3473 2657 3533 der
2690 3473 2810 3533 Zeitung
2844 3474 2917 3534 nicht

1752 3512 1926 3572 Begräbnis
1953 3513 2042 3573 letzter
2064 3512 2175 3572 Klasse.
2213 3515 2276 3575 Das
2303 3515 2382 3575 durch
2409 3515 2573 3575 Befolgung
2601 3515 2690 3575 dieser
2712 3516 2923 3576 Verfügungen

1753 3553 1905 3613 erübrigte
1929 3553 2005 3613 Geld
2035 3553 2067 3613 ist
2087 3553 2306 3613 Spitalzwecken
2336 3553 2541 3613 zuzuwenden.
2579 3554 2674 3614 Keine
2699 3554 2813 3614 Reden.
2852 3553 2928 3613 Ver¬

1750 3592 1887 3652 meidung
1920 3594 1985 3654 allen
2019 3594 2142 3654 rituellen
2176 3594 2339 3654 Beiwerks.
2372 3594 2470 3654 Keine
2497 3595 2607 3655 Trauer
2634 3595 2732 3655 tragen
2765 3598 2823 3658 nach
2850 3594 2922 3654 wi¬

1772 3694 1827 3754 nem
1870 3691 1944 3751 Tode
1968 3689 1981 3749 —
2029 3688 2141 3748 absolut
2165 3685 2253 3745 keine"

1849 3731 1898 3791 In
1926 3729 1970 3789 den
2004 3729 2092 3789 letzten
2120 3726 2236 3786 Wochen
2264 3724 2297 3784 ist
2320 3723 2380 3783 noch
2408 3720 2446 3780 die
2469 3720 2590 3780 Novelle
2613 3718 2734 3778 „Flucht
2757 3716 2778 3776 in
2807 3714 2850 3774 die

1775 3770 1900 3830 sternis“
1930 3768 1955 3828 in
1991 3768 2035 3828 der
2067 3766 2212 3826 Vossischen
2248 3762 2374 3822 Zeitung
2405 3760 2555 3820 erschienen
2591 3758 2646 3818 (als
2677 3756 2752 3816 Buch
2777 3754 2837 3814 inzw

1775 3813 1806 3873 im
1854 3810 1963 3870 Verlag
2000 3807 2041 3867 S.
2068 3807 2203 3867 Fischer).

1851 3854 1900 3914 Im
1940 3849 2067 3909 Nachlaß
2097 3845 2225 3905 befindet
2250 3843 2294 3903 sich
2324 3843 2363 3903 ein
2398 3840 2452 3900 fast
2477 3837 2654 3897 vollendeter
2679 3835 2816 3895 Roman,
2836 3831 2860 3891 de

1770 3890 2006 3950 Theatermilien
2037 3886 2122 3946 spielt
2143 3885 2198 3945 und
2224 3885 2264 3945 ein
2295 3882 2415 3942 großes,
2431 3880 2481 3940 seit
2501 3879 2567 3939 1895
2598 3876 2774 3936 regelmäßig
2799 3874 2859 3934 gefi

1769 3930 1945 3990 Tagebuch,
1970 3929 2017 3989 das
2047 3925 2194 3985 vorläufig
2224 3923 2281 3983 noch
2315 3920 2386 3980 nicht
2415 3917 2626 3977 veröffentlicht
2656 3915 2760 3975 werden
2794 3912 2856 3972 soll.

1782 3968 1834 4028 ner
1863 3969 1964 4029 gehört
1993 3968 2016 4028 zu
2050 3967 2098 4027 dem
2142 3962 2285 4022 Nachlaß,
2310 3959 2333 4019 zu
2367 3958 2453 4018 dessen
2487 3953 2683 4013 Verwaltung
2713 3950 2851 4010 Schnitzle

1775 4010 2008 4070 Dramaturgen
2047 4007 2094 4067 der
2128 4001 2429 4061 Reinhardt=Bühnen
2467 3995 2529 4055 Dr,
2553 3994 2653 4054 Franz
2687 3992 2773 4052 Horch
2807 3986 2844 4046 ein

1776 4052 1849 4112 hat,
1871 4049 1913 4109 ein
1945 4046 2119 4106 Schauspiel
2146 4044 2219 4104 „Zug
2252 4041 2298 4101 der
2325 4038 2499 4098 Schatten".
2537 4036 2578 4096 Es
2605 4034 2679 4094 steht
2701 4030 2763 4090 noch
2796 4028 2869 4088 nicht

1778 4094 1819 4154 ob
1855 4091 1937 4151 dieses
1967 4088 2143 4148 Schauspiel
2167 4082 2308 4142 vollendet
2339 4082 2385 4142 ist.
