3392 4384
1120 198 1178 258 noch
1208 198 1318 258 seuchl,
1334 198 1422 258 edenso
1452 198 1496 258 die
1519 198 1718 258 Beschriflung
1748 194 1815 254 noch
1838 192 1947 252 werch,
1963 192 1992 252 de
2030 192 2081 252 von
2119 192 2162 252 u

1105 240 1152 300 der
1180 243 1296 303 damals
1325 243 1403 303 wohl
1427 244 1478 304 zum
1520 243 1622 303 ersten=
1646 243 1702 303 und
1730 238 1893 298 letztenmal
1917 237 1939 297 in
1973 238 2061 298 seinem
2103 234 2191 294 Leben
2224 237 2270 297 das

1110 283 1258 343 Werkzeug
1287 287 1334 347 des
1364 288 1545 348 Bildhauers
1569 288 1593 348 in
1627 288 1664 348 die
1689 287 1775 347 Hand
1799 282 1971 342 genommen
2005 282 2091 342 haben
2120 283 2229 343 dürfte,
2249 284 2272 344 :n

1107 336 1151 396 den
1186 336 1244 396 Ton
1280 336 1378 396 geritzt
1398 333 1516 393 wurde.
1556 336 1615 396 „In
1650 333 1772 393 caritate
1798 330 1949 390 servire“,
1970 330 2033 390 liest
2058 330 2122 390 man
2157 330 2206 390 da,
2226 329 2275 389 den

1110 381 1296 441 Wahlspruch
1326 380 1374 440 des
1405 377 1522 437 Wiener
1552 378 1748 438 Erzbischofs,
1793 375 1851 435 und
1881 375 2024 435 darunter
2054 375 2077 435 in
2112 375 2161 435 der
2191 374 2283 434 wohl¬

1111 428 1260 488 bekannten
1296 425 1404 485 Schrift
1430 425 1476 485 des
1502 425 1661 485 Kardinals
1694 424 1822 484 „Theod.
1843 422 1992 482 Kardinal
2013 422 2146 482 Innitzer
2173 419 2275 479 Erzb.“

1210 488 1270 548 „Es
1299 482 1359 542 war
1388 482 1448 542 eine
1477 480 1687 540 unerwartete,
1712 479 1800 539 darum
1843 476 1913 536 aber
1941 477 1974 537 um
2016 478 2039 538 so
2068 476 2283 536 beglückendere

1111 533 1188 593 Ehre
1209 532 1255 592 für
1281 530 1379 590 mich,“
1406 530 1520 590 erzählt
1541 527 1587 587 der
1613 527 1701 587 junge
1722 524 1871 584 Künstler,
1893 527 1939 587 der
1960 526 2006 586 sich
2033 524 2063 584 an
2095 523 2141 583 der
2168 523 2281 583 Wiener

1112 578 1264 638 Akademie
1312 575 1360 635 den
1394 575 1594 635 akademischen
1628 572 1709 632 Grad
1743 572 1871 632 erwarb,
1916 571 1987 631 „daß
2021 571 2054 631 ich
2083 569 2130 629 den
2164 569 2283 629 Wiener

1114 625 1276 685 Erzbischof
1296 619 1479 679 modellieren
1509 619 1617 679 durfte.
1637 619 1696 679 Der
1716 617 1864 677 Kardinal
1889 619 1933 679 kam
1972 617 2086 677 einmal
2106 617 2130 677 zu
2160 617 2219 677 mir
2239 617 2283 677 ins

1112 670 1239 730 Atelier,
1255 670 1284 730 um
1324 667 1372 727 das
1397 667 1559 727 Hochrelief
1585 668 1609 728 zu
1639 664 1840 724 begutachten,
1855 664 1904 724 das
1929 664 1963 724 ich
1993 664 2042 724 vom
2082 661 2278 721 verstorbenen

1108 715 1393 775 Altbundeskanzler
1437 715 1505 775 Dr.
1543 716 1648 776 Ignaz
1675 713 1781 773 Seipel
1824 712 1977 772 geschaffen
2031 712 2115 772 habe,
2158 709 2184 769 in
2237 709 2284 769 der

1113 764 1283 824 Hoffnung,
1320 760 1345 820 es
1377 761 1474 821 könnte
1501 760 1583 820 dieses
1609 758 1774 818 Hochrelief
1816 758 1841 818 zu
1873 757 1965 817 Ehren
1997 757 2042 817 des
2069 756 2187 816 größten
2219 752 2291 812 neu¬

1112 811 1346 871 österreichischen
1380 808 1618 868 Staatsmannes
1652 805 1724 865 links
1758 804 1810 864 vom
1853 802 2006 862 Riesentor
2035 802 2082 862 des
2116 803 2288 863 Stephans¬

1112 858 1193 918 doms
1222 857 1270 917 auf
1294 855 1337 915 dem
1380 855 1443 915 noch
1472 852 1678 912 unbehauenen
1708 852 1856 912 Werkstein
1885 849 2063 909 angebracht
2082 849 2216 909 werden.
2236 846 2288 906 Die

1120 906 1225 966 Freude
1251 903 1401 963 Kardinal
1423 900 1573 960 Innitzers
1599 900 1629 960 an
1659 897 1745 957 dieser
1771 897 1997 957 Seipel=Büste,
2019 897 2058 957 die
2084 895 2114 955 er
2140 894 2285 954 besonders

1113 951 1221 1011 ähnlich
1247 951 1335 1011 fand,
1351 949 1402 1009 gab
1429 948 1485 1008 mir
1512 948 1584 1008 dann
1610 947 1656 1007 den
1688 945 1775 1005 Mut,
1791 945 1837 1005 den
1864 945 2029 1005 Erzbischof
2050 943 2081 1003 zu
2107 942 2210 1002 bitten,
2231 942 2288 1002 mir

1113 1003 1142 1063 zu
1173 996 1248 1056 einem
1295 996 1390 1056 Relief
1421 997 1446 1057 zu
1482 996 1573 1056 sitzen,
1599 994 1659 1054 was
1690 993 1775 1053 dieser
1807 993 1867 1053 auch
1903 990 2029 1050 zusagte.
2075 990 2196 1050 Wochen
2227 986 2292 1046 ver¬

1116 1044 1215 1104 gingen
1246 1044 1336 1104 dann,
1357 1043 1381 1103 in
1413 1041 1497 1101 denen
1528 1041 1563 1101 ich
1593 1041 1633 1101 die
1659 1039 1829 1099 Hoffnung,
1850 1038 1895 1098 der
1921 1038 2071 1098 Kardinal
2092 1037 2192 1097 würde
2218 1035 2287 1095 seine

1116 1092 1224 1152 Zusage
1249 1091 1328 1151 wahr
1353 1091 1485 1151 machen,
1525 1086 1628 1146 bereits
1653 1086 1820 1146 aufgegeben
1850 1083 1944 1143 hatte.
1979 1083 2037 1143 Bis
2062 1084 2091 1144 er
2112 1082 2185 1142 dann
2215 1082 2289 1142 eines

1117 1136 1207 1196 Tages
1238 1136 1267 1196 an
1304 1136 1399 1196 meine
1425 1134 1592 1194 Studiotür
1618 1133 1724 1193 klopfte
1750 1132 1805 1192 und
1836 1130 1993 1190 freundlich
2024 1128 2150 1188 lächelnd
2186 1128 2291 1188 einfach

1113 1181 1142 1241 da
1173 1184 1253 1244 war.
1289 1183 1400 1243 Hinter
1426 1181 1465 1241 ihm
1512 1181 1607 1241 stand,
1643 1182 1698 1242 vor
1724 1178 1880 1238 Erregung
1911 1178 1966 1238 und
1992 1176 2072 1236 Eifer
2098 1175 2229 1235 hochrot,
2249 1175 2289 1235 die

1119 1232 1386 1292 Hausbesorgerin,
1423 1229 1603 1289 fassungslos
1629 1226 1773 1286 darüber,
1810 1226 1861 1286 daß
1892 1223 1979 1283 Seine
2006 1223 2150 1283 Eminenz
2171 1222 2201 1282 es
2228 1219 2289 1279 ver¬

1120 1276 1240 1336 schmäht
1260 1276 1350 1336 hatte,
1366 1275 1416 1335 den
1442 1275 1487 1335 ihm
1528 1275 1719 1335 angebotenen
1750 1274 1810 1334 Lift
1845 1273 1875 1333 zu
1906 1271 2052 1331 benutzen,
2072 1271 2127 1331 und
2153 1270 2208 1330 mit
2228 1268 2273 1328 dem

1114 1324 1238 1384 Hinweis
1265 1323 1383 1383 darauf,
1400 1324 1461 1384 noch
1488 1324 1555 1384 jung
1582 1323 1607 1383 zu
1634 1320 1706 1380 sein,
1722 1318 1763 1378 die
1784 1318 1872 1378 vielen
1899 1317 2028 1377 Treppen
2060 1315 2101 1375 bis
2127 1315 2168 1375 ins
2195 1315 2288 1375 Dach¬

1113 1372 1218 1432 geschoß
1249 1371 1278 1431 zu
1309 1371 1369 1431 Fuß
1401 1367 1592 1427 zurücklegte.
1613 1366 1672 1426 Nun
1709 1365 1809 1425 konnte
1835 1363 1875 1423 die
1901 1362 2007 1422 Arbeit
2027 1362 2188 1422 beginnen,
2229 1360 2289 1420 eine

1119 1417 1237 1477 Arbeit,
1253 1417 1294 1477 die
1315 1414 1371 1474 mir
1392 1414 1542 1474 unendlich
1568 1413 1614 1473 lieb
1641 1412 1754 1472 wurde.
1770 1413 1810 1473 Je
1832 1411 1914 1471 mehr
1935 1408 1971 1468 ich
1997 1411 2095 1471 Muße
2116 1410 2208 1470 hatte,
2224 1408 2286 1468 mich

1122 1465 1141 1525 in
1172 1465 1211 1525 die
1237 1464 1312 1524 Züge
1333 1462 1377 1522 des
1403 1462 1564 1522 Kardinals
1589 1462 1614 1522 zu
1645 1459 1805 1519 versenken,
1821 1459 1856 1519 um
1891 1458 1916 1518 so
1942 1457 2032 1517 klarer
2053 1456 2148 1516 wurde
2173 1456 2228 1516 mir
2249 1456 2288 1516 die

1119 1509 1278 1569 Wesenheit
1305 1509 1387 1569 dieses
1418 1509 1490 1569 ganz
1517 1509 1681 1569 besonderen
1713 1506 1883 1566 Menschen,
1904 1503 1976 1563 über
2002 1506 2089 1566 dessen
2121 1502 2296 1562 anspruchs¬

1120 1560 1188 1620 loser
1220 1557 1394 1617 Heiterheit,
1416 1557 1600 1617 naturnaher
1628 1554 1812 1614 Herzlichkeit
1839 1552 1896 1612 und
1923 1551 2066 1611 schlichter
2093 1551 2172 1611 Güte
2199 1548 2287 1608 etwas

1119 1606 1171 1666 von
1225 1605 1431 1665 überirdischer
1459 1602 1649 1662 Verklärung
1697 1602 1781 1662 liegt.
1824 1601 1876 1661 Ich
1909 1599 1988 1659 hatte
2015 1597 2067 1657 das
2099 1596 2200 1656 Glück,
2242 1596 2289 1656 den

1119 1653 1465 1713 Kardinal=Erzbischof,
1476 1651 1556 1711 wenn
1581 1650 1621 1710 die
1642 1647 1837 1707 „Sitzungen“
1863 1645 1978 1705 beendet
1999 1644 2114 1704 waren,
2130 1644 2290 1704 mehrmals

1122 1701 1201 1761 durch
1228 1700 1269 1760 die
1286 1698 1401 1758 Innere
1428 1698 1517 1758 Stadt
1539 1698 1559 1758 in
1586 1697 1633 1757 den
1665 1695 1849 1755 bischöflichen
1876 1693 1981 1753 Palast
1997 1692 2234 1752 zurückbegleiten
2261 1692 2286 1752 zu

1119 1748 1240 1808 dürfen.
1262 1745 1320 1805 Und
1352 1744 1431 1804 dabei
1452 1743 1547 1803 lernte
1569 1742 1605 1802 ich
1638 1743 1712 1803 nicht
1739 1742 1791 1802 nur
1818 1742 1859 1802 die
1886 1740 2076 1800 einzigartige
2103 1736 2299 1796 Popularität

1120 1795 1246 1855 kennen,
1262 1791 1304 1851 die
1326 1793 1410 1853 dieser
1431 1790 1631 1850 Kirchenfürst
1674 1790 1700 1850 in
1727 1790 1774 1850 der
1801 1789 1917 1849 Wiener
1938 1787 2143 1847 Bevölkerung
2170 1787 2302 1847 genießt,

1124 1841 1236 1901 sondern
1263 1841 1330 1901 auch
1356 1838 1407 1898 das
1433 1838 1604 1898 Geheimnis
1630 1837 1712 1897 dieser
1739 1835 1950 1895 Popularität.
1966 1836 2089 1896 Jedem,
2105 1832 2152 1892 der
2178 1832 2219 1892 ihn
2250 1833 2301 1893 auf

1123 1890 1207 1950 seinem
1255 1889 1344 1949 Gang
1377 1886 1455 1946 durch
1493 1886 1535 1946 die
1567 1885 1656 1945 Stadt
1689 1886 1842 1946 begrüßte,
1869 1883 1963 1943 wußte
1996 1882 2043 1942 der
2075 1880 2222 1940 Kardinal
2249 1878 2291 1938 ein

1118 1936 1191 1996 paar
1219 1933 1398 1993 beglückende
1426 1933 1531 1993 Worte
1558 1934 1584 1994 zu
1617 1933 1712 1993 sagen,
1734 1933 1808 1993 jedem
1851 1930 1951 1990 reichte
1978 1929 2010 1989 er
2037 1928 2079 1988 die
2101 1927 2206 1987 Hand,
2244 1926 2296 1986 der

1123 1984 1367 2044 Hausbesorgerin
1420 1979 1446 2039 im
1489 1980 1569 2040 Tor,
1612 1979 1659 2039 dem
1707 1978 1871 2038 Chauffeur
1920 1975 1957 2035 am
2000 1975 2190 2035 Taxischlag,
2233 1972 2280 2032 dem

1123 2029 1355 2089 Wachebeamten
1386 2029 1417 2089 an
1448 2027 1499 2087 der
1526 2026 1819 2086 Straßenkreuzung.
1861 2024 1923 2084 Und
1954 2023 1974 2083 so
2001 2023 2145 2083 gestaltete
2171 2021 2217 2081 sich
2244 2018 2295 2078 der

1120 2077 1241 2137 schlichte
1268 2077 1357 2137 Gang
1405 2075 1457 2135 des
1489 2074 1715 2134 Kirchenfürsten
1768 2071 1852 2131 durch
1884 2071 1926 2131 die
1953 2068 2084 2128 Straßen
2137 2070 2168 2130 zu
2201 2066 2279 2126 einem

1122 2125 1343 2185 Triumphzug,
1380 2122 1446 2182 denn
1478 2122 1549 2182 allen
1576 2121 1709 2181 bescherte
1731 2119 1761 2179 er
1782 2118 1834 2178 aus
1860 2116 2055 2176 freundlichen
2082 2115 2205 2175 Augen,
2242 2112 2292 2172 aus

1123 2170 1414 2230 menschenliebendem
1471 2169 1586 2229 Herzen
1638 2166 1682 2226 die
1708 2165 1788 2225 Gabe
1840 2163 1914 2223 eines
1945 2163 2051 2223 Blickes
2102 2160 2172 2220 oder
2218 2158 2293 2218 eines

1123 2217 1254 2277 Wortes.
1276 2219 1318 2279 Da
1350 2218 1386 2278 ich
1413 2216 1476 2276 mich
1508 2214 1708 2274 modellierend
1735 2214 1760 2274 in
1787 2214 1834 2274 die
1856 2212 1934 2272 Züge
1961 2209 2008 2269 des
2030 2208 2214 2268 Erzbischofs
2241 2205 2288 2265 von

1125 2265 1204 2325 Wien
1230 2265 1375 2325 vertiefte,
1391 2264 1455 2324 diese
1476 2262 1666 2322 merkwürdig
1687 2260 1897 2320 angespannten
1928 2256 1978 2316 und
2004 2256 2063 2316 doch
2084 2256 2189 2316 wieder
2214 2253 2294 2313 mild¬

1121 2314 1242 2374 gelösten
1270 2314 1364 2374 Züge,
1381 2313 1408 2373 da
1437 2310 1513 2370 hatte
1536 2310 1568 2370 ich
1592 2309 1641 2369 das
1669 2307 1790 2367 Gefühl,
1807 2307 1857 2367 daß
1885 2304 1945 2364 auch
1974 2304 2017 2364 der
2040 2302 2161 2362 härteste
2184 2301 2294 2361 Mensch

1123 2363 1153 2423 an
1185 2361 1267 2421 diesem
1309 2358 1433 2418 Priester
1459 2358 1537 2418 weich
1563 2358 1619 2418 und
1646 2356 1697 2416 gut
1719 2355 1826 2415 werden
1858 2352 1961 2412 müsse.
1983 2351 2039 2411 Und
2070 2349 2153 2409 diesem
2195 2349 2303 2409 Gefühl

1128 2408 1266 2468 versuchte
1288 2406 1323 2466 ich
1350 2405 1375 2465 in
1401 2405 1514 2465 meiner
1535 2402 1643 2462 Plastik
1664 2402 1715 2462 vor
1741 2399 1808 2459 allem
1850 2397 1998 2457 Ausdruck
2020 2396 2045 2456 zu
2076 2396 2236 2456 verleihen.
2252 2392 2292 2452 Ob

1123 2456 1154 2516 es
1176 2455 1233 2515 mir
1255 2453 1391 2513 gelungen
1418 2453 1465 2513 ist?
1492 2451 1550 2511 Der
1577 2450 1719 2510 Kardinal
1741 2447 1893 2507 jedenfalls
1915 2447 2004 2507 zeigte
2026 2445 2067 2505 sich
2094 2444 2146 2504 von
2173 2441 2284 2501 meinem

1128 2502 1207 2562 Werk
1232 2501 1398 2561 befriedigt.
1435 2502 1508 2562 „Ich
1534 2499 1625 2559 schaue
1650 2498 1711 2558 sehr
1730 2497 1785 2557 gut
1804 2495 1896 2555 aus!"
1939 2494 2012 2554 sagte
2038 2492 2086 2552 er,
2118 2489 2172 2549 das
2198 2489 2295 2549 fertige

1126 2551 1226 2611 Relief
1243 2549 1438 2609 betrachtend,
1460 2548 1513 2608 und
1540 2544 1656 2604 lachte."

1228 2602 1266 2662 So
1300 2604 1421 2664 erzählt
1455 2602 1510 2662 der
1545 2599 1705 2659 Künstler.
1733 2598 1799 2658 Und
1839 2596 1905 2656 man
1945 2595 2033 2655 blickt
2067 2591 2127 2651 mit
2156 2592 2300 2652 ehrlicher

1126 2653 1241 2713 Freude
1274 2650 1331 2710 auf
1363 2650 1421 2710 das
1464 2647 1584 2707 Relief,
1611 2647 1669 2707 von
1712 2646 1764 2706 dem
1812 2644 1865 2704 der
1902 2644 1986 2704 Kopf
2018 2640 2070 2700 des
2108 2639 2297 2699 Erzbischofs

1120 2700 1272 2760 sprechend
1305 2698 1441 2758 lebendig
1473 2695 1683 2755 herabschaut.
1705 2692 1778 2752 Man
1816 2690 1915 2750 würde
1948 2689 2121 2749 wünschen,
2143 2688 2195 2748 daß
2227 2685 2300 2745 diese

1123 2749 1249 2809 Plastik,
1271 2746 1344 2806 etwa
1377 2745 1429 2805 auf
1456 2743 1518 2803 eine
1545 2741 1698 2801 Medaille
1720 2740 1925 2800 übertragen,
1947 2737 2020 2797 allen
2053 2737 2137 2797 jenen
2169 2734 2306 2794 Unzähl¬

1117 2794 1206 2854 baren
1252 2793 1377 2853 Freude
1419 2791 1538 2851 machen
1584 2789 1709 2849 könnte,
1746 2788 1790 2848 die
1831 2786 1866 2846 zu
1911 2785 1961 2845 den
2012 2783 2208 2843 begeisterten
2244 2782 2303 2842 Be¬

1118 2841 1299 2901 wunderern
1339 2838 1393 2898 des
1433 2838 1605 2898 Kardinals
1645 2835 1797 2895 gehören.
1827 2832 1974 2892 Petrucci
2009 2830 2083 2890 aber
2118 2830 2210 2890 führt
2245 2828 2299 2888 uns

1122 2889 1242 2949 weiter.
1262 2888 1308 2948 Am
1348 2886 1560 2946 Seipel=Kopf
1585 2883 1706 2943 vorbei,
1727 2881 1781 2941 der
1808 2880 1953 2940 ebenfalls
1984 2877 2039 2937 von
2075 2877 2306 2937 verblüffender

1120 2937 1325 2997 Aehnlichkeit
1356 2936 1406 2996 ist,
1436 2935 1466 2995 zu
1507 2934 1557 2994 der
1592 2930 1989 2990 grotesk=monumentalen
2030 2925 2175 2985 Keramik
2206 2925 2301 2985 seines

1125 2985 1429 3045 „Zeitungslesers“.
1460 2982 1527 3042 Der
1563 2979 1619 3039 vor
1656 2979 1775 3039 einiger
1811 2975 1883 3035 Zeit
1919 2975 2115 3035 verstorbene
2152 2973 2306 3033 populäre

1126 3032 1247 3092 Wiener
1274 3029 1479 3089 Schriftsteller
1506 3029 1622 3089 Moritz
1643 3027 1727 3087 Band
1780 3027 1875 3087 diente
1902 3024 1986 3084 dieser
2018 3024 2128 3084 Figur,
2171 3021 2244 3081 ohne
2271 3021 2302 3081 es

1129 3085 1155 3145 zu
1187 3080 1298 3140 wissen,
1319 3078 1361 3138 als
1388 3077 1519 3137 Modell.
1557 3076 1625 3136 Nun
1657 3074 1757 3134 thront
1778 3074 1825 3134 der
1852 3069 2105 3129 „Zeitungsleser"
2137 3068 2189 3128 auf
2211 3066 2284 3126 einem

1123 3128 1194 3188 Stoß
1231 3128 1282 3188 von
1320 3125 1521 3185 Journalen,
1548 3123 1594 3183 die
1620 3123 1718 3183 hinter
1750 3119 1796 3179 ihm
1843 3121 1894 3181 zum
1942 3116 2169 3176 babylonischen
2206 3114 2288 3174 Turm

1123 3176 1313 3236 anwachsen;
1339 3173 1364 3233 in
1401 3174 1452 3234 der
1479 3173 1566 3233 Hand
1602 3170 1669 3230 hält
1695 3170 1725 3230 er
1752 3167 1798 3227 die
1829 3164 2035 3224 Leibblätter,
2056 3163 2112 3223 von
2144 3161 2236 3221 denen
2272 3161 2303 3221 er

1126 3228 1170 3288 sich
1200 3224 1278 3284 nicht
1303 3221 1430 3281 trennen
1470 3220 1538 3280 kann
1573 3218 1626 3278 und
1661 3216 1705 3276 die
1731 3215 1764 3275 er
1794 3214 1887 3274 keinem
1937 3212 2064 3272 anderen
2099 3210 2304 3270 Kaffeehaus¬

1123 3275 1187 3335 gast
1208 3270 1324 3330 gönnen
1359 3268 1439 3328 will,
1460 3267 1515 3327 und
1546 3265 1601 3325 das
1626 3264 1701 3324 alles
1733 3262 1767 3322 ist
1788 3261 1868 3321 bunt
1888 3259 2009 3319 bemalt
2035 3257 2089 3317 und
2121 3256 2176 3316 von
2211 3256 2306 3316 eigen¬

1121 3319 1239 3379 artiger
1271 3316 1435 3376 Wirkung.
1467 3313 1611 3373 Aehnlich
1653 3312 1803 3372 originell
1834 3308 1870 3368 ist
1902 3307 1947 3367 ein
1990 3307 2118 3367 anderer
2155 3304 2304 3364 Entwurf

1123 3367 1283 3427 Petrucois
1309 3364 1363 3424 aus
1384 3364 1434 3424 der
1459 3362 1590 3422 jüngsten
1620 3361 1700 3421 Zeit.
1722 3358 1781 3418 Der
1802 3355 1952 3415 Entwurf
1973 3356 2002 3416 zu
2033 3355 2113 3415 einem
2154 3352 2304 3412 Saurier¬

1125 3415 1284 3475 denkmal,
1310 3412 1367 3472 das
1409 3409 1460 3469 des
1501 3409 1661 3469 Künstlers
1703 3406 1873 3466 Phantasie
1909 3403 1960 3463 für
1997 3403 2048 3463 den
2095 3401 2301 3461 sogenannten

1128 3463 1318 3523 Wasserpark
1344 3459 1393 3519 bei
1420 3457 1469 3517 der
1500 3457 1625 3517 Wiener
1656 3455 1771 3515 Urania
1802 3451 1987 3511 bestimmte.
2013 3448 2073 3508 Ein
2104 3448 2244 3508 Saurier
2275 3448 2299 3508 in

1123 3509 1280 3569 hockender
1307 3507 1474 3567 Stellung,
1502 3506 1556 3566 aus
1583 3503 1675 3563 dessen
1713 3501 1826 3561 Rachen
1865 3499 1907 3559 ein
1946 3496 2162 3556 Wasserstrahl
2190 3496 2308 3556 sprüht,

1131 3556 1185 3616 und
1216 3557 1266 3617 das
1297 3556 1402 3616 Ganze
1428 3554 1603 3614 verbunden
1640 3551 1694 3611 mit
1720 3549 1800 3609 einem
1846 3546 2072 3606 Planschbecken
2108 3543 2153 3603 für
2184 3543 2314 3603 Kinder,

1121 3603 1167 3663 die
1188 3606 1275 3666 sogar
1302 3605 1353 3665 das
1385 3603 1565 3663 Vergnügen
1597 3600 1721 3660 hätten,
1737 3600 1772 3660 am
1809 3595 1964 3655 Schwanz
1990 3593 2036 3653 des
2063 3591 2186 3651 Urtiers
2208 3591 2300 3651 hinab

1130 3656 1151 3716 in
1190 3653 1239 3713 die
1268 3653 1355 3713 kühle
1384 3651 1466 3711 Flut
1495 3651 1527 3711 zu
1561 3648 1710 3708 rutschen.
1738 3645 1804 3705 Alle
1832 3642 1910 3702 diese
1944 3641 2020 3701 seine
2054 3639 2192 3699 Einfälle
2220 3639 2308 3699 führt

1129 3701 1272 3761 Petrucci
1298 3701 1365 3761 auch
1402 3698 1531 3758 plastisch
1567 3695 1639 3755 aus.
1665 3692 1711 3752 So
1743 3692 1814 3752 sieht
1840 3689 1907 3749 man
1949 3688 2010 3748 eine
2042 3686 2180 3746 reizende
2212 3685 2309 3745 Nach¬

1129 3749 1254 3809 bildung
1295 3748 1345 3808 des
1386 3746 1562 3806 Döblinger
1602 3742 1965 3802 Sommerheidenweges
2007 3733 2066 3793 mit
2102 3734 2193 3794 Baum
2248 3734 2303 3794 und

1129 3797 1277 3857 Bänkchen
1315 3794 1372 3854 und
1410 3794 1505 3854 davor
1537 3791 1590 3851 das
1628 3791 1744 3851 grazile
1771 3786 1940 3846 Figürchen
1978 3782 2078 3842 Artur
2111 3782 2312 3842 Schnitzlers,

1127 3845 1220 3905 dessen
1259 3842 1419 3902 Denkmal
1453 3839 1602 3899 Petrucci
1630 3839 1679 3899 sich
1719 3837 1884 3897 solcherart
1918 3832 2022 3892 denkt:
2051 3830 2222 3890 Schnitzler
2256 3830 2305 3890 als

1131 3893 1301 3953 Wanderer
1326 3890 1361 3950 am
1402 3886 1753 3946 Sommerheidenweg.
1773 3883 1838 3943 Und
1869 3881 1898 3941 es
1929 3880 2004 3940 liegt
2030 3879 2069 3939 ein
2105 3878 2190 3938 tiefer
2215 3878 2300 3938 Sinn

1130 3940 1237 4000 darin,
1258 3940 1311 4000 das
1346 3937 1507 3997 Fortleben
1548 3934 1625 3994 eines
1660 3931 1758 3991 teuren
1793 3928 1890 3988 Toten
1920 3926 2053 3986 dadurch
2083 3922 2210 3982 sichtbar
2240 3922 2293 3982 zum

1132 3988 1286 4048 Ausdruck
1317 3987 1342 4047 zu
1374 3985 1528 4045 bringen,
1549 3982 1600 4042 daß
1638 3981 1704 4041 man
1741 3978 1786 4038 ihn
1828 3976 1916 4036 unter
1947 3973 2112 4033 Bäumen,
2133 3971 2302 4031 spielenden

1129 4036 1285 4096 Kindern,
1324 4034 1372 4094 als
1416 4031 1534 4091 Mensch
1578 4029 1674 4089 unter
1713 4026 1869 4086 Menschen
1918 4022 2080 4082 schreitend
2124 4021 2226 4081 zeigt;
2259 4017 2307 4077 als

1135 4084 1284 4144 Lebenden
1328 4081 1389 4141 also
1429 4079 1605 4139 gleichsam,
1634 4076 1749 4136 anstatt
1783 4072 1832 4132 als
1867 4072 1982 4132 starren
2021 4069 2143 4129 Toten,
2171 4069 2231 4129 wie
2265 4066 2309 4126 die

1136 4134 1250 4194 meisten
1280 4128 1574 4188 Grabmonumente
1604 4125 1667 4185 nach
1696 4123 1776 4183 alter
1800 4121 2042 4181 Gepflogenheit
2066 4118 2094 4178 es
2124 4117 2192 4177 tun¬
