3392 4320
132 300 244 360 12.
302 297 793 357 Schuitzler
860 291 887 351 s
955 291 1190 351 Deatl

303 745 1012 805 OBSERVER

386 789 411 849 1.
425 791 545 851 österr.
558 801 705 861 behördl.
718 812 1020 872 konzessioniertes

340 832 577 892 Unternehmen
608 841 654 901 für
676 853 1068 913 Zeitungs-Ausschnitte

393 892 538 952 WIEN,
565 900 611 960 I.,
638 907 922 967 WOLLZEILE
969 921 1008 981 11

488 949 702 1009 TELEPHON
740 960 911 1020 R-23-0-43

270 1082 496 1142 Ausschnitt
524 1091 612 1151 aus:

626 1154 922 1214 Lakalanneige,
937 1183 975 1243 pe
989 1192 1052 1252 li.

472 1256 976 1316 APENDAUSGABE

266 1301 381 1361 vom:

584 1371 649 1431 23
699 1369 805 1429 OKT
847 1369 953 1429 1431

249 1506 422 1566 Arthur
458 1503 712 1563 Schnitzlers
748 1506 1048 1566 Beisetzung.

207 1567 485 1627 Drahlberichl
507 1563 670 1623 unseres
698 1563 1085 1623 Korrolvondenten.

251 1620 298 1680 sy.
323 1616 447 1676 Wien,
472 1616 520 1676 23.
544 1616 683 1676 Oktober.
727 1613 822 1673 Heute
871 1613 977 1673 mittag
1030 1613 1063 1673 um

215 1663 243 1723 12
277 1661 335 1721 Uhr
364 1661 464 1721 wurde
494 1660 541 1720 der
570 1657 680 1717 Dichter
710 1657 824 1717 Arthur
854 1657 1079 1717 Schnitzler

209 1705 240 1765 zu
268 1703 372 1763 Grabe
391 1703 545 1763 getragen.
583 1701 650 1761 Nach
678 1700 755 1760 einer
778 1700 873 1760 kurzen
901 1697 1082 1757 Trauer¬

218 1748 318 1808 feier
343 1746 366 1806 in
396 1746 444 1806 der
468 1745 621 1805 Wohnung
646 1743 689 1803 des
714 1745 925 1805 Verstorbenen
954 1742 1098 1802 bewegte,

210 1792 252 1852 sich
285 1790 332 1850 der
365 1789 534 1849 Leichenzug
568 1788 600 1848 am
648 1787 849 1847 Burgtheater
883 1787 986 1847 vorbei
1014 1784 1065 1844 zum

216 1831 619 1891 Zentralfriedhof,
634 1828 675 1888 wo
700 1829 775 1889 dann
806 1829 846 1889 die
872 1828 1083 1888 Bestattungs¬

216 1874 282 1934 feier
331 1873 384 1933 vom
428 1873 548 1933 Wiener
579 1870 800 1930 Oberrabbiner
850 1870 1075 1930 vorgenommen

215 1918 331 1978 wurde.
365 1915 411 1975 Am
449 1915 547 1975 Grabe
570 1914 682 1974 Arthur
710 1914 883 1974 Schnitzlers
911 1915 1004 1975 hatten
1037 1912 1079 1972 sich

215 1960 370 2020 Vertreter
397 1960 445 2020 des
476 1957 902 2017 Unterrichtsministeriums,
947 1956 996 2016 der
1027 1954 1089 2014 Ge¬

214 2004 329 2064 meinde
360 2002 461 2062 Wien,
484 2002 590 2062 weiter
621 2001 669 2061 der
701 2002 1001 2062 Generalintendant
1032 1996 1080 2056 der

216 2045 472 2105 Bundestheater,
496 2043 735 2103 Schneiderhan,
758 2043 842 2103 sowie
871 2043 931 2103 fast
960 2041 1006 2101 die
1035 2042 1081 2102 ge¬

219 2091 303 2151 samte
331 2088 447 2148 Wiener
471 2087 610 2147 Theater=
638 2085 689 2145 und
722 2085 1080 2145 Schriftstellergemeinde

216 2133 432 2193 eingefunden,
448 2130 481 2190 um
516 2128 634 2188 Arthur
659 2128 816 2188 Schnitzler
841 2127 885 2187 die
910 2127 984 2187 letzte
1009 2126 1082 2186 Ehre

216 2180 245 2240 zu
280 2175 431 2235 erweisen.
466 2173 524 2233 Die
550 2170 975 2230 Beerdigungsfeierlichkeiten
1005 2169 1083 2229 wur¬

216 2215 262 2275 den
304 2219 355 2279 auf
384 2217 612 2277 ausdrücklichen
651 2215 842 2275 letztwilligen
880 2212 996 2272 Wunsch
1034 2211 1080 2271 des

220 2261 421 2321 verstorbenen
456 2259 588 2319 Dichters
622 2260 646 2320 in
686 2258 862 2318 möglichster
897 2255 1083 2315 Schlichtheit

218 2306 448 2366 durchgeführt.

341 2421 482 2481 WIEN,
510 2427 557 2487 I.,
585 2426 869 2486 WOLLZEILE
910 2428 957 2488 11

436 2476 648 2536 TELEPHON
680 2476 856 2536 R-23-0-43

229 2620 456 2680 Ausschnitt
478 2620 567 2680 aus:

858 2707 1070 2767 GRUNGESTI

238 2790 342 2850 :HMTT
362 2787 441 2847 VOM.

715 2819 800 2879 23.
818 2811 921 2871 OKl.
939 2811 1051 2871 1931

261 2982 476 3042 Tempo,
516 2978 682 3038 Berlin
732 2975 801 3035 SW
861 2973 918 3033 68

434 3044 744 3104 Abendausgabe

364 3106 468 3166 Die
502 3106 826 3166 Beisetzung

364 3184 603 3244 Arthurs
640 3182 981 3242 Schnitzlers

719 3252 816 3312 Wien,
837 3252 1016 3312 23.Oktober

407 3303 464 3363 Die
495 3303 656 3363 eBisetzung
680 3303 854 3363 Arthur
879 3303 1058 3363 Schnitz¬

363 3351 551 3411 lersføns
580 3348 607 3408 in
636 3348 763 3408 denkbar
792 3348 931 3408 schlichter
959 3347 1053 3407 Weise

368 3394 453 3454 statt,
519 3393 574 3453 pie
600 3390 625 3450 er
650 3390 675 3450 es
701 3393 862 3453 gewünscht
888 3390 984 3450 hatte.
999 3389 1039 3449 Im

368 3438 563 3498 Trauerhaus
605 3435 737 3495 gesellten
778 3433 824 3493 sich
860 3434 914 3494 zum
965 3433 1047 3493 Sohn

372 3479 500 3539 Heinrich
539 3478 702 3538 Schnitzler
736 3476 792 3536 und
831 3477 883 3537 zur
918 3476 1051 3536 Familie

369 3522 416 3582 des
446 3520 584 3580 Bruders
614 3518 762 3578 Professor
791 3518 901 3578 Julius
926 3517 1055 3577 Schnitz¬

368 3568 412 3628 ler
443 3566 488 3626 die
514 3565 731 3625 (Schriftsteller
767 3561 842 3621 Karl
873 3562 1059 3622 Schönherr,

370 3613 469 3673 Franz
499 3608 626 3668 Werfel,
652 3608 775 3668 Richard
795 3605 1047 3665 Beer=Hoffmann

372 3655 429 3715 und
459 3653 541 3713 Felix
571 3651 701 3711 Salten.

413 3694 475 3754 Auf
504 3694 557 3754 dem
601 3694 751 3754 Friedhof
790 3691 910 3751 harrten
959 3691 1045 3751 neben

823 3734 1046 3794 Schneiderhan

377 3736 708 3796 Generalintendanten

374 3786 460 3846 große
489 3781 703 3841 Delegationen
736 3778 786 3838 des
819 3778 1056 3838 Burgtheaters,

375 3826 426 3886 des
455 3825 599 3885 Theaters
632 3820 655 3880 in
688 3822 739 3882 der
762 3820 953 3880 Josephstadt
991 3819 1046 3879 und

371 3868 423 3928 des
468 3868 621 3928 Deutschen
666 3865 916 3925 Volkstheaters.
960 3864 1056 3924 Stark

379 3912 522 3972 vertreten
547 3911 609 3971 war
629 3906 671 3966 die
691 3906 974 3966 Schriftstellerwelt
994 3905 1051 3965 und

384 3955 445 4015 auch
470 3954 541 4014 viele
566 3951 767 4011 Bewunderer
792 3948 969 4008 Schnitzlers
993 3947 1055 4007 um¬

382 3998 490 4058 standen
523 3996 577 4056 das
605 3993 705 4053 Grab,
728 3993 750 4053 in
783 3993 832 4053 das
865 3993 928 4053 nach
960 3993 1038 4053 einem

383 4040 475 4100 kurzen
506 4038 604 4098 Gebet
625 4036 739 4096 Arthur
765 4036 936 4096 Schnitzlers
962 4036 1054 4096 sterb¬

382 4082 446 4142 liche
471 4082 573 4142 Hüller
599 4082 726 4142 versenkt
751 4079 863 4139 wurde.

1419 282 1544 342 box
1623 279 1849 339 43/25

1313 1157 1575 1217 DOBS

1840 1175 2118 1235 VERe

1401 1216 1426 1276 I.
1440 1216 1560 1276 österr.
1574 1221 1719 1281 behördl.
1733 1225 2030 1285 konzessioniertes

1352 1258 1590 1318 Unternehmen
1620 1262 1668 1322 für
1694 1267 2078 1327 Zeitungs-Ausschnitte

1409 1318 1555 1378 WIEN,
1583 1321 1629 1381 I.,
1657 1327 1944 1387 WOLLZEILE
1992 1330 2031 1390 11

1504 1372 1720 1432 TELEPHON
1750 1378 1926 1438 R-23-0-43

1302 1510 1520 1570 Ausschnitt
1544 1514 1583 1574 au

1543 1548 1668 1608 6-Uhr
1697 1565 1963 1625 Abendblatt,
1992 1582 2138 1642 Berlin.

1303 1733 1412 1793 vom:

1694 1760 1795 1820 23.
1824 1767 1915 1827 OKT
1963 1780 2064 1840 1237

1366 1870 1645 1930 Schnitzlers
1682 1875 1804 1935 letzte
1839 1876 2005 1936 Fahrl.

1263 1936 1317 1996 Ein
1346 1939 1490 1999 endloser
1518 1939 1704 1999 Trauerzug
1733 1944 1828 2004 folgte
1858 1946 1953 2006 seinem
1996 1948 2119 2008 Sarge.

1331 2001 1459 2061 Unser
1487 2005 1832 2065 Korrespondent
1855 2008 2065 2068 drahtet:,

1676 2056 1717 2116 K.
1736 2062 1845 2122 Wien,
1864 2062 1911 2122 23.
1930 2064 2063 2124 Oktober.

1312 2109 1350 2169 Im
1390 2106 1784 2166 Mittagssonnenglanze
1812 2112 1923 2172 wurde
1940 2115 2117 2175 Arthyr

1262 2155 1501 2215 Schnitzler
1526 2157 1567 2217 zu
1604 2159 1752 2219 Grabe
1777 2163 2010 2223 getragen.

1313 2210 1381 2270 Was
1411 2211 1485 2271 Wien
1515 2211 1544 2271 an
1574 2214 1746 2274 klangvollen
1776 2216 1879 2276 Namen
1909 2220 1958 2280 auf
1984 2220 2027 2280 dem
2062 2219 2116 2279 Ge¬

1258 2255 1326 2315 biete
1351 2255 1400 2315 der
1425 2257 1572 2317 Literatur
1602 2257 1650 2317 und
1680 2259 1724 2319 des
1754 2258 1891 2318 Theaters
1921 2263 2019 2323 besitzt,
2039 2263 2117 2323 hatte

1257 2300 1303 2360 sich
1331 2300 1354 2360 im
1392 2300 1597 2360 Trauerhause
1621 2302 1816 2362 eingefunden,
1836 2303 1868 2363 um
1906 2305 1957 2365 von
1990 2304 2032 2364 dem
2074 2304 2120 2364 ge¬

1257 2341 1352 2401 liebten
1391 2343 1506 2403 Dichter
1535 2342 1659 2402 Abschied
1698 2346 1726 2406 zu
1760 2348 1894 2408 nehmen.
1943 2348 1995 2408 Die
2029 2348 2115 2408 Leiche

1255 2384 1319 2444 war
1344 2384 1363 2444 im
1398 2388 1712 2448 Schlafzimmer
1732 2390 1795 2450 des
1820 2391 2006 2451 Dichters
2032 2393 2110 2453 neben

1260 2428 1339 2488 seinem
1375 2428 1445 2488 Bett
1456 2431 1727 2491 aufgebahrt.
1758 2431 1797 2491 Zu
1818 2434 1908 2494 Füßen
1934 2434 1978 2494 des
1999 2434 2109 2494 Sarges

1262 2472 1333 2532 lagen
1367 2473 1434 2533 zwei
1454 2473 1578 2533 Kränze,
1597 2475 1736 2535 darunter
1760 2475 1818 2535 auch
1842 2476 1890 2536 der
1914 2477 1957 2537 des
1982 2477 2120 2537 Burg¬

1255 2515 1465 2575 theaters.
1504 2517 1541 2577 Um
1590 2515 1651 2575 ¼12
1681 2517 1737 2577 Uhr
1767 2518 1862 2578 wurde
1891 2521 1934 2581 der
1963 2522 2044 2582 Sarg
2068 2521 2115 2581 ge¬

1255 2557 1378 2617 schlossen
1413 2557 1467 2617 und
1502 2557 1551 2617 auf
1581 2559 1630 2619 das
1660 2563 1837 2623 Leichenauto
1868 2565 2010 2625 gehoben.
2050 2563 2109 2623 Nun

1253 2602 1402 2662 formierte
1422 2603 1465 2663 sich
1489 2602 1537 2662 der
1557 2603 1725 2663 endlose
1749 2606 2004 2666 Trauerzug,
2024 2608 2105 2668 voran

1254 2643 1301 2703 das
1335 2646 1513 2706 Leichenauto
1547 2645 1595 2705 und
1630 2649 1821 2709 anschließend
1851 2649 1908 2709 eine
1938 2652 1999 2712 sehr
2029 2652 2115 2712 große

1258 2691 1329 2751 Zahl
1358 2688 1406 2748 von
1435 2688 1526 2748 Autos
1550 2688 1608 2748 mit
1632 2690 1675 2750 den
1704 2691 1929 2751 Trauergästen.

1314 2730 1370 2790 Der
1394 2731 1445 2791 Zug
1474 2732 1539 2792 nahm
1572 2731 1661 2791 seinen
1690 2733 1750 2793 Weg
1774 2734 1806 2794 am
1839 2736 2031 2796 Burgtheater
2055 2736 2120 2796 vor¬

1256 2772 1300 2832 bei
1326 2772 1376 2832 zum
1417 2775 1815 2835 Zentralfriedhof.
1852 2778 1901 2838 Die
1927 2778 2013 2838 große
2038 2778 2118 2838 Zere¬

1257 2817 1449 2877 monienhalle
1477 2817 1575 2877 konnte
1599 2817 1641 2877 die
1669 2819 1739 2879 Zahl
1763 2817 1809 2877 der
1833 2821 2025 2881 Trauergäste
2048 2822 2118 2882 nicht

1254 2860 1444 2920 aufnehmen,
1468 2858 1518 2918 und
1545 2858 1613 2918 viele
1641 2860 1686 2920 von
1718 2861 1795 2921 ihnen
1823 2863 1932 2923 mußten
1960 2864 2114 2924 außerhalb

1255 2903 1392 2963 derselben
1432 2903 1608 2963 Aufstellung
1648 2903 1780 2963 nehmen.
1830 2906 2006 2966 Schlicht
2036 2906 2109 2966 und

1253 2945 1430 3005 einfach,
1460 2946 1509 3006 und
1549 2946 1578 3006 in
1613 2945 1692 3005 ihrer
1727 2945 1905 3005 Einfachheit
1935 2949 1968 3009 um
2014 2951 2038 3011 so
2073 2949 2116 3009 er¬

1255 2990 1432 3050 greifender,
1457 2988 1519 3048 war
1553 2987 1596 3047 die
1630 2987 1706 3047 kurze
1736 2990 2048 3050 Trauerfeier,
2072 2994 2120 3054 die

1255 3032 1319 3092 nach
1354 3032 1397 3092 dem
1447 3031 1565 3091 Wunsch
1600 3030 1643 3090 des
1678 3034 1806 3094 Dichters
1841 3033 1865 3093 so
1900 3033 1954 3093 wie
1984 3035 2033 3095 für
2063 3035 2112 3095 den

1254 3075 1372 3135 ärmsten
1408 3074 1503 3134 Mann
1545 3074 1721 3134 angeordnet
1753 3075 1830 3135 war.
1880 3077 1930 3137 Ein
1967 3079 2111 3139 kurzes

1253 3118 1405 3178 Gebet,
1420 3118 1469 3178 und
1494 3118 1557 3178 dann
1582 3118 1680 3178 wurde
1700 3120 1743 3180 der
1764 3121 1837 3181 Sarg
1862 3119 1881 3179 in
1906 3119 1950 3179 die
1970 3120 2112 3180 Ehren¬

1250 3162 1370 3222 reihe
1399 3160 1445 3220 zum
1487 3160 1655 3220 Ehrengrab
1688 3161 1836 3221 getragen,
1860 3165 1911 3225 und
1939 3163 1981 3223 die
2009 3163 2107 3223 großen

1254 3202 1376 3262 Scharen
1399 3202 1445 3262 der
1465 3203 1652 3263 Trauergäste
1671 3205 1824 3265 defilierten
1848 3205 1876 3265 an
1905 3208 1988 3268 diesem
2026 3207 2114 3267 Grabe

1255 3247 1355 3307 vorbei
1384 3247 1431 3307 und
1461 3247 1565 3307 warfen
1604 3247 1772 3307 Erdschollen
1806 3250 1858 3310 auf
1883 3249 1925 3309 den
1959 3250 2035 3310 Sarg
2065 3250 2112 3310 des

1254 3289 1399 3349 Dichters.
1445 3288 1525 3348 Wien
1562 3289 1611 3349 hat
1642 3291 1773 3351 ehrliche,
1799 3291 1970 3351 aufrichtige
2001 3293 2111 3353 Trauer

1257 3331 1402 3391 getragen.
1443 3330 1529 3390 Nur
1559 3330 1624 3390 die
1655 3333 1902 3393 offiziellen
1938 3336 2104 3396 Stellen

1255 3377 1370 3437 scheinen
1409 3375 1462 3435 von
1501 3375 1548 3435 dem
1597 3375 1717 3435 Ableben
1756 3377 1799 3437 des
1838 3378 1967 3438 Dichters
2002 3381 2112 3441 keine

1255 3417 1374 3477 Notiz
1404 3419 1634 3479 genommen
1663 3420 1686 3480 zu
1721 3421 1821 3481 haben;
1841 3421 1908 3481 denn
1937 3423 2037 3483 seitens
2067 3423 2109 3483 der

1252 3460 1520 3520 Regierungskreise
1552 3461 1611 3521 war
1639 3463 1765 3523 niemand
1798 3464 1956 3524 anwesend.

2427 1475 2989 1535 HEMSTREET

2459 1524 2500 1584 96
2531 1525 2745 1585 WARREN
2781 1527 2965 1587 STREET

2500 1581 2592 1641 NEW
2647 1584 2778 1644 YORK
2820 1586 2932 1646 CITY

2441 1713 2617 1773 cago
2667 1717 2758 1777 Eve
2808 1718 2936 1778 Post

2512 1894 2822 1954 0072213

2280 2085 2434 2145 DORT
2477 2081 2849 2141 SORNTLEER

2342 2246 2882 2306 MrAOTEKCOTTIN

2271 2411 2432 2471 Writer
2465 2411 2669 2471 Interred
2714 2408 2917 2468 Accord¬

2399 2499 2471 2559 ing
2503 2498 2544 2558 to
2576 2497 2648 2557 His
2680 2494 2793 2554 Will.

2318 2623 2467 2683 VIENNA,
2519 2620 2596 2680 Oct.
2647 2616 2918 2676 23.—(P)—Arthur

2277 2661 2459 2721 Schnitzler,
2486 2656 2546 2716 who
2580 2654 2641 2714 died
2675 2654 2705 2714 on
2744 2652 2921 2712 Wednesday

2279 2697 2388 2757 leaving
2416 2693 2463 2753 the
2487 2691 2569 2751 world
2597 2691 2690 2751 richer
2710 2691 2753 2751 for
2777 2691 2819 2751 his
2843 2687 2921 2747 writ¬

2280 2734 2357 2794 ings,
2375 2732 2431 2792 was
2457 2730 2556 2790 buried
2587 2729 2673 2789 today
2699 2727 2720 2787 in
2751 2727 2764 2787 a
2790 2725 2923 2785 pauper's

2279 2772 2366 2832 coffin
2397 2769 2450 2829 like
2473 2769 2484 2829 a
2508 2766 2572 2826 man
2599 2763 2729 2823 without
2748 2763 2759 2823 a
2782 2762 2896 2822 friend.

2313 2808 2343 2868 It
2362 2806 2415 2866 was
2435 2807 2465 2867 at
2480 2805 2525 2865 his
2545 2802 2602 2862 own
2625 2802 2758 2862 request,
2773 2799 2918 2859 expressed

2282 2845 2308 2905 in
2335 2843 2346 2903 a
2373 2843 2483 2903 codicil
2503 2840 2529 2900 to
2556 2840 2567 2900 a
2594 2838 2654 2898 will
2674 2838 2787 2898 written
2814 2836 2924 2896 twenty

2283 2882 2360 2942 years
2379 2880 2449 2940 ago,
2464 2876 2604 2936 directing
2631 2875 2701 2935 that
2720 2873 2753 2933 no
2779 2873 2830 2933 one
2857 2872 2927 2932 wear

2285 2918 2455 2978 mourning,
2481 2914 2531 2974 and
2566 2913 2634 2973 that
2660 2911 2711 2971 the
2741 2909 2860 2969 funeral
2886 2908 2920 2968 be

2280 2957 2310 3017 of
2332 2954 2379 3014 the
2405 2951 2482 3011 “very
2504 2951 2585 3011 last,"
2607 2949 2637 3009 or
2659 2948 2783 3008 pauper,
2796 2948 2886 3008 class.

2319 2990 2408 3050 There
2433 2990 2502 3050 were
2519 2986 2555 3046 no
2580 2986 2723 3046 wreaths,
2736 2984 2768 3044 no
2793 2984 2927 3044 obituary

2282 3027 2540 3087 announcements
2559 3024 2606 3084 and
2636 3023 2669 3083 no
2692 3022 2835 3082 honorary
2854 3019 2927 3079 pall¬

2284 3064 2413 3124 bearers.
2451 3063 2526 3123 Only
2552 3061 2564 3121 a
2594 3058 2731 3118 bouquet
2757 3057 2786 3117 of
2811 3056 2924 3116 blazing

2286 3102 2564 3162 chrysanthemums
2604 3096 2721 3156 relieved
2760 3094 2811 3154 the
2846 3093 2920 3153 stark

2279 3139 2443 3199 simplicity
2463 3136 2490 3196 of
2510 3136 2557 3196 the
2577 3135 2663 3195 rough
2691 3132 2800 3192 wooden
2824 3130 2930 3190 coffin.

2321 3176 2380 3236 But
2398 3175 2419 3235 it
2441 3173 2492 3233 was
2515 3172 2583 3232 not,
2596 3169 2670 3229 after
2692 3172 2743 3232 all,
2760 3169 2769 3229 a
2791 3169 2928 3229 pauper's

2278 3214 2456 3274 ceremony.
2489 3210 2546 3270 The
2575 3207 2692 3267 writer's
2713 3207 2826 3267 friends
2852 3204 2928 3264 came

2284 3252 2347 3312 from
2384 3250 2424 3310 far
2448 3250 2502 3310 and
2526 3247 2611 3307 near.
2644 3244 2789 3304 Literary,
2808 3241 2935 3301 artistic.

2290 3288 2459 3348 diplomatic
2492 3285 2544 3345 and
2581 3282 2698 3342 official
2728 3279 2828 3339 circles
2861 3278 2929 3338 were

2289 3324 2469 3384 represented
2501 3321 2555 3381 and
2587 3320 2664 3380 their
2688 3315 2840 3375 luxurious
2868 3314 2926 3374 cars

2291 3363 2405 3423 blocked
2437 3360 2485 3420 the
2512 3360 2596 3420 roads
2619 3357 2738 3417 outside
2765 3354 2809 3414 the
2836 3351 2933 3411 ceme¬

2289 3399 2370 3459 tery.

2324 3435 2383 3495 The
2411 3433 2564 3493 dramatist
2588 3430 2646 3490 also
2674 3429 2801 3489 directed
2829 3427 2855 3487 in
2883 3427 2928 3487 his

2289 3470 2349 3530 will
2369 3470 2437 3530 that
2461 3472 2468 3532 a
2495 3469 2598 3529 needle
2625 3467 2655 3527 be
2678 3466 2781 3526 thrust
2804 3462 2926 3522 through

2291 3509 2335 3569 his
2355 3507 2440 3567 heart
2461 3506 2553 3566 before
2578 3503 2675 3563 burial
2696 3503 2720 3563 to
2744 3503 2853 3563 remove
2878 3499 2930 3559 any

2286 3545 2384 3605 doubt
2405 3545 2437 3605 of
2454 3545 2499 3605 his
2520 3542 2627 3602 death.
