3392 4352
254 288 318 348 a

122 354 215 414 fierte

103 392 281 452 schnitte

203 890 305 950 1931

118 989 285 1049 paueranee.

2186 1004 2333 1064 Trotzdem
2382 1007 2505 1067 wagten
2541 1006 2588 1066 die
2618 1007 2848 1067 maßgebenden
2884 1006 2966 1066 Hof¬

326 1004 456 1064 Meister
486 1007 564 1067 seine
587 1006 745 1066 Meinung
769 1007 797 1067 in
827 1007 898 1067 zwei
921 1008 1043 1068 Worte:
1059 1007 1181 1067 „Völlig
1226 1006 1370 1066 ärztliche
1393 1007 1508 1067 Praxis
1538 1005 1609 1065 auf.
1624 1007 1668 1067 Er
1691 1007 1748 1067 gab
1777 1007 1820 1067 die
1843 1005 2073 1065 Instrumente

323 1048 507 1108 talentlos!

2108 1046 2309 1106 funktionare
2340 1048 2436 1108 nicht,
2457 1049 2507 1109 die
2538 1049 2695 1109 Komödie
2726 1052 2756 1112 zu
2792 1049 2948 1109 verbieten

1215 1049 1303 1109 weg.
1327 1049 1474 1109 Damals
1504 1049 1598 1109 stellte
1628 1049 1657 1109 er
1687 1050 1828 1110 lächelnd
1858 1049 1928 1109 fest:
1976 1050 2063 1110 „Den

178 1081 240 1141 he

416 1089 485 1149 Das
517 1091 573 1151 hat
600 1091 662 1151 mir
695 1091 858 1151 seinerzeit
884 1091 984 1151 Artur
1018 1093 1168 1153 Schnitzle

1221 1094 1437 1154 Filzvorleger
1490 1091 1547 1151 vor
1601 1091 1727 1151 meiner
1775 1093 1943 1153 ärztlichen
2002 1093 2075 1153 Tür
2113 1090 2187 1150 weil
2208 1090 2245 1150 sie
2272 1090 2413 1150 wußten,
2435 1091 2482 1151 die
2504 1091 2635 1151 Schratt
2657 1093 2730 1153 liebe
2773 1094 2962 1154 Schnitzlers

328 1133 356 1193 in
403 1133 557 1193 köstlicher
593 1134 707 1194 Laune
749 1136 880 1196 erzählt.
916 1136 1053 1196 Welches
1094 1136 1186 1196 Werk
1227 1136 1342 1196 könnte
1371 1136 1411 1196 ich
1446 1136 1607 1196 eigentlich
1642 1136 1693 1196 als
1729 1136 1786 1196 neu
1827 1136 2027 1196 verkaufen!"

105 1136 271 1196 Benneeeget

2100 1136 2327 1196 Dichtungen,
2349 1136 2412 1196 und
2439 1136 2508 1196 ihre
2535 1136 2746 1196 Donkbarkeit
2778 1138 2815 1198 sei
2842 1139 2963 1199 verläß¬

2101 1175 2179 1235 lich.
2234 1177 2313 1237 Nur
2377 1175 2461 1235 eines
2510 1177 2564 1237 bat
2604 1174 2653 1234 der
2698 1177 2781 1237 kluge
2816 1179 2968 1239 Direktor

330 1177 546 1237 Sonnenthal
605 1177 641 1237 da
700 1177 848 1237 meinte?
912 1180 980 1240 Den
1049 1180 1175 1240 Anatol

107 1186 156 1246 ler
184 1186 233 1246 und
261 1186 288 1246 an

2107 1218 2297 1278 Schlenther
2324 1216 2375 1276 den
2412 1219 2561 1279 Dichter:
2583 1219 2628 1279 Er
2660 1221 2747 1281 selbst
2779 1222 2866 1282 möge
2897 1222 2948 1282 dem

333 1219 471 1279 Zyklus!

111 1225 254 1285 Gentra

1305 1230 1403 1290 Eines
1432 1231 1490 1291 der
1519 1231 1791 1291 merkwürdigsten
1833 1231 1977 1291 Wunder
2030 1228 2058 1288 im

413 1261 481 1321 Als
513 1262 556 1322 ich
595 1262 675 1322 einst
707 1262 738 1322 im
789 1263 995 1323 Carltheater
1027 1264 1083 1324 für
1121 1265 1189 1325 eine
1221 1273 1440 1333 Dichterleben
1472 1275 1665 1335 Schnitzlers
1692 1274 1853 1334 bedeutete
1898 1273 1947 1333 die
1992 1271 2079 1331 Auf=
2104 1262 2286 1322 Hofzensor
2312 1261 2373 1321 und
2399 1261 2448 1321 dem
2493 1262 2612 1322 Hofrat
2631 1263 2699 1323 Dr.
2719 1264 2862 1324 Wlassack
2900 1264 2956 1324 von

2110 1306 2163 1366 der
2184 1303 2380 1363 Intendanz
2401 1304 2459 1364 sein
2486 1303 2581 1363 Stuck
2603 1306 2761 1366 vorlesen.
2783 1306 2851 1366 Nun
2884 1308 2957 1368 denn

325 1306 520 1366 literarische
569 1307 781 1367 Vorstellung
836 1306 917 1366 zwei
966 1306 1079 1366 Stücke
1134 1308 1188 1368 des

107 1315 130 1375 r
160 1315 220 1375 gar
259 1314 289 1374 of

1223 1318 1363 1378 führung
1419 1316 1524 1376 seines
1581 1318 1948 1378 Revolutionsdramas
1989 1315 2074 1375 „Der

2108 1342 2122 1402 —
2168 1344 2339 1404 Schnitzler
2370 1344 2415 1404 las
2441 1345 2521 1405 seine
2543 1347 2719 1407 Dichtung.
2734 1347 2819 1407 Aber
2846 1350 2971 1410 absicht¬

327 1349 597 1409 Anatol-Zyklus

1106 1350 1193 1410 vor¬

677 1351 736 1411 zur
811 1350 1025 1410 Aufführung

104 1359 295 1419 Johann

1220 1360 1323 1420 grüne
1355 1359 1505 1419 Kakadu“
1542 1360 1567 1420 im
1615 1362 1807 1422 kaiserlichen
1849 1359 2082 1419 Burgtheater.

2108 1389 2163 1449 lich
2191 1389 2212 1449 so
2247 1389 2429 1449 miserabel,
2446 1389 2501 1449 daß
2530 1392 2557 1452 so
2585 1392 2712 1452 ziemlich
2741 1393 2801 1453 alle
2829 1395 2962 1455 Pointen

328 1392 499 1452 bereitete,
533 1392 659 1452 erteilte
699 1392 765 1452 mir
792 1392 965 1452 Schnitzler
1012 1393 1111 1453 zuerst
1145 1396 1190 1456 die
1224 1402 1303 1462 Aber
1330 1405 1376 1465 ein
1410 1407 1489 1467 nicht
1510 1404 1636 1464 minder
1663 1406 1775 1466 großes
1802 1406 1848 1466 die
1869 1404 1941 1464 kurz
1968 1404 2080 1464 vorher

104 1401 148 1461 rs
182 1401 293 1461 unsres

2111 1439 2137 1499 zu
2177 1430 2286 1490 Boden
2326 1431 2441 1491 fielen.

327 1434 506 1494 schriftliche
534 1436 767 1496 Bewilligung.
790 1436 832 1496 Am
882 1435 974 1495 selben
1007 1437 1094 1497 Tage
1122 1437 1170 1497 kam

113 1445 205 1505 Ruhm
270 1446 293 1506 jo

1215 1449 1251 1509 an
1282 1449 1437 1509 derselben
1469 1449 1577 1509 Stätte
1625 1448 1816 1508 inszenierte
1864 1446 2076 1506 Aufführung

2197 1476 2264 1536 Die
2297 1475 2565 1535 Kanonenschüsse
2597 1476 2647 1536 des
2685 1479 2822 1539 Dialogs
2854 1479 2959 1539 kamen

117 1485 171 1545 der
237 1486 297 1546 an¬
323 1480 398 1540 aber
434 1479 474 1539 ein
515 1481 655 1541 zweites,
696 1479 947 1539 pneumatisches
1003 1481 1174 1541 Schreiben

1222 1494 1320 1554 seines
1350 1491 1495 1551 Dramas
1525 1491 1769 1551 „Vermächtnis

2111 1518 2140 1578 so
2166 1518 2251 1578 sanft
2277 1518 2393 1578 heraus
2424 1518 2484 1578 wie
2510 1518 2560 1578 der
2591 1521 2691 1581 Schuß
2722 1521 2808 1581 einer
2833 1521 2969 1581 Kinder¬

326 1524 350 1584 in
386 1524 436 1584 dem
482 1525 512 1585 er
538 1524 608 1584 mich
639 1524 790 1584 dringend
821 1525 891 1585 bat,
912 1524 1073 1584 „Anatols
1099 1526 1189 1586 Hoch¬

191 1529 284 1589 stand

1307 1533 1380 1593 Das
1402 1533 1739 1593 Revolutionsdrama
1766 1530 1913 1590 beschwor
1935 1530 2071 1590 förmlich

2111 1559 2236 1619 pistole,
2262 1562 2317 1622 und
2348 1560 2398 1620 die
2424 1561 2681 1621 revolutionären
2717 1565 2802 1625 Rufe
2838 1565 2964 1625 klangen

165 1574 294 1634 engster
327 1568 559 1628 zeitsmorgen"
586 1568 775 1628 abzusetzen,
797 1565 926 1625 obgleich
955 1565 1105 1625 vielleicht
1127 1568 1164 1628 ein

1220 1577 1272 1637 den
1311 1576 1455 1636 blutigen
1494 1574 1643 1634 Schatten
1705 1574 1763 1634 der
1821 1571 2075 1631 guillotinierten

2112 1601 2169 1661 wie
2217 1602 2519 1662 Gemutlichkeiten.
2558 1604 2629 1664 Das
2683 1604 2754 1664 war
2802 1607 2869 1667 eine
2918 1607 2970 1667 der

323 1614 397 1674 gute
423 1611 588 1671 Besetzung
614 1610 659 1670 die
679 1610 865 1670 Schwächen
896 1613 946 1673 des
972 1611 1097 1671 Stückes
1122 1609 1192 1669 ver¬

1223 1619 1362 1679 Königin
1388 1619 1496 1679 Maria
1523 1616 1729 1676 Antoinette,
1745 1617 1791 1677 der
1813 1616 1942 1676 Tochter
1968 1614 2076 1674 Maria

163 1619 295 1679 Schau¬

2112 1643 2273 1703 witzigsten
2326 1649 2603 1709 Kunstleistungen
2673 1649 2730 1709 des
2800 1651 2967 1711 Vorlesers

329 1655 422 1715 decken
457 1655 584 1715 könnte.
604 1654 688 1714 Aber
718 1653 747 1713 er
777 1655 850 1715 habe
880 1655 910 1715 es
959 1652 1062 1712 soeben
1121 1652 1190 1712 nach

103 1661 284 1721 ertrautest

1223 1662 1409 1722 Theresias,
1425 1663 1483 1723 auf
1505 1661 1547 1721 die
1569 1661 1685 1721 Bühne
1712 1661 1760 1721 des
1787 1661 1972 1721 Hofes....
1989 1659 2084 1719 „Das

2115 1688 2290 1748 Schnitzler

330 1699 437 1759 langer
469 1698 541 1758 Zeit
568 1698 799 1758 wiedergelesen
852 1697 913 1757 und
965 1697 1048 1757 seine
1079 1697 1192 1757 „Anti¬

1222 1706 1472 1766 Vermächtnis“
1503 1703 1575 1763 aber
1601 1703 1713 1763 rührte
1738 1703 1807 1763 nach
1837 1703 1890 1763 der
1915 1703 2081 1763 Meinung

104 1706 190 1766 ische
232 1703 301 1763 Be¬

2198 1733 2262 1793 Die
2296 1733 2405 1793 beiden
2443 1733 2667 1793 Funktionäre
2723 1736 2831 1796 waren
2898 1736 2968 1796 nach

331 1741 431 1801 pathie
453 1742 542 1802 gegen
574 1741 626 1801 das
653 1741 748 1801 Stück
765 1741 849 1801 mehr
892 1741 944 1801 als
987 1742 1012 1802 je
1055 1741 1192 1801 gerecht¬

104 1745 179 1805 bte
226 1744 301 1804 Arzi

1228 1748 1277 1808 der
1308 1750 1448 1810 strengen
1489 1747 1649 1807 Hofkreise
1680 1747 1720 1807 an
1755 1747 1815 1807 das
1851 1747 2001 1807 Institut
2032 1744 2081 1804 der

1229 1793 1314 1853 Ehe,
1336 1792 1420 1852 indem
1471 1790 1506 1850 es
1535 1791 1664 1851 Mitleid
1693 1790 1835 1850 fordert,
1864 1787 2084 1847 Duldsamkeit
2121 1773 2213 1833 diesem
2257 1774 2398 1834 Vortrag
2428 1775 2592 1835 beruhigt.
2628 1777 2692 1837 Die
2721 1780 2962 1840 Aufführungen

334 1785 444 1845 fertigt
465 1783 644 1843 gefunden“

109 1789 151 1849 em
194 1789 295 1849 seinen

2115 1818 2256 1878 sprühten
2287 1818 2338 1878 von
2369 1818 2662 1878 schauspielerischem
2704 1822 2820 1882 Talent
2841 1819 2850 1879 —
2902 1821 2972 1881 aber

140 1834 299 1894 Vorliebe

1228 1835 1289 1895 und
1316 1834 1398 1894 Hilfe
1419 1834 1475 1894 für
1502 1834 1563 1894 jene
1590 1834 1744 1894 Frauen,
1765 1834 1811 1894 die
1837 1834 1914 1894 ohne
1941 1833 2085 1893 priester¬

417 1836 475 1896 Ich
503 1836 723 1896 widersprach,
746 1834 816 1894 denn
849 1834 902 1894 der
924 1834 1075 1894 Einakter
1102 1834 1134 1894 ist
1156 1833 1183 1893 in

1228 1880 1321 1940 lichen
1366 1879 1466 1939 Segen
1511 1878 1640 1938 Mütter
1677 1877 1828 1937 werden.
1858 1876 1923 1936 Die
1960 1875 2082 1935 Hohen=
2119 1862 2191 1922 nach
2213 1861 2285 1921 acht
2307 1861 2546 1921 Vorstellungen
2576 1863 2683 1923 mußte
2706 1864 2756 1924 das
2786 1864 2879 1924 Stück
2902 1863 2951 1923 vom

165 1878 294 1938 höfische
327 1879 456 1939 Einfall
489 1879 548 1939 und
581 1879 797 1939 Ausführung
830 1879 959 1939 wirklich
997 1880 1175 1940 entzückend

2116 1903 2311 1963 Schauplatz
2327 1906 2575 1966 verschwinden.
2592 1906 2654 1966 Die
2681 1907 2887 1967 Französische
2914 1908 2977 1968 Re¬

1231 1921 1283 1981 fels
1310 1923 1385 1983 hielt
1406 1921 1438 1981 am
1475 1921 1618 1981 Schlusse
1640 1921 1725 1981 jenes
1746 1921 1874 1981 Stückes
1901 1919 1969 1979 eine
1986 1921 2086 1981 förm¬

329 1921 373 1981 Er
398 1924 486 1984 wäre
511 1924 648 1984 (damals
674 1922 702 1982 in
732 1921 816 1981 Wien
851 1923 998 1983 nirgends
1028 1921 1096 1981 noch
1126 1921 1194 1981 auf¬

2110 1945 2259 2005 volution
2301 1947 2409 2007 konnte
2445 1947 2517 2007 man
2560 1948 2605 2008 bei
2637 1948 2698 2008 Hof
2750 1950 2832 2010 nicht
2885 1950 2977 2010 mehr

114 1962 296 2022 rzoglichen

1223 1966 1298 2026 liche
1323 1966 1500 2026 Ansprache
1521 1965 1556 2025 an
1586 1965 1646 2025 alle
1668 1965 1819 2025 Mütter,
1834 1964 1864 2024 in
1890 1962 1940 2022 der
1966 1962 2006 2022 sie
2026 1961 2086 2021 Er¬

328 1965 475 2025 geführt)
497 1965 560 2025 eine
582 1965 713 2025 köstliche
735 1965 904 2025 Sensation
931 1965 984 2025 für
1006 1965 1195 2025 literarische

2114 1989 2270 2049 leugnen,
2295 1990 2370 2050 aber
2404 1985 2418 2045 —

2476 1990 2535 2050 daß
2571 1990 2616 2050 ein
2657 1992 2858 2052 Komödiant
2909 1992 2979 2052 eine

109 2007 124 2067 i
155 2004 212 2064 der
254 2004 305 2064 be¬

333 2009 569 2069 Feinschmecker
600 2007 784 2067 geworden.
806 2007 887 2067 Aber
913 2009 954 2069 ich
985 2010 1093 2070 mußte
1124 2008 1190 2068 ver=
1222 2011 1355 2071 barmen
1376 2011 1426 2071 für
1453 2010 1493 2070 die
1514 2010 1652 2070 entehrte
1674 2010 1781 2070 Heldin
1807 2009 1858 2069 des
1879 2008 2022 2068 Stückes,
2033 2008 2084 2068 für

2121 2033 2231 2093 Hoheit
2264 2034 2475 2094 niedersticht,
2502 2034 2571 2094 noch
2614 2034 2687 2094 dazu
2747 2037 2852 2097 wegen
2895 2037 2979 2097 einer

104 2051 158 2111 n.
197 2049 285 2109 Soof

328 2050 435 2110 zichten
477 2052 538 2112 und
575 2052 687 2112 konnte
719 2052 785 2112 bloß
822 2052 862 2112 ein
904 2052 1191 2112 Schnitzler=Stück
1228 2053 1304 2113 diese
1326 2054 1412 2114 Toni
1428 2052 1556 2112 Weber,
1572 2051 1664 2111 erbat
1680 2050 1690 2110 —
1742 2049 1767 2109 so
1788 2051 1844 2111 daß
1871 2049 1927 2109 alle
1953 2052 2076 2112 Frauen

2121 2078 2391 2138 Schauspielerin,
2414 2079 2464 2139 das
2492 2079 2557 2139 war
2586 2079 2646 2139 doch
2674 2079 2701 2139 zu
2735 2079 2795 2139 viel

103 2091 234 2151 milie,
261 2093 287 2153 ja
325 2094 482 2154 bringen,
504 2095 635 2155 nämlich
668 2097 720 2157 den
758 2094 915 2154 reizvollen
953 2094 1105 2154 Einakter
1132 2094 1190 2154 aus

1233 2099 1257 2159 im
1298 2097 1403 2157 Hause
1428 2096 1584 2156 weinten,
1609 2096 1680 2156 auch
1715 2094 1760 2154 die
1786 2094 2026 2154 hochadeligen.

2199 2130 2267 2190 Die
2297 2133 2545 2193 Aufführungen
2580 2130 2684 2190 waren
2713 2133 2788 2193 stets
2817 2133 2874 2193 fast
2898 2131 2978 2191 aus¬

135 2136 292 2196 Halswel

1307 2138 1410 2198 Gegen
1447 2140 1498 2200 das
1535 2138 1628 2198 Stück
1659 2138 1747 2198 erhob
1784 2138 1835 2198 sich
1867 2138 1902 2198 an
1939 2136 2084 2196 mancher

327 2136 383 2196 dem
463 2138 723 2198 Anatol-Zyklus
770 2140 854 2200 „Die
894 2139 1002 2199 Frage
1048 2140 1087 2200 an
1133 2137 1188 2197 das

2113 2171 2277 2231 verkauft.
2304 2174 2382 2234 Man
2425 2174 2499 2234 kann
2536 2171 2588 2231 sich
2626 2174 2758 2234 denken,
2806 2174 2869 2234 wie
2922 2173 2974 2233 der

104 2177 206 2237 heten,
230 2178 298 2238 nach
333 2180 505 2240 Schicksal“

1227 2186 1320 2246 hohen
1354 2183 1459 2243 Stelle
1487 2182 1674 2242 murrender
1702 2180 1917 2240 Widerstand.
1946 2180 2028 2240 Aber
2056 2180 2083 2240 er

2119 2216 2243 2276 Dichter
2272 2216 2345 2276 über
2374 2216 2454 2276 diese
2477 2216 2647 2276 Absetzung
2676 2219 2721 2279 sich
2750 2219 2886 2279 kränkte.
2910 2217 2977 2277 Das

104 2222 283 2282 rPayer

406 2222 480 2282 Bei
504 2224 556 2284 der
604 2225 853 2285 Generalprobe
900 2222 951 2282 kam
1017 2223 1195 2283 Schnitzler

1227 2228 1365 2288 getraute
1390 2225 1439 2285 sich
1469 2227 1553 2287 nicht
1578 2225 1646 2285 laut
1672 2225 1701 2285 zu
1736 2225 1879 2285 werden,
1899 2225 1978 2285 denn
2013 2224 2086 2284 diese

2118 2258 2215 2318 Stück
2243 2261 2329 2321 sollte
2357 2259 2426 2319 eben
2471 2261 2497 2321 in
2536 2261 2746 2321 Deutschland
2801 2259 2839 2319 an
2894 2261 2974 2321 allen

103 2264 288 2324 itomobile

330 2267 446 2327 wieder
474 2267 531 2327 auf
558 2268 611 2328 das
643 2269 695 2329 „so
744 2267 908 2327 schwache“
961 2267 1199 2327 Anatol=Stück

1224 2272 1315 2332 Toni
1332 2271 1461 2331 Weber,
1499 2270 1547 2330 die
1586 2270 1644 2330 das
1672 2269 1806 2329 Unglück
1850 2268 1952 2328 hatte,
1990 2267 2086 2327 ledige

2118 2304 2225 2364 großen
2267 2303 2344 2363 Hof=
2370 2302 2432 2362 und
2463 2303 2706 2363 Stadttheatern
2737 2303 2907 2363 erscheinen
2938 2303 2953 2363 —

135 2308 290 2368 ungefähr
329 2310 668 2370 „Hochzeitsmorgen“
701 2311 727 2371 zu
754 2309 889 2369 sprechen
928 2309 986 2369 und
1014 2312 1105 2372 schloß
1159 2311 1186 2371 in
1229 2314 1358 2374 Mutter
1380 2315 1407 2375 zu
1434 2312 1574 2372 werden,
1591 2314 1655 2374 war
1677 2313 1731 2373 von
1758 2312 1935 2372 Katharina
1963 2312 2092 2372 Schratt

2116 2344 2206 2404 deren
2243 2344 2428 2404 Direktoren
2466 2346 2593 2406 mußten
2630 2346 2699 2406 doch
2731 2347 2890 2407 glauben,
2933 2346 2980 2406 die

135 2347 219 2407 aber
250 2350 295 2410 die
331 2353 431 2413 seinem
477 2353 769 2413 unnachahmlichen
805 2350 905 2410 Ernst
926 2353 986 2413 mit
1012 2352 1061 2412 dem
1107 2350 1197 2410 Satz:

1223 2359 1371 2419 gespielt,
1393 2356 1455 2416 eine
1482 2356 1529 2416 der
1556 2356 1794 2416 ergreifendsten
1831 2356 1963 2416 Rollen,
1985 2353 2010 2413 in
2043 2354 2090 2414 die

2119 2386 2214 2446 rasche
2243 2388 2412 2448 Absetzung
2447 2387 2486 2447 sei
2515 2388 2571 2448 aus
2606 2391 2826 2451 geschäftlichen
2866 2390 2979 2450 Grün¬

110 2392 177 2452 Herr
217 2391 301 2451 Pro¬

329 2397 400 2457 „Am
443 2396 532 2456 Ende
557 2397 610 2457 hat
635 2395 851 2455 Sonnenthal
893 2395 959 2455 doch
1014 2395 1097 2455 recht
1140 2397 1193 2457 ge=
1224 2399 1307 2459 diese
1338 2401 1524 2461 Künstlerin
1561 2401 1614 2461 der
1651 2401 1878 2461 Naturlichkeit
1909 2398 1981 2458 ihre
2011 2396 2089 2456 mit¬

2118 2428 2169 2488 den
2199 2434 2326 2494 erfolgt,
2344 2431 2418 2491 weil
2436 2431 2488 2491 das
2518 2431 2610 2491 Stück
2628 2434 2708 2494 nicht
2727 2434 2795 2494 zog.

163 2431 199 2491 in
246 2434 298 2494 der

332 2440 428 2500 habt!

1223 2446 1392 2506 leidsvolle
1419 2446 1508 2506 Seele
1535 2443 1619 2503 hatte
1640 2444 1809 2504 ausgießen
1842 2443 1978 2503 können.
2000 2440 2089 2500 Diese

155 2479 225 2539 Hof
261 2475 296 2535 so

2199 2483 2346 2543 Damals
2382 2485 2547 2545 verlangte
2577 2482 2636 2542 nun
2672 2485 2724 2545 der
2754 2486 2884 2546 Dichter
2914 2488 2978 2548 eine

1223 2491 1317 2551 Toni
1339 2489 1448 2549 Weber
1495 2488 1605 2548 wurde
1651 2487 1732 2547 denn
1782 2488 1853 2548 auch
1903 2486 1994 2546 einer
2040 2485 2089 2545 der

2119 2527 2267 2587 offizielle
2296 2527 2462 2587 Zuschrift
2490 2527 2539 2587 der
2574 2527 2895 2587 Generalintendanz
2928 2530 2978 2590 des

413 2541 492 2601 Das
511 2541 732 2601 absprechende
757 2541 861 2601 Urteil
880 2541 928 2601 des
954 2541 1046 2601 ersten
1071 2541 1193 2601 Schau=
1224 2533 1353 2593 größten
1421 2530 1722 2590 schauspielerischen
1790 2530 1974 2590 Triumphe
2036 2528 2091 2588 der

109 2565 220 2625 anzlei
245 2564 276 2624 de

2118 2568 2296 2628 Inhattes,
2335 2568 2394 2628 daß
2432 2569 2480 2629 die
2514 2568 2681 2628 Absetzung
2730 2571 2778 2631 des
2822 2571 2973 2631 „Grünen

329 2589 458 2649 spielers
488 2589 541 2649 der
571 2587 700 2647 „Burg"
731 2586 783 2646 hat
825 2586 984 2646 übrigens
1032 2586 1096 2646 auf
1138 2582 1191 2642 des
1233 2577 1380 2637 Schratt.
1416 2574 1498 2634 Seit
1534 2574 1634 2634 dieser
1658 2574 1728 2634 Zeit
1770 2572 1953 2632 schwärmte
1977 2571 2017 2631 sie
2042 2571 2088 2631 für

110 2609 162 2669 ssor
217 2607 292 2667 habe

1229 2619 1416 2679 Schnitzler,
1438 2618 1493 2678 vor
1516 2618 1592 2678 allem
1637 2617 1725 2677 aber,
1764 2616 1802 2676 sie
1836 2616 1902 2676 war
1924 2616 1973 2676 ihm
2018 2614 2089 2674 auf=
2118 2610 2271 2670 Kakadu“
2305 2611 2387 2671 nicht
2421 2614 2520 2674 wegen
2565 2613 2895 2673 Teilnahmslosigkeit
2929 2614 2978 2674 des

331 2630 439 2690 jungen
481 2631 584 2691 Artur
615 2628 884 2688 Lebensrichtung
921 2628 988 2688 eine
1040 2631 1168 2691 Zeitlan

175 2653 231 2713 sich
257 2651 282 2711 al

2126 2655 2332 2715 Publikums,
2376 2658 2507 2718 sondern
2545 2658 2607 2718 aus
2658 2658 2776 2718 andern
2814 2660 2970 2720 Gründen

332 2672 532 2732 bestimmend
562 2671 709 2731 gewirkt:
722 2670 768 2730 Er
787 2670 934 2730 widmete
958 2671 1058 2731 einige
1082 2670 1187 2730 Jahre
1223 2664 1335 2724 richtig
1366 2664 1518 2724 dankbar.
1537 2662 1607 2722 Das
1637 2661 1707 2721 war
1732 2661 1831 2721 1898.

101 2694 203 2754 derte
244 2693 284 2753 sid

2117 2700 2237 2760 erfolgt
2271 2699 2325 2759 sei.

334 2717 566 2777 ausschließlich
600 2715 655 2775 der
684 2715 849 2775 Medizin,
872 2715 1043 2775 etablierte
1077 2715 1126 2775 sich
1160 2715 1187 2775 in

93 2736 202 2796 ahnte
239 2735 285 2795 der

2193 2741 2305 2801 Diesen
2357 2739 2457 2799 Brief
2489 2736 2507 2796 —
2564 2741 2614 2801 ein
2665 2744 2790 2804 Unikum
2847 2744 2878 2804 in
2929 2744 2984 2804 der

331 2760 384 2820 der
417 2761 610 2821 Frankgasse
649 2759 697 2819 als
730 2759 902 2819 Facharzt,
935 2759 994 2819 und
1038 2759 1096 2819 gab
1135 2756 1193 2816 mit

1313 2765 1360 2825 Im
1409 2765 1541 2825 nächsten
1578 2765 1668 2825 Jahr
1700 2765 1753 2825 kam
1802 2765 1879 2825 dann
1917 2763 2085 2823 Schnitzler

148 2778 283 2838 Chefarz

2121 2782 2240 2842 Praxis
2295 2785 2343 2845 der
2398 2786 2587 2846 Hoftheater

2719 2789 2862 2849 übergab
2916 2787 2984 2847 mir

329 2807 495 2867 Professor
526 2804 624 2864 Hajek
649 2804 735 2864 einen
767 2804 964 2864 „Klinischen
995 2804 1093 2864 Atlas
1143 2804 1198 2864 der

1227 2807 1287 2867 mit
1310 2810 1403 2870 seinem
1448 2810 1597 2870 „Grünen
1631 2810 1796 2870 Kakadu".
1813 2808 1857 2868 Es
1885 2808 1918 2868 ist
1941 2807 2067 2867 vielleich

105 2822 123 2882 i
151 2822 214 2882 Art
234 2822 291 2882 keir

2119 2828 2290 2888 Schnitzler
2321 2831 2350 2891 in
2380 2831 2521 2891 späteren
2558 2833 2682 2893 Jahren
2718 2831 2771 2891 zur
2801 2831 2984 2891 Veröffent¬

327 2846 590 2906 Laryngologie"
618 2846 755 2906 heraus.

1229 2852 1283 2912 das
1314 2855 1511 2915 vollendetste
1536 2852 1757 2912 Meisterwerk
1783 2851 1879 2911 seiner
1899 2849 2015 2909 Kunst,
2036 2850 2095 2910 auf

109 2867 193 2927 allen
228 2867 283 2927 ließ

2122 2873 2268 2933 lichung.

418 2891 464 2951 Es
495 2891 630 2951 braucht
660 2891 742 2951 nicht
766 2891 831 2951 erst
855 2891 961 2951 gesagt
985 2891 1014 2951 zu
1056 2888 1173 2948 werden

1223 2895 1279 2955 der
1311 2896 1413 2956 Szene
1445 2897 1553 2957 Schein
1590 2894 1651 2954 und
1683 2895 1785 2955 Sein,
1807 2894 1992 2954 Täuschung
2029 2894 2085 2954 und

110 2909 235 2969 kreise,
259 2907 304 2967 er¬

326 2935 389 2995 wie
416 2935 490 2995 rasch
517 2934 733 2994 Sonnenthal
755 2932 812 2992 sein
845 2932 951 2992 Urteil
972 2932 1046 2992 über
1073 2932 1194 2992 Arturs

1225 2938 1436 2998 Wirklichkeit
1461 2938 1676 2998 miteinander
1706 2938 1813 2998 derart
1838 2938 1867 2998 zu
1902 2936 2093 2996 verquicken,

130 2955 161 3015 zu
200 2951 296 3011 seiner

332 2980 458 3040 Talent
476 2979 631 3039 geändert
655 2977 729 3037 hat:
747 2977 804 3037 Als
834 2977 1012 3037 Burckhard
1041 2976 1122 3036 1893
1152 2977 1197 3037 die
1232 2982 1289 3042 daß
1319 2984 1388 3044 man
1417 2982 1578 3042 schließlich
1608 2981 1688 3041 nicht
1711 2982 1809 3042 weiß,
1827 2980 1890 3040 was
1919 2980 2034 3040 Scherz
2057 2980 2091 3040 ist

2201 2985 2395 3045 Schnitzlers
2429 2986 2734 3046 Frauengestalten!
2754 2988 2825 3048 Wie
2858 2989 2903 3049 oft
2930 2989 2981 3049 hat

105 2995 177 3055 ntel
226 2995 298 3055 eine

331 3022 511 3082 „Liebelei"
546 3022 720 3082 austeilte,
743 3020 777 3080 da
811 3021 923 3081 sandte
952 3021 985 3081 er
1020 3019 1070 3079 die
1099 3019 1194 3079 Rolle
1235 3024 1296 3084 und
1325 3026 1392 3086 was
1415 3027 1527 3087 Ernst,
1550 3025 1612 3085 was
1646 3025 1753 3085 Lachen
1788 3025 1849 3085 und
1878 3025 1945 3085 was
1974 3021 2091 3081 Todes¬

2120 3028 2190 3088 man
2230 3030 2281 3090 ihm
2332 3031 2574 3091 vorgeworfen,
2616 3031 2696 3091 seine
2732 3031 2883 3091 Mädchen
2924 3032 2984 3092 und

326 3065 384 3125 des
406 3068 484 3128 alten
517 3065 659 3125 Musikus
687 3067 834 3127 Weyring
862 3067 1004 3127 zunächst
1021 3064 1195 3124 Bernhard

1228 3070 1371 3130 röcheln.

2120 3073 2247 3133 Frauen
2279 3073 2410 3133 erliegen
2443 3077 2469 3137 so
2496 3076 2585 3136 leicht
2612 3076 2659 3136 dem
2723 3076 2891 3136 Schicksal,
2929 3078 2971 3138 ein

326 3112 537 3172 Baumeister
559 3114 612 3174 zu,
628 3112 680 3172 der
702 3112 739 3172 sie
766 3112 834 3172 aber
861 3112 972 3172 schroff
988 3109 1199 3169 zurückwies:

1314 3112 1387 3172 Das
1435 3112 1603 3172 Anstößige
1651 3112 1687 3172 an
1740 3112 1835 3172 diesem
1904 3111 2088 3171 Kunstwerk
2120 3117 2225 3177 Opfer
2252 3117 2304 3177 der
2331 3116 2441 3176 Sinne
2474 3117 2499 3177 zu
2537 3118 2678 3178 werden.
2700 3119 2799 3179 Eines
2826 3121 2978 3181 deutschen

105 3124 273 3184 Menschen

339 3152 374 3212 Er
406 3156 565 3216 empfinde
597 3153 674 3213 Ekel
700 3153 761 3213 vor
808 3153 880 3213 solch
938 3153 1025 3213 einem
1098 3150 1195 3210 weiß¬

1227 3154 1339 3214 mußte
1367 3156 1436 3216 aber
1464 3156 1517 3216 fur
1545 3153 1598 3213 alle
1626 3155 1771 3215 Hofleute
1798 3154 1884 3214 nicht
1906 3153 1949 3213 die
1976 3153 2094 3213 Form,
2116 3158 2267 3218 Dichters
2321 3159 2547 3219 Frauenideal
2602 3162 2687 3222 sollte
2736 3160 2806 3220 doch
2877 3162 2984 3222 reiner

103 3171 118 3231 i
151 3168 204 3228 der
236 3167 299 3227 Be¬

329 3201 481 3261 haarigen
540 3198 672 3258 Mann,
717 3196 770 3256 der
825 3196 883 3256 von
943 3197 996 3257 dem
1066 3195 1178 3255 Liebes

1224 3201 1357 3261 sondern
1410 3201 1466 3261 der
1529 3201 1663 3261 Inhalt
1705 3199 1787 3259 sein,
1850 3200 1896 3260 die
1969 3199 2087 3259 blutige

2120 3200 2207 3260 sein.
2223 3203 2239 3263 .
2261 3204 2277 3264 .

2338 3204 2411 3264 Nun
2449 3204 2549 3264 denn:
2576 3204 2745 3264 abgesehen
2777 3204 2903 3264 davon,
2930 3209 2982 3269 daß

96 3211 195 3271 Artur
235 3209 295 3269 und

1228 3243 1438 3303 Schilderung
1476 3240 1523 3300 der
1555 3240 1686 3300 Pariser
1719 3240 1934 3300 Revolution.
1977 3240 2082 3300 Schon
2120 3246 2299 3306 Schnitzler
2342 3246 2457 3306 gerade
2505 3247 2552 3307 die
2600 3249 2726 3309 schuldig
2774 3249 2979 3309 gewordenen

97 3255 119 3315 r
148 3255 299 3315 nämlich,
328 3245 520 3305 verhältnis
554 3243 655 3303 seiner
684 3240 819 3300 Tochter
848 3240 932 3300 wisse
978 3241 1039 3301 und
1079 3239 1118 3299 sie
1147 3237 1175 3297 in

331 3288 438 3348 Hause
465 3288 579 3348 dulde!
606 3286 719 3346 Dieser
747 3287 854 3347 Mann
893 3285 989 3345 tauge
1017 3284 1092 3344 eher
1125 3284 1179 3344 zum
1228 3285 1286 3345 der
1309 3287 1389 3347 Tag,
1428 3285 1465 3345 an
1514 3285 1567 3345 dem
1628 3285 1676 3345 die
1698 3285 1871 3345 Handlung
1915 3286 2027 3346 spielt,
2044 3283 2092 3343 der

2122 3288 2245 3348 Frauen
2290 3291 2353 3351 mit
2384 3291 2462 3351 aller
2497 3291 2719 3351 verzeihenden
2759 3293 2853 3353 Liebe
2888 3292 2986 3352 seines

102 3297 288 3357 erihmter

331 3332 487 3392 Inhaber
515 3329 600 3389 eines
633 3329 774 3389 gewissen
807 3328 1087 3388 Nachtcafés!...
1126 3325 1190 3385 Als
1228 3327 1341 3387 Abend
1384 3326 1438 3386 des
1466 3327 1519 3387 14.
1542 3328 1622 3388 Juli
1644 3326 1747 3386 1789,
1785 3326 1892 3386 mußte
1941 3326 2000 3386 alle
2028 3324 2092 3384 An¬

2120 3332 2258 3392 Herzens
2292 3332 2393 3392 adelte
2427 3328 2441 3388 —
2504 3331 2556 3391 das
2595 3332 2830 3392 Frauenideal,
2859 3335 2916 3395 das
2955 3335 2983 3395 er

111 3338 201 3398 ein
253 3338 303 3398 be¬

1233 3372 1346 3432 hänger
1372 3371 1418 3431 der
1444 3371 1603 3431 Tradition
1634 3371 1778 3431 geradezu
1804 3371 1999 3431 erschrecken.
2015 3368 2087 3428 Das
2124 3371 2180 3431 von
2216 3374 2267 3434 der
2299 3375 2447 3435 Kindheit
2468 3374 2504 3434 an
2541 3374 2586 3434 bis
2618 3374 2643 3434 in
2674 3375 2720 3435 die
2746 3378 2844 3438 letzten
2880 3381 2983 3441 Jahre

326 3374 377 3434 die
403 3377 500 3437 Rolle
547 3374 721 3434 solcherart
763 3374 824 3434 frei
871 3374 999 3434 wurde,
1046 3371 1092 3431 riß
1144 3373 1189 3433 sich

113 3380 216 3440 Sohn

1231 3416 1265 3476 ist
1301 3416 1331 3476 ja
1373 3414 1427 3474 der
1468 3413 1574 3473 Abend
1615 3414 1671 3474 der
1712 3413 2076 3473 Bastillenerstürmung

330 3416 547 3476 Sonnenthal
577 3416 616 3476 um
666 3417 724 3477 sie,
754 3416 818 3476 und
853 3416 971 3476 ergriff
996 3413 1059 3473 mit
1094 3413 1192 3473 seiner

2123 3416 2218 3476 seines
2254 3418 2374 3478 Lebens
2420 3417 2445 3477 in
2496 3417 2551 3477 der
2592 3419 2697 3479 Brust
2733 3419 2915 3479 bewahrte,
2951 3422 2980 3482 es

98 3428 126 3488 te
166 3425 301 3485 Oester¬

1231 3458 1299 3518 Mit
1342 3458 1394 3518 dem
1453 3458 1558 3518 Rufe:
1596 3456 1664 3516 „Es
1712 3455 1775 3515 lebe
1818 3455 1870 3515 die
1913 3455 2087 3515 Freiheit!“

333 3464 475 3524 Leistung
497 3461 576 3521 ganz
598 3461 702 3521 Wien.
719 3461 787 3521 Für
809 3461 856 3521 den
883 3458 1041 3518 „fremden
1068 3455 1168 3515 Herrn

2120 3460 2229 3520 konnte
2265 3461 2350 3521 nicht
2381 3462 2461 3522 edler
2491 3461 2616 3521 gedacht
2647 3463 2792 3523 werden:
2833 3467 2863 3527 es
2913 3467 2983 3527 war

114 3470 299 3530 Kranken¬

1231 3500 1346 3560 stürzen
1402 3501 1451 3561 die
1483 3500 1578 3560 Leute
1609 3500 1664 3560 aus
1699 3500 1750 3560 dem
1800 3500 2087 3560 Kellerwirtshaus

2127 3501 2203 3561 seine
2237 3503 2367 3563 Mutter

101 3516 183 3576 ganz
214 3513 297 3573 nette
333 3506 410 3566 aber
447 3507 580 3567 meldete
607 3504 653 3564 sich
685 3503 694 3563 —
746 3506 802 3566 das
830 3505 937 3565 größte
963 3503 1195 3563 Bühnengenie

1229 3546 1306 3606 „zum
1368 3544 1502 3604 Grünen
1560 3544 1710 3604 Kakadu“
1762 3543 1823 3603 auf
1870 3542 1917 3602 die
1969 3544 2087 3604 Straße

337 3550 423 3610 jener
467 3550 558 3610 Zeit,
597 3548 758 3608 Friedrich
807 3547 1082 3607 Mitterwurzer!
1126 3544 1195 3604 Wie

2205 3545 2267 3605 Als
2309 3547 2360 3607 ihn
2407 3547 2452 3607 ein
2488 3547 2614 3607 Freund
2649 3544 2660 3604 —
2719 3547 2752 3607 es
2794 3550 2856 3610 sind
2903 3553 2983 3613 ganz

105 3556 212 3616 tlicht,
249 3553 296 3613 die

1230 3589 1365 3649 hinaus,
1405 3586 1450 3646 die
1473 3587 1670 3647 Zwingburg
1716 3586 1772 3646 der
1795 3586 2088 3646 Feudalherrschaft
2122 3589 2240 3649 wenige
2275 3590 2376 3650 Jahre
2410 3588 2460 3648 her
2489 3588 2500 3648 —
2557 3591 2675 3651 fragte,
2698 3592 2805 3652 welche
2833 3595 2906 3655 Zeit
2935 3595 2980 3655 die

332 3594 429 3654 lange
453 3595 527 3655 diese
551 3595 643 3655 Rolle
667 3595 776 3655 spielt?
800 3592 910 3652 Ganze
934 3592 1002 3652 drei
1020 3589 1175 3649 Minuten

145 3600 276 3660 gefielen

1228 3631 1258 3691 zu
1305 3631 1516 3691 demolieren.
1553 3631 1754 3691 Außerdem:
1796 3631 1847 3691 der
1889 3631 2090 3691 Komödiant

2124 3634 2302 3694 glücklichste
2329 3634 2427 3694 seines
2460 3634 2573 3694 Lebens
2606 3636 2736 3696 gewesen
2774 3640 2828 3700 sei,
2850 3640 2882 3700 da
2910 3639 2985 3699 ant¬

118 3640 289 3700 Einaktern

407 3679 490 3739 Nach
521 3680 575 3740 dem
618 3682 811 3742 unverhofft
835 3680 949 3740 großen
986 3681 1100 3741 Erfolg
1131 3677 1185 3737 der
1216 3676 1330 3736 Henry
1361 3676 1475 3736 ersticht
1500 3674 1559 3734 aus
1590 3675 1765 3735 Eifersucht
1790 3676 1874 3736 einen
1905 3673 2079 3733 wirklichen
2116 3678 2254 3738 wortete
2291 3679 2484 3739 Schnitzler:
2539 3681 2616 3741 „Als
2660 3682 2707 3742 ich
2750 3682 2816 3742 mit
2859 3682 2979 3742 meiner

103 3687 173 3747 doch
203 3685 296 3745 Vater

1232 3719 1363 3779 Herzog,
1386 3718 1484 3778 Herrn
1518 3718 1567 3778 von
1601 3720 1788 3780 Cadignan,
1811 3720 1866 3780 vor
1894 3720 1943 3780 den
1971 3720 2081 3780 Augen
2121 3719 2252 3779 Mutter
2302 3723 2484 3783 vierhändig
2523 3723 2562 3783 am
2617 3723 2749 3783 Klavier
2794 3726 2975 3786 musizieren

333 3723 533 3783 „Liebelei",
560 3723 607 3783 die
639 3726 729 3786 einen
762 3723 946 3783 Siegeszug
999 3721 1083 3781 über
1136 3718 1194 3778 alle

102 3729 297 3789 Sonnenthal

2102 3765 2268 3825 konnte."

98 3779 152 3839 ßte
196 3773 293 3833 dieser
331 3771 471 3831 Bühnen
509 3771 742 3831 Deutschlands
780 3773 896 3833 nahm,
921 3771 975 3831 gab
1007 3768 1117 3828 Artur
1149 3768 1197 3828 die
1229 3765 1283 3825 des
1315 3765 1529 3825 Publikums!

2566 3771 2746 3831 Julius
2777 3771 2946 3831 Stern.
