3392 4320
1482 310 1558 370 338

545 435 617 495 Also
644 434 758 494 spielen
796 433 852 493 wir
879 431 1045 491 Theater,

549 488 678 548 Spielen
714 481 824 541 unsere
854 479 989 539 eigenen
1029 479 1158 539 Stücke,

556 536 638 596 Früh
670 533 789 593 gereift
811 529 872 589 und
904 529 976 589 zart
1003 527 1060 587 und
1092 530 1242 590 traurig,

558 583 617 643 Die
647 582 808 642 Komödie
839 576 966 636 unserer
996 573 1113 633 Seele,

558 632 696 692 Unseres
723 628 844 688 Fühlen
882 624 956 684 heut
983 625 1046 685 und
1078 625 1221 685 gestern,

565 681 665 741 Böser
693 679 798 739 Dinge
826 675 954 735 hübsche
988 670 1138 730 Formel,

564 730 680 790 Glatte
707 727 834 787 Worte,
862 723 957 783 bunte
984 718 1121 778 Bilder,

567 778 705 838 Halbes,
727 774 904 834 heimliches
933 772 1160 832 Empfinden,

564 828 734 888 Agonien,
756 822 910 882 Episoden

369 900 428 960 Die
471 896 735 956 umfangreichste
772 890 916 950 Leistung
960 887 1157 947 Schnitzlers
1194 888 1235 948 ist
1267 888 1332 948 mit
1363 888 1513 948 wenigen

303 953 498 1013 berühmten
528 945 636 1005 Titeln
666 944 770 1004 geistig
793 939 977 999 abgesteckt:
1001 938 1162 998 „Anatol“
1192 937 1324 997 (1893),
1342 936 1508 996 „Liebelei

315 1001 440 1061 (1895),
483 993 681 1053 „Leutnant
724 989 839 1049 Gustl“
888 987 1013 1047 (1901),
1057 987 1351 1047 „Zwischenspiel“
1406 987 1538 1047 (1905),

315 1045 492 1105 „Comtesse
517 1042 640 1102 Mizzi“
672 1040 794 1100 (1909),
813 1035 1004 1095 „Professor
1029 1034 1219 1094 Bernardi“
1251 1037 1379 1097 (1912),
1404 1037 1539 1097 „Fräu¬

308 1096 359 1156 lein
389 1093 469 1153 Else"
493 1091 626 1151 (1924).
638 1089 684 1149 Ich
708 1088 805 1148 nenne
829 1085 898 1145 noch
923 1082 1246 1142 „Traum=Novelle"
1264 1082 1327 1142 und
1351 1083 1541 1143 „Reigen“.

310 1145 449 1205 Wenige
482 1139 616 1199 Dichter
655 1136 767 1196 können
811 1133 870 1193 wie
903 1130 1081 1190 Schnitzler
1114 1131 1177 1191 mit
1211 1130 1264 1190 der
1302 1130 1539 1190 Vertrautheil

313 1193 414 1253 dieser
432 1189 522 1249 Titel
539 1185 669 1245 rechnen
697 1185 753 1245 und
777 1184 889 1244 mehr:
901 1181 962 1241 mit
980 1179 1064 1239 ihrer
1081 1181 1250 1241 stofflichen
1279 1180 1544 1240 Ausstrahlung.

316 1243 407 1303 Denn
445 1235 623 1295 Schnitzler
656 1234 709 1294 hat
736 1232 822 1292 nicht
849 1231 908 1291 nur
936 1230 1081 1290 Dramen
1119 1229 1183 1289 und
1216 1228 1448 1288 Erzählungen
1486 1226 1539 1286 ge¬

311 1289 445 1349 dichtet,
474 1286 519 1346 die
553 1285 722 1345 Literatur
750 1279 891 1339 blieben,
914 1281 1049 1341 sondern
1084 1279 1117 1339 er
1146 1277 1230 1337 schuf
1258 1278 1399 1338 Typen,
1428 1276 1478 1336 die
1506 1278 1534 1338 in

313 1339 448 1399 unserem
494 1333 703 1393 Bewußtsein
732 1332 850 1392 gültige
874 1330 964 1390 Rolle
987 1327 1127 1387 spielen:
1146 1327 1281 1387 nämlich
1309 1327 1354 1387 die
1384 1327 1547 1387 Komödie

318 1390 375 1450 der
402 1386 496 1446 Liebe
529 1384 591 1444 und
619 1382 676 1442 des
703 1379 865 1439 Sterbens
892 1378 945 1438 der
972 1376 1219 1436 sentimentalen
1257 1375 1356 1435 Seele
1383 1375 1409 1435 in
1446 1375 1551 1435 Rein¬

319 1437 448 1497 kultur.
466 1435 527 1495 „Im
573 1431 736 1491 „Anatol"
759 1428 832 1488 steht
849 1425 990 1485 jeweilen
1019 1425 1074 1485 der
1092 1425 1221 1485 graziös
1244 1423 1429 1483 ungetreue
1453 1422 1548 1482 Lieb¬

328 1490 423 1550 haber
458 1482 485 1542 im
537 1479 660 1539 Dialog
700 1479 756 1539 mit
785 1478 840 1538 dem
892 1476 1015 1536 graziös
1050 1473 1235 1533 skeptischen
1275 1473 1432 1533 Freunde
1466 1472 1550 1532 Max

327 1538 381 1598 vor
409 1534 458 1594 dem
503 1527 679 1587 jeweiligen
713 1527 1028 1587 Liebesverhältnis.
1045 1521 1111 1581 Der
1139 1523 1206 1583 eine
1228 1523 1344 1583 spricht
1366 1521 1421 1581 von
1455 1524 1554 1584 seiner

327 1584 537 1644 bedürftigen
574 1578 694 1638 Seele,
719 1578 766 1638 die
791 1575 845 1635 sich
876 1575 972 1635 selber
1002 1572 1225 1632 davonläuft;
1250 1572 1303 1632 der
1334 1572 1454 1632 andere
1485 1571 1557 1631 gibt

330 1637 395 1697 klug
440 1632 500 1692 wie
539 1628 582 1688 ein
621 1627 808 1687 Mediziner
842 1623 896 1683 den
935 1619 1271 1679 mephistophelischen
1316 1619 1557 1679 Kommentar.

333 1686 401 1746 Dr.
419 1680 505 1740 med.
529 1677 701 1737 Schnitzler
725 1673 753 1733 ist
771 1673 897 1733 Dichter
921 1670 978 1730 und
1008 1670 1105 1730 Arzt:
1123 1670 1151 1730 er
1175 1670 1209 1730 ist
1227 1669 1353 1729 Anatol
1371 1670 1434 1730 und
1463 1670 1561 1730 Max.

336 1735 377 1795 Er
407 1732 506 1792 spielt
531 1728 601 1788 auch
631 1726 790 1786 sämtliche
826 1721 985 1781 Personen
1021 1721 1044 1781 im
1092 1719 1280 1779 „Reigen",
1305 1718 1392 1778 jenem
1446 1717 1563 1777 schein¬

342 1781 473 1841 frivolen
507 1778 672 1838 Karussell
695 1773 744 1833 der
768 1770 883 1830 Liebe,
900 1769 949 1829 wo
972 1769 1060 1829 jeder
1088 1766 1199 1826 Stand
1227 1768 1287 1828 und
1316 1767 1387 1827 jede
1415 1769 1475 1829 Art
1498 1768 1552 1828 von

342 1829 525 1889 Liebhaber
550 1825 596 1885 sich
626 1823 686 1883 mit
710 1821 792 1881 jedem
840 1816 940 1876 Stand
971 1817 1036 1877 und
1060 1816 1148 1876 jeder
1173 1816 1231 1876 Art
1255 1816 1309 1876 von
1339 1816 1557 1876 Liebhaberin

347 1885 392 1945 sich
416 1877 542 1937 einläßt
561 1875 612 1935 zum
647 1871 860 1931 Liebesspiel.
872 1867 912 1927 Im
947 1867 1033 1927 Wien
1062 1867 1108 1927 des
1132 1864 1171 1924 fin
1195 1864 1229 1924 de
1247 1865 1344 1925 siecle
1363 1866 1414 1926 gab
1438 1867 1466 1927 es
1489 1867 1558 1927 noch

353 1928 524 1988 „Stände"
572 1923 636 1983 und
684 1920 784 1980 daher
826 1918 896 1978 auch
950 1915 1274 1975 Standeskonflikte.
1310 1915 1563 1975 Infolgedessen

347 1978 465 2038 konnte
492 1975 562 2035 man
595 1971 632 2031 um
676 1970 778 2030 seiner
800 1965 1031 2025 Standesehre
1059 1964 1161 2024 willen
1194 1965 1349 2025 ernsthaft
1372 1965 1409 2025 an
1442 1966 1571 2026 Selbsi¬

350 2028 438 2088 mord
460 2023 576 2083 denken
605 2020 665 2080 wie
687 2017 876 2077 „Leutnant
898 2014 1003 2074 Gustl“
1025 2014 1097 2074 oder
1120 2014 1180 2074 wie
1197 2014 1224 2074 im
1264 2014 1430 2074 gemeinen
1463 2014 1573 2074 Sinne

351 2076 425 2136 auch
454 2074 511 2134 das
535 2070 742 2130 unglückliche
771 2064 938 2124 „Fräulein
967 2062 1076 2122 Else“.
1094 2062 1162 2122 Daß
1192 2061 1220 2121 so
1250 2062 1410 2122 einfachen
1440 2062 1572 2122 Gemü¬

350 2127 417 2187 tern
446 2124 496 2184 die
520 2120 632 2180 innere
661 2117 869 2177 Psychologie
892 2114 977 2174 nicht
995 2112 1056 2172 klar
1079 2112 1141 2172 und
1170 2112 1305 2172 bewußt
1328 2112 1446 2172 ablief,
1463 2112 1576 2172 wußte

350 2174 530 2234 Schnitzler
559 2169 614 2229 wie
643 2168 699 2228 kein
734 2165 857 2225 zweiter
886 2163 1044 2223 deutscher
1067 2161 1196 2221 Dichter
1220 2160 1275 2220 des
1304 2163 1580 2223 Naturalismus.

356 2224 397 2284 Er
427 2221 479 2281 hat
509 2219 591 2279 seine
615 2217 762 2277 Medizin
792 2214 962 2274 spürende,
987 2212 1015 2272 ja
1046 2213 1121 2273 seine
1151 2213 1310 2273 spezifisch
1335 2211 1469 2271 jüdische
1499 2210 1581 2270 Ein¬

360 2270 606 2330 fühlungskraft
625 2265 672 2325 bei
691 2264 739 2324 den
764 2261 902 2321 naivsten
927 2261 1035 2321 Typen
1066 2261 1113 2321 der
1138 2258 1385 2318 „Gesellschaft"
1404 2258 1584 2318 eingesetzt.

359 2323 397 2383 Er
425 2319 562 2379 schrieb,
585 2314 640 2374 wie
668 2312 761 2372 jener
785 2310 884 2370 große
912 2309 1027 2369 andere
1056 2309 1210 2369 Wiener,
1233 2308 1426 2368 Siegmund
1460 2309 1586 2369 Freud,

361 2370 410 2430 die
433 2366 615 2426 penibelste
643 2363 914 2423 Psychoanalyse,
937 2359 1075 2419 zerlegte
1098 2357 1152 2417 den
1187 2357 1357 2417 Menschen
1391 2357 1419 2417 in
1453 2356 1596 2416 Atome,

356 2420 378 2480 in
418 2418 605 2478 Nuancen!
629 2412 690 2472 und
725 2410 803 2470 setzte
832 2408 883 2468 den
918 2408 1087 2468 Menschen
1123 2408 1190 2468 nach
1224 2408 1280 2468 der
1309 2408 1502 2468 Zerlegung
1537 2403 1581 2463 als

363 2466 496 2526 Dichter
528 2462 656 2522 wieder
688 2458 868 2518 zusammen
909 2457 935 2517 zu
977 2457 1064 2517 einem
1116 2455 1265 2515 ganzen,
1291 2455 1347 2515 das
1384 2454 1471 2514 nicht
1502 2452 1584 2512 etwa

364 2518 428 2578 nur
461 2517 531 2577 eine
564 2509 730 2569 „Summe
764 2508 817 2568 von
850 2505 1028 2565 Nuancen“
1061 2503 1109 2563 sah
1142 2506 1287 2566 (Gefahr
1315 2504 1368 2564 der
1396 2503 1584 2563 damaligen

363 2564 639 2624 naturalistischen
667 2557 854 2617 Methode);
872 2556 998 2616 sondern
1026 2554 1053 2614 im
1092 2554 1208 2614 totalen
1236 2554 1346 2614 Wesen
1375 2552 1424 2612 des
1452 2551 1595 2611 Seelen¬

366 2618 473 2678 arztes
502 2611 683 2671 Schnitzler
707 2606 831 2666 werden
866 2606 910 2666 die
939 2605 1030 2665 Teile
1053 2605 1087 2665 zu
1121 2605 1212 2665 einem
1258 2603 1513 2663 Organismus:
1536 2603 1598 2663 reif

369 2668 426 2728 zum
480 2659 753 2719 Komödienspiel
777 2655 829 2715 des
859 2653 1021 2713 Daseins.

445 2732 536 2792 Kaum
583 2726 669 2786 einer
698 2724 720 2784 in
750 2723 963 2783 Deutschland
992 2721 1078 2781 hatte
1107 2721 1223 2781 jemals
1252 2721 1280 2781 so
1310 2721 1355 2781 die
1385 2719 1597 2779 dramatische

378 2786 498 2846 Grazie
527 2779 587 2839 und
615 2777 669 2837 das
698 2774 847 2834 leichteste
869 2772 1001 2832 Können
1035 2769 1089 2829 vor
1112 2769 1261 2829 schweren
1295 2769 1355 2829 und
1383 2768 1609 2828 problemati¬

378 2835 458 2895 schen
488 2828 673 2888 Themata.
697 2823 869 2883 Schnitzler
894 2820 997 2880 spielte
1027 2818 1084 2878 mit
1107 2819 1165 2879 der
1189 2820 1361 2880 Schwere.
1386 2819 1426 2879 Er
1450 2819 1524 2879 hat,
1542 2817 1605 2877 wie

381 2882 536 2942 niemand
583 2876 640 2936 auf
675 2872 732 2932 der
762 2871 923 2931 deutschen
964 2869 1090 2929 Bühne
1126 2867 1333 2927 französische
1368 2867 1513 2927 Technik
1548 2865 1611 2925 mit

383 2929 549 2989 deutschem
604 2924 804 2984 Sentiment
837 2920 1063 2980 gehandhabt.
1091 2917 1155 2977 Die
1193 2918 1426 2978 Problematik
1459 2917 1534 2977 war
1567 2918 1604 2978 an

384 2982 484 3042 Ibsen
514 2975 666 3035 geschult.
684 2971 984 3031 „Zwischenspiel“,
996 2967 1043 3027 die
1067 2966 1319 3026 Tragikomödie
1343 2966 1396 3026 der
1414 2966 1602 3026 sierbenden

391 3029 487 3089 Liebe
510 3026 627 3086 zweier
651 3021 836 3081 Menschen,
859 3020 904 3080 die
927 3020 960 3080 an
989 3017 1034 3077 die
1063 3016 1220 3076 Ewigkeit
1238 3016 1322 3076 ihres
1351 3014 1496 3074 Gefühls
1520 3014 1615 3074 glau¬

389 3080 443 3140 ben
477 3074 620 3134 wollen,
638 3072 676 3132 ist
699 3071 764 3131 eine
793 3067 953 3127 Tragödie
981 3065 1041 3125 mit
1064 3064 1357 3124 Tiefenwirkung,
1380 3064 1440 3124 und
1469 3064 1612 3124 oennoch

392 3127 437 3187 ein
478 3122 726 3182 Puppenspiel.
749 3118 841 3178 Ibsen
876 3116 951 3176 wird
986 3115 1089 3175 geistig
1118 3115 1297 3175 jongliert.
1320 3112 1389 3172 Der
1418 3112 1550 3172 Dichter
1580 3112 1608 3172 in

392 3175 573 3235 Schnitzler
597 3172 662 3232 gibt
685 3168 734 3228 sich
762 3166 889 3226 weicher
912 3164 939 3224 im
978 3163 1133 3223 Schmerz
1156 3164 1205 3224 hin
1239 3163 1283 3223 als
1306 3163 1427 3223 jemals
1450 3160 1505 3220 der
1527 3160 1621 3220 harte

400 3221 518 3281 Ibsen.
535 3223 621 3283 Aber
643 3219 669 3279 er
692 3216 874 3276 distanziert
891 3215 939 3275 sich
967 3214 1009 3274 als
1037 3214 1171 3274 Spieler
1193 3211 1252 3271 und
1280 3211 1446 3271 Träumer
1468 3211 1522 3271 vor
1544 3210 1597 3270 dem

397 3271 590 3331 Einzelfall,
612 3267 671 3327 wie
699 3267 833 3327 niemals
860 3266 903 3326 ein
936 3263 1054 3323 Ibsen,
1077 3261 1130 3321 der
1152 3261 1308 3321 schwerer
1330 3261 1416 3321 lebte
1443 3260 1507 3320 und
1535 3258 1620 3318 nicht

398 3321 566 3381 träumte.
578 3317 673 3377 Ibsen
697 3315 775 3375 hielt
787 3313 984 3373 Gerichtstag
1013 3311 1068 3371 mit
1086 3310 1136 3370 der
1154 3309 1356 3369 Menschheit
1374 3309 1429 3369 ab.
1447 3308 1621 3368 Schnitzler

403 3372 515 3432 feierte
554 3366 871 3426 Versöhnungsfeste
910 3363 968 3423 mit
1001 3359 1054 3419 dem
1109 3359 1205 3419 Leid,
1244 3359 1302 3419 mit
1335 3357 1394 3417 der
1432 3357 1626 3417 Schwäche,

403 3421 467 3481 mit
489 3417 542 3477 dem
591 3417 698 3477 Tode.
715 3414 812 3474 Ibsen
845 3411 984 3471 forderte
1013 3410 1125 3470 Moral
1147 3408 1201 3468 für
1228 3408 1276 3468 die
1304 3406 1422 3466 Seele.
1449 3406 1626 3466 Schnitzler

403 3467 623 3527 rechtfertigte
652 3461 695 3521 die
723 3461 816 3521 Seele
845 3461 894 3521 für
917 3461 977 3521 ihre
1005 3458 1187 3518 moralische
1215 3458 1408 3518 Schwäche.
1425 3455 1496 3515 Der
1519 3453 1634 3513 Medi¬

406 3520 490 3580 ziner
513 3515 654 3575 begreift
678 3511 722 3571 die
746 3511 915 3571 Schwäche
938 3509 1034 3569 besser
1057 3507 1107 3567 als
1131 3508 1176 3568 die
1199 3507 1311 3567 starke.
1329 3506 1390 3566 Die
1420 3503 1634 3563 Psychoana¬

409 3570 471 3630 lyse
495 3566 621 3626 fordert
645 3561 742 3621 nicht.
760 3558 817 3618 Sie
841 3561 979 3621 versteht
997 3558 1077 3618 alles
1101 3557 1164 3617 und
1193 3556 1337 3616 verzeiht
1355 3554 1458 3614 alles.

479 3632 652 3692 Schnitzler
682 3629 779 3689 bleibt
803 3629 890 3689 einer
914 3629 965 3689 der
989 3627 1104 3687 großen
1139 3623 1428 3683 Repräsentanten
1464 3622 1515 3682 der
1539 3618 1643 3678 deut¬

406 3687 493 3747 schen
527 3679 709 3739 Literatur.
731 3676 769 3736 Er
792 3678 875 3738 stand
903 3678 1046 3738 zwischen
1080 3673 1389 3733 wissenschaftlichem
1434 3667 1638 3727 Realismus

417 3735 475 3795 und
508 3731 653 3791 lyrischer
686 3727 988 3787 Empfindsamkeit.
1010 3724 1171 3784 Weniger
1199 3721 1354 3781 energisch
1387 3718 1451 3778 und
1485 3718 1640 3778 kulturell

417 3783 583 3843 produktiv
611 3779 654 3839 als
676 3777 718 3837 ein
746 3775 929 3835 Wedekind,
946 3775 999 3835 der
1016 3772 1096 3832 seine
1119 3770 1242 3830 Epoche
1264 3770 1345 3830 total
1362 3767 1480 3827 ändern
1507 3766 1647 3826 wollte;

413 3832 562 3892 weniger
583 3830 603 3890 im
645 3827 747 3887 Chaos
763 3824 814 3884 des
835 3824 942 3884 Leides
964 3821 1184 3881 umgetrieben
1211 3820 1267 3880 wie
1288 3818 1339 3878 der
1355 3817 1488 3877 jüngere
1509 3815 1642 3875 Haupt¬

419 3881 519 3941 mann
551 3879 604 3939 des
636 3875 847 3935 „Fuhrmann
879 3871 1069 3931 Henschel“;
1091 3869 1238 3929 weniger
1265 3866 1577 3926 dramatisch-aktiv,
1599 3865 1645 3925 als

422 3930 454 3990 es
477 3929 520 3989 die
549 3925 741 3985 Pädagogik
753 3922 802 3982 der
825 3921 896 3981 Zeit
913 3919 995 3979 wohl
1012 3918 1172 3978 erfordert
1189 3916 1277 3976 hätte
1294 3915 1304 3975 —
1355 3914 1448 3974 stellte
1471 3913 1647 3973 Schnitzler

424 3979 482 4039 nur
514 3977 550 4037 um
599 3975 630 4035 so
662 3970 831 4030 deutlicher
863 3969 916 4029 den
953 3969 1138 4029 damaligen
1181 3966 1392 4026 Zeit=Typus
1430 3961 1482 4021 des
1520 3963 1641 4023 müden

425 4027 622 4087 Europäers
661 4022 738 4082 dar,
766 4020 820 4080 des
855 4017 1091 4077 hochbegabten
1136 4017 1195 4077 und
1240 4013 1488 4073 hochbelasteten
1533 4011 1642 4071 Erben

429 4079 516 4139 eines
542 4074 779 4134 hochbegabten
805 4071 866 4131 und
892 4071 1004 4131 schwer
1024 4068 1192 4128 belasteten
1224 4065 1379 4125 Erdteils.
1399 4062 1454 4122 Ein
1487 4062 1567 4122 Erbe
1593 4061 1648 4121 der

1568 421 1744 481 faustischen
1789 416 2038 476 Zerrissenheit,
2066 411 2121 471 der
2154 410 2210 470 sich
2249 410 2276 470 im
2332 407 2642 467 halbromantischen
2686 404 2796 464 Spiel

1572 473 1653 533 über
1680 467 1731 527 den
1767 467 1927 527 Schmerz
1953 463 2004 523 des
2035 461 2246 521 Untergangs
2278 461 2308 521 zu
2339 458 2457 518 trösten
2488 455 2617 515 wußte.
2638 455 2679 515 Er
2705 455 2792 515 schuf

1575 520 1735 580 Dichtung
1766 515 1810 575 als
1831 515 1941 575 Trost,
1962 513 2002 573 als
2028 509 2394 569 Lebens=Ergänzung,
2415 505 2465 565 als
2486 503 2727 563 Traum=Glück
2748 503 2772 563 im

1577 568 1715 628 Unglück
1747 565 1803 625 der
1835 563 2055 623 Wirklichkeit.
2087 559 2148 619 Die
2185 557 2350 617 Schrecken
2391 552 2447 612 des
2484 551 2628 611 Daseins
2659 551 2787 611 werden

1577 615 1768 675 romantisch
1803 612 1852 672 ins
1882 610 1975 670 Werk
2000 607 2167 667 gebannt.
2192 604 2280 664 Alles
2310 603 2388 663 wird
2418 601 2507 661 durch
2542 598 2605 658 und
2635 598 2723 658 durch
2758 598 2806 658 er¬

1583 664 1697 724 kannt,
1716 658 1926 718 verstanden,
1946 656 2127 716 verziehen,
2151 652 2347 712 mitgelitten
2376 649 2385 709 —
2443 647 2504 707 und
2529 646 2729 706 distanziert.
2753 644 2800 704 So

1582 711 1731 771 entstand
1757 709 1781 769 in
1812 706 1987 766 „Liebelei“
2008 703 2052 763 ein
2083 703 2183 763 Spiel
2198 700 2253 760 von
2283 700 2348 760 vier
2369 697 2559 757 Menschen,
2574 694 2654 754 zwei
2669 694 2799 754 Frauen

1587 761 1646 821 und
1682 758 1762 818 zwei
1788 753 1974 813 Männern,
1999 753 2044 813 die
2075 751 2155 811 nicht
2181 750 2245 810 nur
2271 747 2406 807 „Wien“
2442 745 2653 805 ausdrücken,
2674 743 2804 803 sondern

1587 809 1648 869 das
1679 806 1786 866 Spiel
1813 801 1864 861 der
1895 799 1987 859 Liebe
2019 798 2080 858 mit
2107 798 2162 858 den
2194 798 2265 858 vier
2292 793 2415 853 ewigen
2456 789 2780 849 Liebhabertypen-

2564 837 2711 897 zwischen
2752 837 2807 897 den

1589 857 1663 917 naio
1699 853 1759 913 und
1789 849 2020 909 sentimental,
2040 849 2201 909 männlich
2237 846 2296 906 und
2332 841 2472 901 weiblich

1591 905 1734 965 Kulissen
1766 900 1822 960 der
1844 897 1961 957 Tragik
1983 897 2044 957 und
2070 894 2127 954 der
2153 894 2266 954 Komik
2292 891 2477 951 darstellen.
2499 888 2539 948 Es
2566 885 2699 945 braucht
2721 885 2813 945 einen

1586 953 1734 1013 weiten,
1756 947 1951 1007 weltweiten
1982 945 2141 1005 Horizont
2167 941 2223 1001 der
2250 939 2635 999 Menschenerkenntnis,
2662 934 2697 994 um
2744 934 2815 994 solch

1600 1003 1642 1063 ein
1679 997 1805 1057 Drama
1832 995 1863 1055 zu
1896 992 2085 1052 vollenden,
2107 992 2133 1052 in
2165 990 2217 1050 dem
2265 989 2307 1049 ein
2339 988 2428 1048 jeder
2450 987 2576 1047 Mensch
2609 984 2655 1044 die
2682 984 2819 1044 Spuren

1596 1049 1700 1109 seiner
1728 1045 1861 1105 eigenen
1894 1040 1994 1100 Seele
2016 1040 2143 1100 findet.
2166 1039 2226 1099 Die
2254 1037 2464 1097 Konvention
2498 1034 2547 1094 des
2575 1034 2630 1094 19.
2653 1034 2829 1094 Jahrhun¬

1602 1098 1688 1158 derts
1712 1095 1809 1155 dient
1833 1091 1902 1151 hier
1926 1091 1949 1151 ja
1978 1091 2041 1151 nur
2065 1088 2111 1148 als
2141 1088 2244 1148 Stoff
2268 1087 2330 1147 und
2361 1085 2510 1145 Beispiel
2534 1082 2585 1142 für
2610 1082 2655 1142 die
2679 1082 2823 1142 gesamte

1603 1144 1757 1204 comédie
1783 1140 1962 1200 humaine.
1984 1136 2045 1196 Die
2066 1135 2189 1195 Tracht
2210 1134 2261 1194 tut
2282 1133 2389 1193 wenig
2416 1133 2471 1193 zur
2498 1130 2621 1190 Sache.
2637 1132 2698 1192 Die
2729 1130 2826 1190 Seele

1601 1195 1674 1255 muß
1707 1191 1869 1251 getroffen
1902 1185 2049 1245 werden.
2071 1184 2139 1244 Der
2166 1185 2266 1245 große
2293 1184 2388 1244 Arzt,
2409 1181 2461 1241 der
2489 1178 2583 1238 große
2610 1174 2758 1234 Dichter,
2779 1173 2831 1233 der

1604 1246 1701 1306 große
1723 1237 2025 1297 Menschenkenner
2053 1231 2226 1291 Schnitzler
2248 1231 2317 1291 traf
2340 1230 2388 1290 die
2415 1227 2517 1287 Seele
2540 1225 2593 1285 des
2621 1222 2701 1282 alten
2729 1220 2836 1280 Euro¬

1603 1292 1700 1352 päers
1733 1287 1759 1347 im
1814 1286 2008 1346 Uebergang
2041 1282 2100 1342 zur
2128 1282 2333 1342 Relativität
2366 1279 2419 1339 der
2447 1276 2549 1336 neuen
2588 1271 2679 1331 Zeit,
2707 1270 2755 1330 die
2788 1268 2836 1328 die

1609 1339 1759 1399 Träume
1781 1336 1937 1396 Europas
1959 1333 2098 1393 bewußt
2121 1332 2260 1392 machte.
2277 1329 2319 1389 Im
2363 1328 2519 1388 kritischen
2552 1320 2831 1380 Bewußtmachen

1613 1391 1663 1451 der
1692 1387 1794 1447 Seele
1817 1386 1890 1446 war
1914 1384 1981 1444 auch
2016 1381 2192 1441 Schnitzler
2221 1378 2380 1438 durchaus
2409 1377 2454 1437 ein
2483 1374 2619 1434 Kritiker
2648 1371 2744 1431 seiner
2773 1369 2846 1429 Zeit

1617 1440 1671 1500 und
1704 1439 1752 1499 ein
1785 1436 1915 1496 Dichter
1937 1434 1991 1494 des
2018 1431 2289 1491 gegenwärtigen
2322 1425 2468 1485 Lebens.

1985 1491 2161 1551 Bernhard
2187 1489 2343 1549 Diebold,
2364 1487 2389 1547 in
2417 1485 2475 1545 der
2495 1483 2710 1543 Frankfurter
2730 1480 2847 1540 Zeitg.

1625 1695 1799 1755 Die
1877 1688 2665 1748 Sernakonate

1639 2047 1804 2107 Roman
1856 2043 1920 2103 von
1965 2042 2007 2102 J.
2037 2037 2441 2097 Schneider-Jocstel

1708 2146 1781 2206 „Ich
1816 2139 1965 2199 komme!
1986 2135 1999 2195 —
2054 2134 2066 2194 —
2121 2136 2223 2196 Ganz
2251 2136 2344 2196 sicher
2372 2134 2501 2194 komme
2529 2134 2609 2194 ich,"
2637 2134 2704 2194 stieß
2746 2132 2779 2192 er
2807 2130 2867 2190 vor

1644 2197 1694 2257 sich
1727 2193 1802 2253 hin.

1708 2240 1813 2300 Ueber
1844 2236 1897 2296 dem
1944 2234 2038 2294 Brief
2068 2231 2121 2291 der
2151 2230 2334 2290 Schwester
2364 2231 2451 2291 hatte
2481 2231 2517 2291 er
2547 2230 2593 2290 die
2623 2228 2753 2288 weitere
2789 2225 2871 2285 Kor¬

1645 2289 1844 2349 respondenz
1872 2283 2077 2343 vollkommen
2110 2281 2303 2341 übersehen.
2326 2280 2384 2340 Als
2412 2279 2444 2339 er
2471 2279 2535 2339 nun
2569 2278 2719 2338 Ronalds
2747 2276 2876 2336 charak¬

1646 2341 1805 2401 teristische
1839 2335 2032 2395 Buchstaben
2072 2333 2126 2393 auf
2160 2330 2248 2390 einer
2277 2330 2375 2390 Hülle
2403 2330 2591 2390 gewahrte,
2614 2327 2757 2387 brannte
2790 2323 2867 2383 seine

1651 2390 1838 2450 Neugierde
1861 2386 2009 2446 lichterloh
2037 2381 2097 2441 und
2126 2379 2175 2439 als
2197 2378 2224 2438 er
2247 2377 2302 2437 den
2330 2377 2429 2437 Brief
2451 2378 2572 2438 gelesen
2600 2375 2704 2435 hatte,
2722 2374 2820 2434 lachte
2843 2372 2870 2432 er

1655 2436 1941 2496 verständnisvoll.
1964 2433 2024 2493 Ja,
2047 2431 2129 2491 mein
2163 2428 2262 2488 lieber
2290 2428 2389 2488 guter
2417 2427 2549 2487 Junge,
2577 2426 2648 2486 man
2682 2425 2759 2485 muß
2793 2423 2869 2483 seine

1654 2486 1880 2546 Erfahrungen
1918 2481 2064 2541 machen.
2091 2478 2166 2538 Das
2199 2477 2279 2537 blieb
2317 2474 2424 2534 keinem
2474 2473 2619 2533 erspart.
2647 2473 2721 2533 Man
2765 2471 2878 2531 mußte

1658 2538 1716 2598 nur
1740 2534 1781 2594 die
1805 2533 1923 2593 Lehre,
1935 2530 1982 2590 die
2001 2530 2053 2590 das
2077 2528 2176 2588 Leben
2207 2527 2283 2587 gab,
2296 2526 2507 2586 beherzigen,
2526 2524 2602 2584 dann
2632 2521 2768 2581 erklomm
2810 2520 2874 2580 man

1658 2587 1709 2647 den
1744 2581 1865 2641 Gipfel
1883 2581 1934 2641 der
1957 2578 2118 2638 Weisheit
2142 2576 2210 2636 doch
2239 2575 2331 2635 noch,
2349 2574 2429 2634 trotz
2447 2575 2527 2635 allen
2556 2570 2734 2630 Abirrens.

1734 2633 1787 2693 Als
1824 2632 1956 2692 Tandey
1998 2628 2064 2688 nach
2101 2626 2329 2686 Mitternacht
2366 2625 2437 2685 nach
2474 2625 2582 2685 Hause
2619 2623 2708 2683 kam,
2733 2620 2810 2680 fand
2853 2619 2883 2679 er

1666 2684 1815 2744 Ronalds
1839 2679 1936 2739 Brief
1960 2678 2040 2738 nicht
2064 2675 2156 2735 mehr
2179 2675 2236 2735 auf
2260 2673 2317 2733 dem
2364 2672 2490 2732 Platze,
2508 2671 2560 2731 wo
2589 2670 2617 2730 er
2641 2670 2686 2730 ihn
2722 2668 2888 2728 hingelegt

1663 2734 1769 2794 hatte.
1793 2730 1857 2790 Der
1888 2726 2094 2786 Schreibtisch
2124 2724 2194 2784 war
2218 2724 2342 2784 wieder
2372 2721 2430 2781 fein
2467 2721 2637 2781 säuberlich
2673 2716 2891 2776 verschlossen,

1663 2783 1739 2843 auch
1763 2780 1816 2840 das
1840 2778 1987 2838 Zimmer
2011 2775 2188 2835 versperrt.
2201 2773 2312 2833 Nichts
2336 2772 2466 2832 deutete
2490 2772 2548 2832 auf
2566 2771 2654 2831 einen
2685 2768 2784 2828 neuen
2815 2766 2890 2826 Ein¬

1669 2831 1764 2891 bruch
1793 2828 1866 2888 hin.

1736 2878 1777 2938 Er
1813 2876 1960 2936 klingelte
1996 2873 2066 2933 nach
2102 2873 2160 2933 dem
2214 2870 2473 2930 Etagenkellner
2509 2867 2573 2927 und
2609 2866 2727 2926 befahl
2757 2864 2897 2924 diesem,

1669 2929 1724 2989 den
1759 2925 1910 2985 Direktor
1939 2924 1967 2984 zu
2001 2923 2113 2983 holen.
2136 2921 2248 2981 Dieser
2277 2919 2469 2979 versicherte
2498 2918 2542 2978 ihm
2588 2915 2660 2975 hoch
2695 2915 2756 2975 und
2785 2913 2897 2973 teuer,

1668 2978 1730 3038 daß
1759 2975 1792 3035 es
1821 2973 1872 3033 das
1900 2974 2047 3034 erstemal
2070 2972 2126 3032 sei,
2144 2971 2206 3031 daß
2235 2969 2257 3029 so
2291 2969 2393 3029 etwas
2422 2969 2449 3029 in
2484 2967 2585 3027 seinem
2625 2966 2732 3026 Hause
2756 2961 2891 3021 passiere

1676 3026 1738 3086 und
1767 3025 1822 3085 bat
1845 3022 1918 3082 ihn,
1941 3022 1997 3082 mit
2021 3020 2099 3080 aller
2128 3019 2376 3079 Dringlichkeit,
2399 3017 2500 3077 nichts
2523 3015 2624 3075 davon
2659 3011 2827 3071 verlauten
2856 3011 2889 3071 zu

1675 3076 1792 3136 lassen,
1805 3073 1840 3133 da
1864 3072 1899 3132 es
1923 3070 2005 3130 einen
2035 3069 2117 3129 Ruin
2148 3067 2200 3127 für
2218 3067 2277 3127 sein
2301 3067 2400 3127 Hotel
2419 3066 2578 3126 bedeute,
2591 3062 2684 3122 wenn
2708 3060 2755 3120 die
2779 3058 2896 3118 Affäre

1676 3127 1699 3187 in
1746 3124 1792 3184 die
1828 3121 2096 3181 Oeffentlichkeit
2126 3118 2259 3178 dringe.

1746 3173 1881 3233 Tandey
1916 3169 2073 3229 versprach
2108 3166 2169 3226 nur
2198 3166 2277 3226 dann
2317 3166 2345 3226 zu
2380 3163 2577 3223 schweigen,
2600 3162 2695 3222 wenn
2730 3159 2780 3219 sich
2814 3156 2904 3216 Der¬

1685 3226 1802 3286 artiges
1831 3221 1916 3281 nicht
1934 3216 2148 3276 wiederholen
2182 3214 2312 3274 würde.
2330 3214 2414 3274 Nach
2442 3214 2527 3274 zwei
2550 3211 2657 3271 Tagen
2686 3208 2753 3268 rief
2777 3208 2821 3268 ihn
2855 3208 2900 3268 ein

1684 3270 1884 3330 Telegramm
1932 3265 2196 3325 vorübergehend
2233 3263 2302 3323 nach
2339 3261 2534 3321 Hamburg.

1752 3319 1832 3379 Eine
1860 3315 1989 3375 Stunde
2016 3314 2070 3374 vor
2093 3312 2194 3372 seiner
2217 3312 2384 3372 Wegreise
2406 3311 2535 3371 landete
2563 3308 2693 3368 Oellers
2720 3305 2784 3365 mit
2801 3303 2892 3363 einem

1692 3368 1980 3428 Privatflugzeug,
2003 3365 2036 3425 um
2082 3362 2139 3422 auf
2162 3362 2274 3422 eigene
2303 3363 2404 3423 Faust
2428 3360 2727 3420 Nachforschungen
2762 3353 2841 3413 über
2864 3352 2914 3412 die

1684 3417 1854 3477 entführte
1888 3416 1999 3476 Braut
2021 3411 2239 3471 anzustellen.

1758 3469 1832 3529 „Du
1867 3464 1953 3524 wirst
1983 3461 2080 3521 mehr
2109 3458 2305 3518 verderben,
2334 3458 2385 3518 als
2415 3458 2454 3518 du
2490 3457 2593 3517 nützen
2634 3455 2748 3515 wirst,"
2784 3450 2910 3510 warnte

1695 3514 1855 3574 Tandey.

1760 3562 1828 3622 Der
1860 3560 2112 3620 Staatsanwalt
2138 3557 2263 3617 brauste
2289 3557 2363 3617 auf:
2389 3557 2489 3617 „Hast
2509 3556 2546 3616 du
2578 3553 2741 3613 vielleicht
2768 3550 2836 3610 sehr
2862 3545 2923 3605 viel

1697 3614 1944 3674 Ersprießliches
1975 3610 2040 3670 hier
2064 3608 2228 3668 geleistet?

1766 3662 1960 3722 „Vorläufig
1991 3656 2131 3716 nichts!"

1773 3714 1839 3774 „Na
1871 3709 1975 3769 also!"

1773 3759 1931 3819 „Erlaube
1967 3756 2031 3816 mir
2068 3754 2261 3814 wenigstens
2297 3752 2356 3812 den
2398 3750 2491 3810 einen
2533 3747 2621 3807 Rat,
2652 3745 2751 3805 lieber
2787 3740 2922 3800 Oellers

1707 3814 1766 3874 und
1794 3809 1913 3869 logiere
1941 3807 1994 3867 dich
2028 3805 2108 3865 nicht
2131 3803 2228 3863 unter
2256 3800 2364 3860 deinem
2408 3799 2544 3859 eigenen
2577 3795 2706 3855 Namen
2740 3792 2810 3852 ein,
2832 3790 2923 3850 wenn

1705 3862 1739 3922 du
1774 3859 1844 3919 hier
1868 3856 1989 3916 bleiben
2025 3854 2152 3914 willst!"
2182 3851 2240 3911 bat
2263 3850 2425 3910 Tandey.

2251 3902 2307 3962 Ich
2340 3897 2408 3957 sehe
2441 3897 2497 3957 das
2529 3896 2617 3956 nicht
2643 3891 2718 3951 ein!
2744 3889 2819 3949 Das
2852 3885 2926 3945 wird

1779 3906 1953 3966 „Weshalb
1985 3902 2087 3962 nicht?

1711 3958 1781 4018 doch
1817 3954 1922 4014 keinem
1975 3954 2027 4014 von
2069 3953 2121 4013 der
2157 3948 2274 4008 Bande
2310 3948 2486 4008 einfallen,
2516 3947 2592 4007 mich
2628 3943 2797 4003 nochmals
2833 3937 2932 3997 über¬

1710 4007 1835 4067 tölpeln
1868 4005 1901 4065 zu
1934 4002 2070 4062 wollen.

1787 4056 1878 4116 „Wir
1899 4053 2011 4113 wollen
2040 4053 2074 4113 es
2103 4052 2186 4112 nicht
2209 4050 2355 4110 hoffen."
