3344 4352
435 133 459 193 In
500 136 580 196 einer
611 139 751 199 riesigen,
777 141 856 201 sonkt
882 142 967 202 püllig
1004 145 1093 205 leeren
1129 145 1229 205 Kirche
1260 145 1345 205 wan¬
1366 139 1491 199 wußte,
1512 142 1541 202 da

1634 142 1730 202 diesen

1909 145 1969 205 Wer
1996 148 2070 208 schon
2101 151 2288 211 laufendmal

416 174 494 234 kolte
527 174 636 234 Rovert
663 176 721 236 mit
743 177 805 237 Dr.
827 180 974 240 Leimbach
1001 183 1122 243 umher,
1144 183 1196 243 und
1228 183 1259 243 an
1291 182 1338 242 der
1365 174 1565 234 dahingeraft
1592 179 1649 239 und
1682 182 1734 242 daß
1766 181 1813 241 ihm
1861 180 1976 240 bestimm
2035 184 2119 244 war,
2140 186 2187 246 ihn
2224 188 2282 248 nock

420 211 531 271 Orgel,
550 213 725 273 ungosehen,
750 215 814 275 aber
844 217 955 277 Robert
979 219 1037 279 doch
1067 222 1196 282 wwußt,
1220 224 1261 284 sah
1291 221 1337 281 den
1368 213 1509 273 taufende
1539 213 1620 273 Male
1651 216 1697 276 kid
1721 216 1744 276 in
1780 218 1838 278 alle
1862 219 2003 279 Gavigkelt
2027 220 2115 280 durch
2139 224 2285 284 klingende

1366 249 1457 309 blaue
1482 250 1588 310 Nächte
1617 255 1830 315 hinzufliehen.

415 249 541 309 Pianist
564 252 618 312 aus
650 252 695 312 dem
736 254 917 314 Nachtlokal,
940 258 1080 318 während
1108 261 1266 321 Höhnlurg
1294 259 1329 319 di

419 288 550 348 Negister
573 290 639 350 tyat
661 288 714 348 und
741 290 824 350 dabei
846 293 899 353 mie
922 294 961 354 ein
992 295 1172 355 Hanswurft
1191 297 1239 357 den
1270 297 1327 357 Kop

1400 286 1485 346 Nicht
1508 288 1636 348 weniger
1664 293 1713 353 als
1740 291 1824 351 steben
1874 291 1949 351 volle
1994 294 2182 354 Wetunden
2236 300 2285 360 von

419 322 491 382 weit
510 325 577 385 ütber
600 327 645 387 die
668 327 813 387 Brüstung
841 330 886 390 des
909 330 1004 390 Chors
1027 333 1136 393 streckte
1159 333 1208 393 und
1236 334 1340 394 immer

1370 326 1414 386 dem
1459 327 1534 387 Ort.
1561 330 1707 390 entfernt,
1734 331 1787 391 aus
1823 331 1872 391 dem
1917 334 1947 394 ur
1979 333 2107 393 geflohen
2148 336 2227 396 wer,
2254 337 2285 397 an

1373 360 1443 420 einem
1490 362 1627 422 steinigen
1665 367 1805 427 Abhang,
1830 362 1877 422 der
1910 366 1938 426 zu
1971 369 2018 429 der
2046 369 2102 429 fast

410 359 520 419 wieder
556 362 706 422 zurückzug
751 365 901 425 Leimbach
933 368 1003 428 aber
1035 370 1176 430 erklärte,
1203 373 1252 433 daß
1292 374 1340 434 der

2137 372 2279 432 vereisten

414 395 503 455 Mann
535 401 601 461 dort
624 401 690 461 oben
726 404 801 464 nicht
824 404 895 464 etwa
927 404 989 464 eine
1034 407 1118 467 Fuge
1158 409 1211 469 pon
1265 408 1327 468 Pac

1366 398 1428 458 Ache
1458 401 1669 461 hinabführte,
1694 405 1736 465 den
1776 405 1852 465 Kopf
1877 406 1944 466 nach
1973 410 2107 470 alwärts
2137 413 2276 473 gewandt

421 436 515 496 spielo,
542 440 663 500 sondern
701 440 753 500 daß
791 440 822 500 er
860 443 1134 503 Lebensgoschichten
1177 446 1202 506 in
1241 446 1340 506 Musik
1367 441 1430 501 mit
1457 440 1673 500 zerschundenen
1711 443 1848 503 Händen,
1886 446 2081 506 getrocknetes
2124 450 2207 510 Blut
2250 449 2281 509 an

412 474 491 534 sepe,
510 476 561 536 wie
589 479 635 539 das
664 479 836 539 bekanntlich
860 482 915 542 allo
939 482 1073 542 begabten
1102 486 1250 546 Pianisten
1279 488 1325 548 tun

1373 479 1490 539 Scheitel
1518 480 1572 540 und
1605 482 1709 542 Stirn,
1732 485 1869 545 entdeckte
1897 485 1960 545 man
1992 485 2056 545 drei
2083 491 2160 551 Tage
2193 488 2283 548 später

1367 515 1456 575 seinen
1493 515 1644 575 entseekten
1685 519 1748 579 Leib

410 514 509 574 Glaich
541 515 654 575 darauf
696 518 849 578 wanderte
895 520 1012 580 Robert
1058 524 1184 584 zwischen
1239 524 1320 584 Bahn

413 551 516 611 gloisen
549 551 617 611 hin,
640 552 721 612 einer
753 556 867 616 offenen
899 557 1072 617 Landschaft
1104 562 1153 622 zu,
1177 562 1235 622 mit
1259 562 1340 622 hiner

419 589 494 649 roten
525 589 631 649 Fahne
655 590 678 650 in
709 594 762 654 der
786 594 884 654 Hand,
923 593 968 653 die
1007 595 1037 655 er
1084 600 1335 660 ununterbrochen
1367 604 1671 664 Schnitzlers
1718 609 2000 669 Ehrengrab

413 626 561 686 schwenkte
595 628 647 688 und
682 631 787 691 andlich
821 631 878 691 auf
902 634 983 694 einen
1022 637 1175 697 Erdhügel
1200 640 1333 700 pflanzte

1413 658 1520 718 Wien.
1548 660 1634 720 (Eig.
1662 662 1753 722 Ber.)
1781 664 1904 724 Axthur
1937 665 2110 725 Schnitzlex
2138 670 2218 730 wird
2251 672 2278 732 in

412 666 496 726 unter
524 667 570 727 dem
613 668 734 728 Alberta
762 670 897 730 begraben
930 673 991 733 lag.
1010 673 1098 733 Dann
1127 677 1224 737 schritt
1248 679 1275 739 er
1290 678 1322 738 au

1369 698 1453 758 einem
1501 706 1813 766 Ehrengrabe
1845 710 2019 770 beigesetzt,
2041 713 2104 773 das
2136 715 2188 775 ihm
2236 716 2283 776 die

400 703 490 763 em
530 706 666 766 schmalen
692 710 889 770 Gebirgopfad
919 711 984 771 hin,
1000 713 1161 773 Abgründe
1187 716 1211 776 zu
1242 716 1332 776 beider

404 742 534 802 Ssiten,
548 742 647 802 mitten
679 747 760 807 durch
783 748 846 808 eine
870 751 1082 811 munderpolle,
1101 752 1186 812 blaue
1209 753 1322 813 Winter

1366 748 1661 808 Kultusgemeinde
1696 752 1862 812 widmete.
1912 753 1990 813 Auch
2030 756 2078 816 die
2108 759 2285 819 Gemeinde

401 777 505 837 nacht.
529 779 647 839 Endlich
675 783 720 843 saß
752 783 802 843 er,
821 786 967 846 erfrischt,
990 786 1048 846 mit
1076 789 1172 849 köhlen
1204 792 1331 852 Wangen

1369 787 1448 847 Wien
1486 795 1571 855 hatte
1604 796 1651 856 für
1679 795 1737 855 den
1769 798 1897 858 Dichter
1930 798 1971 858 ein
2005 801 2196 861 Ehrengrab
2229 803 2292 863 an¬

410 816 466 876 und
499 819 544 879 sich
577 820 623 880 der
671 819 782 879 Arbelt
824 824 1107 884 entgogenfreuand,
1145 827 1172 887 in
1224 828 1316 888 selnem
1368 836 1521 896 goboten,
1550 839 1605 899 das
1642 839 1716 899 aber
1749 841 1810 901 mit
1843 843 1935 903 Tank
1963 847 2135 907 abgelehnt
2163 849 2293 909 wurde.

411 855 549 915 Bureau,
569 858 611 918 als
640 858 764 918 ploßlich
793 861 850 921 sehn
879 861 965 921 haftig
989 864 1022 924 an
1056 864 1099 924 die
1123 867 1185 927 Für
1209 866 1338 926 getlopft

1363 879 1400 939 da
1433 882 1481 942 die
1509 883 1655 943 Familie
1678 885 1796 945 bereits
1830 888 1878 948 den
1916 889 2035 949 Antrag
2068 892 2122 952 der
2150 894 2290 954 Kultus¬

410 897 522 957 wunde.
550 894 591 954 Ex
629 897 727 957 wußte
760 900 871 960 sosort,
895 900 946 960 daß
988 904 1049 964 dies
1087 906 1142 966 nur
1175 907 1333 967 Albextene

1364 925 1524 985 gemeinde
1571 930 1810 990 angenommen
1863 933 1966 993 hatte.
2009 938 2185 998 Schnitzler
2227 941 2289 1001 hat

404 932 494 992 Gatte
524 933 580 993 sein
614 936 733 996 konnte,
758 939 805 999 der
834 939 996 999 gekommen
1035 943 1116 1003 war,
1140 945 1321 1005 Rechenschaf

1365 969 1458 1029 seinen
1498 974 1592 1034 Sohn
1626 974 1769 1034 Heinnich
1803 977 2075 1037 testamentarisch
2104 983 2159 1043 zum
2204 983 2286 1043 Ver¬

403 971 457 1031 von
493 974 538 1034 ihm
589 974 613 1034 zu
650 976 785 1036 fordern.
811 977 881 1037 Doch
912 977 946 1037 ey
977 977 1037 1037 war
1068 982 1118 1042 fast
1144 984 1339 1044 antschlussen,

403 1012 485 1072 nicht
511 1014 537 1074 zu
574 1013 687 1073 öffnen.
729 1015 884 1075 Vielmehr
915 1019 1023 1079 verlleß
1055 1022 1086 1082 er
1133 1024 1184 1084 den
1237 1025 1318 1085 Raum

1368 1015 1475 1075 waltor
1510 1019 1612 1079 seines
1653 1022 1862 1082 literarischen
1903 1024 2090 1084 Nachlasses
2131 1028 2193 1088 und
2233 1029 2284 1089 alt

403 1048 487 1108 durch
518 1049 563 1109 die
589 1052 890 1112 gegenüberliegende
915 1055 980 1115 Tür
1011 1060 1066 1120 und
1096 1061 1217 1121 stürmte
1232 1062 1332 1122 weiter

1378 1061 1503 1121 Verater
1534 1061 1672 1121 Richard
1703 1071 2112 1131 Beer=Hoffmann
2149 1073 2287 1133 bestallt.

404 1086 489 1146 durch
511 1089 575 1149 eine
597 1091 683 1151 gnze
711 1092 796 1152 Reihe
818 1094 871 1154 von
899 1095 947 1155 Zin
969 1097 1071 1157 mernz
1093 1099 1114 1159 in
1147 1100 1216 1160 jedem
1254 1101 1329 1161 stan=
1363 1103 1443 1163 Eine
1476 1109 1712 1169 obarflächliche
1745 1109 1900 1169 Sichtung
1933 1114 2024 1174 ergab
2073 1118 2143 1178 eine
2181 1117 2283 1177 unge¬

400 1122 451 1182 den
483 1127 590 1187 Tischa,
617 1127 642 1187 an
673 1130 745 1190 jedem
792 1132 833 1192 saß
859 1133 900 1193 ein
932 1135 1102 1195 Schreibor,
1123 1139 1200 1199 deren
1226 1141 1324 1201 Fodarn

1368 1150 1482 1210 hauere
1515 1153 1642 1213 Anzahl
1681 1156 1731 1216 von
1777 1158 2052 1218 Aufzeichnungen
2097 1162 2147 1222 des
2186 1162 2282 1222 Dich¬

403 1162 462 1222 mit
493 1164 673 1224 ungeheurer
703 1167 768 1227 Eile
799 1166 869 1226 über
905 1171 954 1231 das
985 1173 1100 1233 Papier
1130 1178 1250 1238 fuhren,
1276 1177 1330 1237 mit

1369 1195 1450 1255 ferk.

403 1198 447 1258 den
478 1201 564 1261 freien
595 1204 675 1264 Hand
706 1205 771 1265 aben
797 1207 902 1267 warfen
939 1208 968 1268 sie
994 1210 1039 1270 die
1060 1213 1155 1273 Vogen
1186 1216 1211 1276 in
1242 1216 1332 1276 offen¬

1405 1238 1469 1298 Die
1496 1242 1683 1302 Beisetzung
1717 1243 1768 1303 des
1801 1246 1950 1306 Dichters
2003 1249 2080 1309 fand
2114 1254 2210 1314 heute
2244 1253 2269 1313 in

406 1240 616 1300 Reisetaschen,
633 1243 681 1303 die
709 1245 752 1305 sich
785 1246 893 1306 immer
921 1249 1077 1309 seldsttätig
1110 1253 1175 1313 auf¬
1202 1253 1256 1313 und
1289 1254 1337 1314 zu¬

403 1280 550 1340 schlossen,
583 1282 756 1342 schnappend
810 1283 868 1343 wie
916 1288 1189 1348 Krokodilmäulor.
1232 1292 1316 1352 Dab¬

1364 1286 1417 1346 der
1441 1285 1583 1345 penkbar
1613 1290 1813 1350 schlichtesten
1844 1291 1949 1351 Weise
1973 1294 2068 1354 statt,
2086 1297 2139 1357 so,
2157 1297 2221 1357 wie
2246 1299 2280 1359 er

403 1318 524 1378 dauorte
556 1321 609 1381 das
642 1325 762 1385 Klapfon
800 1326 911 1386 immer
943 1330 1006 1390 fart
1033 1329 1090 1389 und
1123 1329 1207 1389 schien
1250 1331 1328 1391 sogar

1361 1327 1395 1387 es
1425 1333 1609 1393 gewünscht
1634 1336 1743 1396 hatte.
1767 1339 1830 1399 Die
1854 1339 2015 1399 Theater=
2046 1342 2108 1402 und
2138 1341 2282 1401 Schrift¬

401 1356 505 1416 stärier
539 1356 594 1416 und
622 1360 804 1420 duingender
849 1360 882 1420 zu
932 1363 1064 1423 weyden.
1109 1367 1324 1427 Unwillkürlich
1364 1374 1551 1434 stellerwelt
1602 1374 1667 1434 und
1718 1377 1772 1437 die
1823 1379 1988 1439 Verehrer
2039 1383 2093 1443 des
2127 1386 2276 1446 Dichters

401 1392 478 1452 griff
509 1396 622 1456 Robert
653 1399 718 1459 nach
755 1398 803 1458 dem
851 1398 1013 1458 Rovolver,
1044 1401 1091 1461 den
1122 1407 1151 1467 en
1188 1407 1211 1467 in
1254 1407 1326 1467 alter

1361 1415 1466 1475 waren
1505 1421 1663 1481 zahlraich
1694 1425 1874 1485 vortreten.

406 1431 483 1491 e

863 1438 1083 1498 Auchttisachen
1117 1440 1214 1500 gelagt
1240 1443 1305 1503 bott

402 1467 491 1527 erhab
517 1469 568 1529 sich
588 1472 683 1532 rasch,
703 1471 792 1531 stacte
812 1471 856 1531 die
883 1476 978 1536 Wafse
1004 1476 1030 1536 in
1063 1476 1139 1536 seins
1159 1479 1331 1539 Rocktosche,

401 1505 521 1565 wußi,
540 1506 593 1566 daß
624 1509 660 1569 en
685 1510 817 1570 erwacht
842 1512 908 1572 war
939 1515 993 1575 urd
1023 1513 1138 1573 dachte:
1162 1520 1217 1580 Ein
1254 1519 1331 1579 Nels¬

406 1544 561 1604 gramnk,
578 1544 632 1604 und
665 1546 691 1606 er
719 1550 831 1610 fragte:
859 1548 939 1608 „Wer
972 1552 1004 1612 ist
1026 1550 1079 1610 das

441 1596 510 1656 „Ich
544 1592 635 1652 din's,
663 1595 808 1655 Robert",
830 1595 981 1655 erwiderte
1009 1598 1073 1658 eine
1101 1601 1252 1661 Stimme.

450 1631 499 1691 Das
534 1637 613 1697 Blut
638 1640 775 1700 erstarrte
805 1643 883 1703 ihm.
904 1644 943 1704 Es
978 1646 1036 1706 war
1072 1646 1160 1706 seines
1190 1649 1327 1709 Bruders

399 1671 472 1731 Otto
507 1676 654 1736 Stimme.
679 1679 772 1739 Schon
807 1682 866 1742 also
901 1682 964 1742 war
994 1682 1023 1742 er
1053 1683 1097 1743 ihm
1146 1688 1332 1748 nachgereist,

405 1710 474 1770 schon
505 1715 565 1775 war
591 1715 615 1775 er
641 1718 691 1778 da,
711 1718 741 1778 um
782 1718 837 1778 sein
863 1722 1079 1782 fürchterliches
1104 1723 1184 1783 Werk
1210 1726 1235 1786 zu
1255 1727 1325 1787 voll¬

398 1750 541 1810 bringen.
563 1751 610 1811 Ein
643 1754 747 1814 Glück,
765 1756 817 1816 daß
844 1756 891 1816 die
913 1759 976 1819 Tür
1003 1761 1151 1821 verspeurt
1178 1762 1257 1822 war.

452 1791 536 1851 Darf
563 1792 626 1852 man
653 1795 795 1855 herein?"
817 1795 912 1855 fragte
939 1798 1023 1858 Otto.
1045 1801 1119 1861 Doch
1146 1801 1193 1861 ehe
1214 1804 1325 1864 Robert

398 1826 461 1886 noch
488 1831 514 1891 zu
541 1831 705 1891 antworten
737 1832 911 1892 vermochte,
929 1837 1033 1897 öffnete
1061 1842 1103 1902 sich
1130 1843 1171 1903 die
1193 1843 1272 1903 Tür,
1283 1843 1325 1903 die

401 1867 508 1927 Nobert
536 1870 725 1930 zuzusperren
758 1875 893 1935 vergessen
926 1876 1023 1936 hatte.

445 1906 527 1966 „Was
557 1906 645 1966 willst
669 1906 739 1966 du?"
770 1912 863 1972 fragte
894 1915 1006 1975 Robert
1030 1915 1082 1975 mit
1107 1917 1312 1977 aufgerissenen

391 1941 516 2001 Augen,
541 1945 596 2005 und
627 1944 712 2004 dabel
738 1948 802 2008 war
833 1949 863 2009 er
893 1950 938 2010 sich
969 1951 1024 2011 wie
1049 1953 1129 2013 einer
1160 1956 1245 2016 Qual
1271 1956 1315 2016 des

396 1983 570 2043 Umstandes
605 1986 741 2046 bewußt,
781 1992 837 2052 daß
889 1992 968 2052 beide
1013 1992 1177 2052 Lidspakten
1235 1997 1319 2057 gleich

392 2022 467 2082 weit
490 2019 566 2079 offen
599 2025 735 2085 standen.

434 2059 502 2119 Otto
525 2061 603 2121 stand
632 2063 671 2123 ihn
712 2064 740 2124 in
769 2064 813 2124 der
837 2067 898 2127 Tür
922 2067 1097 2127 gegenüber,
1120 2070 1136 2130 im
1177 2072 1250 2132 Pelz
1262 2073 1312 2133 und

392 2097 453 2157 mit
478 2097 554 2157 einem
597 2100 683 2160 dicken
717 2102 807 2162 Schal
832 2103 860 2163 um
903 2106 951 2166 den
985 2106 1070 2166 Hals.
1095 2109 1190 2169 Hastig
1224 2109 1314 2169 sprach

388 2138 437 2198 er:
463 2138 554 2198 „Man
585 2141 634 2201 hat
661 2141 721 2201 mir
746 2141 832 2201 unten
863 2145 979 2205 gesagt,
999 2147 1044 2207 daß
1080 2147 1110 2207 du
1146 2147 1176 2207 um
1217 2148 1232 2208 2
1262 2151 1322 2211 Uhr

386 2172 446 2232 auf
466 2174 512 2234 die
535 2176 619 2236 Bahn
652 2178 791 2238 wolltest,
829 2180 899 2240 aber
942 2181 974 2241 du
1025 2181 1091 2241 haft
1133 2185 1300 2245 verschlafen

393 2213 556 2273 Uebrigens
583 2216 662 2276 wäre
684 2217 721 2277 ich
753 2219 826 2279 nicht
848 2219 958 2279 darauf
980 2222 1159 2282 gekommen,
1181 2226 1260 2286 wenn
1281 2229 1312 2289 ich

386 2252 444 2312 dich
476 2254 550 2314 nicht
577 2255 603 2315 in
635 2256 730 2316 deinem
773 2258 905 2318 Zumer
932 2258 1043 2318 gesehen
1076 2261 1165 2321 hätts.

441 2291 498 2351 Wo
529 2292 566 2352 ist
587 2292 722 2352 Pauka?“
749 2296 847 2356 fragte
874 2297 983 2357 Robert
1009 2300 1097 2360 heiser

435 2327 540 2387 „Paula
578 2330 684 2390 kommt
717 2333 854 2393 morgen.
876 2335 1040 2395 Vorläufig
1072 2338 1157 2398 mußt
1189 2338 1221 2398 du
1258 2341 1311 2401 dich

388 2365 444 2425 mit
465 2368 548 2428 ihren
579 2369 698 2429 Grüßen
729 2374 910 2434 begungen.“
952 2373 997 2433 Er
1040 2378 1116 2438 hatte
1148 2381 1297 2441 immarsor

389 2407 427 2467 ein
461 2407 567 2467 starres
596 2408 712 2468 Dächeln
741 2411 773 2471 um
813 2412 857 2472 die
886 2413 1008 2473 Lippen.

454 2443 518 2503 was
549 2446 640 2506 willst
666 2446 695 2506 du
732 2448 837 2508 hier!"
863 2451 974 2511 Warum
1020 2454 1141 2514 kommst
1166 2455 1201 2515 du

390 2480 459 2540 setzte
481 2485 530 2545 sich
559 2485 579 2545 im
615 2485 685 2545 Bett
700 2485 770 2545 auf,
785 2491 876 2551 fühlte
898 2491 947 2551 das
976 2493 1081 2553 Glühen
1110 2495 1165 2555 und
1188 2495 1307 2555 Drohen

389 2524 481 2584 seiner
509 2525 619 2585 eigenen
652 2526 761 2586 Blicka.

425 2560 560 2620 „Warium
600 2560 639 2620 ich
666 2565 795 2625 komme?
822 2567 887 2627 Nun
921 2563 991 2623 —,
1012 2567 1069 2627 und
1117 2570 1161 2630 ein
1208 2572 1291 2632 unter

386 2595 506 2655 drücktes
542 2599 753 2659 Aufschluchzen
794 2602 853 2662 war
889 2604 914 2664 in
950 2607 1040 2667 Ottos
1091 2610 1221 2670 Scimme

392 2637 482 2697 „nun,
500 2637 545 2697 zum
585 2640 704 2700 Teusel,
722 2641 755 2701 ich
778 2643 903 2703 komme,
920 2644 993 2704 weil
1011 2646 1039 2706 es
1062 2647 1118 2707 mit
1141 2649 1170 2709 so
1193 2649 1300 2709 beliebt

386 2673 447 2733 Was
479 2673 510 2733 ist
536 2676 578 2736 dir
604 2678 671 2738 denn
703 2679 760 2739 nur
786 2680 973 2740 eingefallen,
995 2683 1124 2743 Nobert?
1151 2688 1223 2748 Was
1249 2688 1311 2748 haft

382 2712 404 2772 du
438 2714 489 2774 dier
512 2715 579 2775 denn
613 2718 719 2778 wieder
748 2721 770 2781 in
804 2719 848 2779 den
883 2723 961 2783 Kopf
984 2724 1096 2784 gesetzt?

432 2759 549 2819 „Warum
599 2762 652 2822 bist
680 2765 712 2825 du
745 2765 820 2825 da?"
848 2768 922 2828 Was
956 2770 1047 2830 willst
1069 2772 1106 2832 du
1140 2775 1187 2835 von
1226 2777 1306 2837 mir!

379 2798 466 2858 Nimm
509 2800 519 2860 —
571 2801 649 2861 nimm
691 2804 774 2864 deine
800 2804 898 2864 Hände
930 2805 982 2865 aus
1013 2807 1060 2867 dem
1102 2810 1174 2870 Pelz

421 2846 489 2906 Otto
522 2847 563 2907 sah
601 2849 648 2909 ihm
690 2849 769 2909 starr
796 2851 843 2911 ins
875 2852 1001 2912 Gesicht.
1023 2859 1128 2919 Zuerst
1155 2861 1239 2921 schien
1271 2859 1302 2919 en

376 2883 452 2943 nicht
477 2885 553 2945 rocht
578 2888 607 2948 zu
641 2888 804 2948 verstehen.
848 2891 934 2951 Dann
987 2894 1074 2954 aber,
1113 2897 1175 2957 mit
1219 2898 1290 2958 über

381 2924 518 2984 triebener
545 2924 699 2984 Gebärde,
721 2928 762 2988 riß
795 2928 826 2988 er
870 2929 948 2989 beide
997 2932 1103 2992 Hände
1146 2936 1203 2996 auß
1252 2938 1299 2998 der

381 2964 489 3024 Laschen
521 2964 608 3024 seines
635 2966 754 3026 Polzes,
775 2968 915 3028 schüttelte
941 2969 982 3029 den
1014 2972 1092 3032 Kopf
1118 2975 1169 3035 und
1196 2978 1299 3038 verzog

376 3000 415 3060 den
451 3004 567 3064 Mund,
588 3004 633 3064 als
664 3004 740 3064 wenn
776 3004 805 3064 er
831 3007 922 3067 lachen
953 3012 1069 3072 wollte,
1090 3014 1161 3074 dann
1197 3017 1242 3077 biß
1272 3016 1297 3076 er

407 3034 421 3094 ch
453 3039 478 3099 in
515 3044 561 3104 die
592 3043 695 3103 Lippen
737 3044 788 3104 und
825 3046 917 3106 sagte:
949 3050 1005 3110 „Du
1047 3049 1056 3109 —
1109 3050 1139 3110 du
1176 3055 1299 3115 träumst

372 3079 509 3139 afsenhan
531 3079 615 3139 noch.
632 3082 721 3142 Komm
764 3085 827 3145 doch
855 3085 880 3145 zu
907 3088 970 3148 dir.
987 3090 1039 3150 Ich
1066 3089 1161 3149 bin's,
1177 3093 1304 3153 Nobert.

379 3112 388 3172 —
439 3115 499 3175 doin
534 3119 670 3179 Bruder,
690 3121 750 3181 dein
786 3124 921 3184 Freund.
947 3124 1017 3184 Was
1052 3126 1157 3186 bildest
1183 3128 1213 3188 du
1248 3130 1293 3190 die

378 3153 438 3213 denn
471 3153 536 3213 ein?
560 3156 634 3216 Dein
667 3157 779 3217 Bruder
817 3158 830 3218 —
878 3161 1004 3221 Robert.
1023 3162 1064 3222 So
1093 3168 1200 3228 glaube
1224 3168 1302 3228 doch,

374 3189 394 3249 so
425 3192 502 3252 wisse
528 3193 590 3253 doch
621 3196 750 3256 endlich,
766 3198 796 3258 es
828 3198 863 3258 ist
890 3200 951 3260 doch
998 3204 1080 3264 nicht
1122 3207 1147 3267 im
1204 3207 1296 3267 Ernst

369 3232 510 3292 möglich,
526 3234 622 3294 dann,
643 3236 674 3296 du
705 3234 719 3294 —
766 3237 857 3297 denkst
883 3237 893 3297 —

405 3270 464 3330 Und
500 3271 546 3331 die
576 3273 677 3333 Worte
708 3273 854 3333 versagten
890 3278 966 3338 ihm.
986 3280 1031 3340 In
1068 3282 1158 3342 seinen
1194 3286 1289 3346 Augen

367 3307 428 3367 war
455 3310 563 3370 Angst,
584 3312 708 3372 Mitleid
740 3313 796 3373 und
828 3315 910 3375 Liebe
942 3318 1014 3378 ohne
1046 3322 1169 3382 Maßen.
1217 3323 1289 3383 Doch

373 3344 411 3404 dem
455 3347 574 3407 Bpuder
618 3351 766 3411 bedeutete
809 3353 862 3413 der
905 3356 1010 3416 souchte
1059 3361 1159 3421 Glanz
1202 3362 1293 3422 dieses

369 3385 469 3445 Bickes
500 3389 601 3449 Tücke.
622 3389 769 3449 Drohung
805 3392 856 3452 und
887 3395 967 3455 Tod.
988 3398 1059 3458 Otto
1090 3399 1216 3459 wieder,
1237 3403 1287 3463 von

366 3422 409 3482 dem
453 3425 606 3485 Ausdruck
630 3428 678 3488 des
707 3428 851 3488 Grauens
880 3431 904 3491 in
943 3433 986 3493 des
1020 3437 1154 3497 Bruders
1188 3441 1293 3501 Antlitz

365 3461 384 3521 im
430 3461 542 3521 tiefsten
578 3465 760 3525 erschüttert,
787 3470 964 3530 beherrschte
995 3473 1040 3533 sich
1076 3476 1152 3536 nicht
1178 3477 1299 3537 länger,

361 3498 421 3558 trat
443 3500 520 3560 ganz
546 3501 620 3561 nohe
642 3503 676 3563 an
707 3504 753 3564 ihn
784 3507 892 3567 heran,
914 3509 948 3569 um
992 3509 1039 3569 ihn
1074 3510 1100 3570 zu
1130 3515 1285 3575 umarmen

368 3535 413 3595 und
445 3537 486 3597 ihn
518 3538 599 3598 durch
632 3538 668 3598 die
696 3543 874 3603 rückhaltlos
901 3544 1024 3604 innigste
1047 3548 1183 3608 Gehirde
1202 3553 1288 3613 seiner

363 3577 555 3637 brüderlichen
589 3580 777 3640 Zartlichkeit
811 3582 835 3642 zu
874 3583 1042 3643 versichern.
1067 3587 1182 3647 Nobert
1211 3592 1292 3652 aber.

363 3613 406 3673 des
435 3616 569 3676 Bruderb
604 3616 685 3676 kühle
715 3614 815 3674 Hände
845 3620 874 3680 an
913 3622 999 3682 seinem
1042 3625 1129 3685 Halse
1158 3628 1292 3688 fühlend.

373 3654 502 3714 zweifelte
536 3652 592 3712 nun
626 3655 702 3715 nicht
732 3658 827 3718 mehr,
856 3661 903 3721 daß
942 3664 989 3724 der
1019 3664 1204 3724 gefürchtale,
1229 3665 1281 3725 daß

362 3694 407 3754 der
436 3694 611 3754 Augenblick
634 3697 679 3757 der
708 3697 849 3757 höchsten,
867 3700 911 3760 der
935 3701 1143 3761 entsetzlichsten
1173 3705 1279 3765 Gefahr

367 3730 525 3790 gekummen
558 3733 610 3793 sei,
632 3732 716 3792 gegen
754 3732 795 3792 die
828 3735 854 3795 in
886 3735 965 3795 jeder
1009 3738 1108 3798 Weise
1152 3740 1204 3800 sich

364 3767 471 3827 wehren
508 3768 595 3828 durch
632 3771 812 3831 menschliche
843 3771 900 3831 und
931 3772 1070 3832 göttliche
1101 3776 1209 3836 Gesetze
1241 3780 1287 3840 er¬

362 3806 457 3866 laubt,
479 3807 504 3867 sa
532 3807 648 3867 gebuten
681 3810 755 3870 war.
777 3810 813 3870 In
851 3809 899 3869 der
920 3810 1085 3870 Rocktasche
1112 3814 1234 3874 spannte
1255 3817 1281 3877 er

357 3843 502 3903 porsichtig
534 3846 584 3906 den
615 3846 696 3906 Hahn
727 3848 822 3908 seiner
849 3849 964 3909 Wafse,
985 3850 1036 3910 und
1067 3852 1203 3912 während
1234 3857 1284 3917 der

357 3885 475 3945 Deuder
503 3885 546 3945 ihm
584 3885 616 3945 an
660 3888 746 3948 Holle
769 3891 860 3951 hing.
877 3891 952 3951 setzte
975 3891 1006 3951 er
1029 3894 1093 3954 ihre
1121 3894 1277 3954 Mundung

356 3920 388 3980 An
420 3923 510 3983 Ctios
537 3923 648 3983 Prust,
670 3926 718 3986 dar
745 3927 803 3987 seßt
830 3926 888 3986 erst
909 3929 1032 3989 merkte,
1054 3930 1117 3990 was
1144 3932 1191 3992 sich
1218 3933 1287 3993 pur=

358 3962 504 4022 bereitete.
526 3963 606 4023 Aber
634 3965 660 4025 im
704 3968 898 4028 Augenblick,
915 3968 947 4028 da
980 3968 1012 4028 er
1039 3971 1190 4031 erkannte,
1212 3971 1277 4031 was

357 4001 381 4061 im
420 4001 522 4061 Werko
542 4006 618 4066 war,
638 4007 707 4067 nach
727 4005 771 4065 dem
810 4005 905 4065 Laufe
925 4009 969 4069 der
995 4010 1103 4070 Waffen
1135 4010 1282 4070 greisend,

348 4037 576 4097 urweichen
602 4040 659 4100 und
690 4042 773 4102 wesen
805 4042 918 4102 wollte,
940 4042 981 4102 wa

1179 4045 1279 4105 Augol
