3392 4256
185 246 210 306 2

352 252 760 312 Schnitzle

921 252 1217 312 Death

1443 252 1566 312 box
1644 255 1830 315 42/6

2200 297 2421 357 Ausschnitt
2451 299 2520 359 aus

2474 378 2788 438 Keonenzeitung,
2806 366 2888 426 Wien

2195 521 2322 581 vom:

2428 621 2521 681 22.
2550 616 2672 676 0KT.
2692 613 2794 673 1931

2223 1067 2415 1127 Artur
2465 1071 2788 1131 Schnitzler

2407 1168 2763 1228 gestorben.

2259 1230 2358 1290 Artur
2389 1232 2547 1292 Schnitzler
2578 1233 2612 1293 ist
2638 1237 2747 1297 gestern
2787 1240 2821 1300 um
2867 1242 2916 1302 ½7
2951 1242 3010 1302 Uhr

2224 1270 2333 1330 abends
2365 1270 2533 1330 gestorben.
2557 1272 2620 1332 Der
2652 1275 2784 1335 Dichter,
2812 1276 2862 1336 der
2889 1278 2935 1338 sich
2967 1277 2980 1337 —

2222 1306 2279 1366 fast
2309 1311 2514 1371 siebzigjährig
2548 1309 2562 1369 —
2615 1311 2706 1371 bester
2740 1314 2921 1374 Gesundheit
2956 1315 3003 1375 er¬

2227 1344 2337 1404 freute,
2362 1344 2414 1404 hat
2444 1347 2554 1407 gestern
2593 1349 2732 1409 mittags,
2762 1353 2833 1413 ohne
2868 1356 2915 1416 daß
2954 1357 3002 1417 sich

2221 1383 2321 1443 vorher
2350 1383 2558 1443 irgendwelche
2590 1388 2738 1448 drohende
2771 1392 2923 1452 Anzeichen
2960 1393 3010 1453 ge=

2221 1422 2295 1482 zeigt
2343 1422 2465 1482 hätten,
2489 1423 2568 1483 einen
2625 1428 2756 1488 schweren
2799 1431 3010 1491 Schlaganfall

2216 1458 2352 1518 erlitten.
2382 1459 2493 1519 Sieben
2532 1464 2672 1524 Stunden
2712 1465 2784 1525 lang
2824 1467 2872 1527 lag
2906 1470 3003 1530 Artur

2225 1499 2378 1559 Schnihler
2408 1500 2428 1560 in
2463 1501 2581 1561 völliger
2611 1504 2883 1564 Bewußtlosigkeit.
2903 1508 2996 1568 Gegen

2223 1535 2326 1595 halb=
2352 1539 2415 1599 Uhr
2440 1538 2548 1598 abends
2574 1541 2677 1601 erlöste
2702 1544 2746 1604 ihn
2776 1544 2820 1604 der
2845 1546 2923 1606 Tod.

2399 2574 2499 2634 Artur
2528 2577 2724 2637 Schuitzler.

2169 2622 2250 2682 (Eine
2279 2625 2446 2685 Aufnahme
2471 2628 2504 2688 an
2533 2628 2629 2688 seinem
2668 2629 2715 2689 60.
2735 2631 2950 2691 Geburtstag.)

2208 2704 2278 2764 Mit
2327 2707 2430 2767 Artur
2480 2708 2659 2768 Schnitzler
2703 2708 2746 2768 ist
2790 2711 2883 2771 einer
2932 2711 2986 2771 der

2119 2754 2249 2814 größten
2304 2756 2434 2816 Dichter
2483 2756 2613 2816 unserer
2657 2757 2754 2817 Zeit,
2793 2759 2884 2819 einer
2928 2759 2982 2819 der

2128 2801 2251 2861 felnsten
2290 2803 2354 2863 und
2387 2804 2522 2864 klügsten
2555 2807 2770 2867 Oestereicher
2803 2807 2862 2867 und
2895 2810 2981 2870 einer

2119 2849 2170 2909 der
2212 2852 2429 2912 werwollsten
2476 2854 2647 2914 Menschen
2694 2855 2989 2915 dahingegangen.

2119 2896 2223 2956 Hohes
2249 2899 2489 2959 Menschentum
2542 2899 2610 2959 und
2653 2899 2720 2959 eine
2757 2902 2898 2962 ruhige,
2930 2905 2992 2965 fast

2119 2944 2206 3004 weise
2238 2947 2268 3007 zu
2310 2947 2485 3007 nennende
2517 2948 2780 3008 Abgeklärtheit,
2807 2950 2987 3010 kennzeich¬

2119 2991 2206 3051 neten
2248 2992 2336 3052 seine
2373 2995 2501 3055 Bücher
2538 2995 2605 3055 und
2637 2998 2890 3058 Theaterstücke,
2922 2998 2983 3058 mit

2116 3039 2206 3099 denen
2238 3043 2291 3103 sich
2318 3043 2493 3103 Schnitzler
2520 3043 2573 3103 zum
2616 3043 2764 3103 geistigen
2802 3046 2983 3106 Repräsen¬

2119 3087 2226 3147 tanten
2268 3087 2319 3147 der
2356 3090 2613 3150 österreichischen
2649 3091 2896 3151 Vorkriegszeit
2927 3094 2983 3154 ge¬

2113 3135 2211 3195 macht
2233 3135 2305 3195 hat.
2321 3137 2388 3197 Ans
2415 3137 2607 3197 Schnitzlerv
2634 3137 2758 3197 Werken
2790 3141 2889 3201 sprach
2915 3141 2982 3201 eine

2119 3186 2185 3246 solch
2222 3186 2299 3246 tiefe
2331 3186 2500 3246 Keuntnis
2537 3186 2593 3246 der
2625 3188 2841 3248 menschlichen
2878 3188 2975 3248 Seele

2168 3229 2213 3289 in
2254 3233 2349 3293 erster
2380 3232 2475 3292 Linie
2511 3234 2561 3294 der
2592 3237 2814 3297 Frauenseele
2845 3234 2855 3294 —
2916 3236 2976 3296 und

2113 3278 2182 3338 eine
2220 3281 2251 3341 so
2289 3281 2544 3341 allumfassende
2578 3281 2689 3341 Güte,
2722 3283 2780 3343 daß
2823 3282 2870 3342 sich
2914 3284 2966 3344 dem

2116 3326 2259 3386 Liebreiz
2297 3329 2403 3389 seines
2446 3329 2600 3389 Wortes,
2632 3328 2685 3388 der
2728 3330 2839 3390 Musik
2877 3332 2977 3392 seiner

2113 3377 2254 3437 Sprache
2301 3377 2362 3437 und
2408 3376 2463 3436 der
2500 3377 2605 3437 Kraft
2642 3375 2748 3435 seines
2779 3379 2977 3439 Verstandes

2115 3422 2263 3482 niemand
2299 3422 2328 3482 zu
2369 3424 2531 3484 entzieben
2567 3424 2760 3484 vermochte.
2781 3428 2978 3488 Schnitzlers

2110 3472 2187 3532 erste
2216 3469 2370 3529 Romane
2404 3469 2471 3529 und
2505 3469 2659 3529 Novellen
2698 3473 2842 3533 erregten
2886 3474 2972 3534 durch

2119 3515 2182 3575 ihre
2214 3517 2293 3577 freie
2325 3519 2468 3579 Fassung
2505 3518 2569 3578 und
2601 3520 2690 3580 durch
2728 3520 2775 3580 die
2808 3520 2976 3580 Kühnheit

2110 3565 2196 3625 ihres
2227 3565 2425 3625 Entwurfes
2462 3568 2635 3628 gewaltige
2666 3568 2875 3628 Sensation;
2901 3571 2972 3631 man

2107 3613 2226 3673 fühlte,
2243 3613 2300 3673 daß
2332 3613 2400 3673 hier
2427 3614 2473 3674 ein
2500 3613 2677 3673 wirklicher
2699 3616 2829 3676 Dichter
2851 3615 2981 3675 unend¬

2107 3660 2155 3720 lich
2183 3660 2381 3720 Wertvolles
2409 3662 2441 3722 zu
2474 3663 2559 3723 sagen
2592 3660 2688 3720 habe.

2192 3709 2228 3769 Am
2276 3711 2326 3771 15.
2346 3711 2415 3771 Mal
2444 3711 2513 3771 1862
2542 3712 2588 3772 als
2621 3714 2704 3774 Sohn
2738 3713 2821 3773 eines
2850 3714 2971 3774 Wiener

2112 3752 2215 3812 Arzies
2239 3750 2385 3810 geboren,
2405 3753 2437 3813 ist
2462 3753 2622 3813 Schnitzler
2646 3752 2806 3812 gleichsalls
2835 3754 2910 3814 Arzl
2930 3754 2976 3814 ge¬

2114 3787 2246 3847 worden.
2268 3789 2306 3849 Er
2332 3789 2426 3849 wirkle
2453 3791 2486 3851 an
2517 3790 2563 3850 der
2585 3792 2744 3852 Poliklinik
2770 3792 2825 3852 und
2851 3793 2872 3853 im
2915 3792 2975 3852 All¬

2117 3828 2258 3888 geemeinen
2298 3828 2533 3888 Kraukenhaus,
2555 3830 2598 3890 bis
2633 3830 2662 3890 er
2693 3830 2740 3890 sich
2774 3830 2847 3890 dann
2882 3833 2976 3893 gänz¬

2107 3866 2151 3926 lich
2183 3866 2232 3926 der
2260 3866 2507 3926 Schriftstellerei
2530 3866 2678 3926 widmete.
2701 3867 2763 3927 Aus
2795 3869 2844 3929 der
2867 3871 2974 3931 großen

2109 3905 2186 3965 Fülle
2219 3905 2462 3965 Schnitzlerscher
2495 3907 2596 3967 Werke
2628 3906 2701 3966 seien
2739 3908 2802 3968 hier
2840 3909 2894 3969 nur
2927 3911 2973 3971 die

2110 3943 2277 4003 wichtlysten
2320 3946 2575 4006 bervorgehoben,
2626 3947 2676 4007 von
2740 3947 2789 4007 den
2828 3947 2974 4007 Thealer¬

2112 3982 2205 4042 stücken
2243 3983 2403 4043 „Anatol".
2427 3983 2605 4043 „Liebelci",
2629 3986 2709 4046 „Der
2733 3986 2826 4046 junge
2850 3986 2976 4046 Medar¬

2107 4022 2210 4082 dus".

2258 4023 2431 4083 „Professor
2461 4024 2673 4084 Vernhardi“,

2730 4027 2890 4087 „Komödic
2923 4027 2973 4087 der

2115 4060 2241 4120 Worte",
2302 4063 2386 4123 „Der
2415 4063 2481 4123 Ruf
2509 4063 2556 4123 des
2589 4063 2734 4123 Lebene",

2794 4066 2880 4126 „Fink
2911 4066 2966 4126 und

2115 4102 2330 4162 Fliederbusch"
2369 4102 2425 4162 und
2469 4103 2565 4163 „Der
2599 4107 2804 4167 Reigen",
2833 4105 2880 4165 der
2919 4105 2966 4165 als
