3392 4352
202 372 318 432 12.
378 376 974 436 Schnitzler's
1044 380 1267 440 Death

1491 380 1619 440 box
1692 383 1885 443 42/9

2610 344 2694 404 23.
2715 352 2847 412 OKT.
2867 367 2971 427 1527

2163 382 2268 442 vom:

2234 489 2332 549 Artur
2365 491 2545 551 Schnitzler
2579 491 2750 551 gestorben.

2271 553 2391 613 Gestern
2429 553 2537 613 abends
2568 556 2604 616 ist
2629 556 2677 616 der
2702 556 2823 616 Dichter
2848 556 2915 616 Tr.
2940 556 3036 616 Artur

2227 602 2480 662 Schnitzler,
2513 604 2576 664 wen
2598 604 2629 664 ge
2667 604 2804 664 Monate
2847 604 2904 664 vor
2942 606 3037 666 Voll¬

2226 650 2354 710 endung
2386 652 2484 712 seines
2515 652 2569 712 70.
2600 655 2843 715 Lebensjahres,
2867 657 3019 717 gestorlen

2200 759 2309 819 Der
2372 766 2618 826 Dichter
2669 768 2914 828 Arthur

2213 870 2529 930 Schnitzler
2586 872 2916 932 gestorben

2198 936 2276 996 Fast
2304 936 2344 996 70
2384 938 2484 998 Jahre
2524 939 2584 999 alt,
2611 940 2650 1000 ist
2678 942 2790 1002 gestern
2831 942 2884 1002 der
2918 942 2964 1002 be¬

2161 983 2264 1043 kannte
2302 983 2430 1043 Wiener
2462 986 2584 1046 Dichter
2622 989 2744 1049 Arthur
2775 991 2959 1051 Schnitz¬

2154 1031 2218 1091 ler
2252 1034 2425 1094 gestorben.
2448 1033 2490 1093 Er
2523 1034 2588 1094 war
2621 1037 2691 1097 Zeit
2714 1037 2810 1097 seines
2844 1040 2957 1100 Lebens

2157 1077 2206 1137 der
2236 1083 2477 1143 repräsentative
2502 1084 2625 1144 Dichter
2655 1087 2733 1147 einer
2763 1088 2964 1148 untergehen¬

2153 1125 2206 1185 den
2243 1130 2339 1190 Welt.
2366 1132 2424 1192 Die
2456 1133 2636 1193 besonderen
2674 1136 2881 1196 Verhältnisse
2914 1136 2961 1196 der

2158 1180 2480 1240 feudal=bürgerlichen
2518 1183 2671 1243 Dekadenz
2698 1181 2745 1241 der
2778 1183 2963 1243 altösterrei¬

2159 1227 2273 1287 chischen
2306 1230 2489 1290 Monarchie
2517 1231 2783 1291 widerspiegelnd,
2811 1234 2859 1294 hat
2887 1234 2962 1294 seine

2154 1276 2308 1336 Dichtung
2336 1279 2413 1339 schon
2447 1279 2480 1339 zu
2514 1279 2635 1339 Anfang
2669 1280 2762 1340 seines
2791 1281 2957 1341 Schaffens

2156 1324 2182 1384 in
2215 1324 2270 1384 den
2303 1327 2585 1387 Neunzigerjahren
2624 1327 2672 1387 des
2706 1327 2830 1387 vorigen
2864 1329 2966 1389 Jahr¬

2156 1371 2325 1431 hunderts,
2358 1374 2450 1434 nichts
2492 1374 2553 1434 von
2596 1377 2646 1437 dem
2704 1376 2853 1436 kritischen
2900 1376 2957 1436 und

2155 1421 2342 1481 aggressiven
2376 1422 2464 1482 Geist
2498 1422 2547 1482 des
2581 1425 2730 1485 deutschen
2775 1422 2962 1482 Naturalis¬

2159 1469 2223 1529 mus
2256 1470 2342 1530 dieser
2369 1472 2434 1532 Zeit
2456 1472 2601 1532 gekannt,
2623 1473 2671 1533 der
2694 1473 2758 1533 eine
2785 1473 2860 1533 lezte
2883 1470 2963 1530 Auf¬

2156 1518 2284 1578 lehnung
2321 1522 2404 1582 gegen
2435 1520 2486 1580 den
2523 1519 2647 1579 Verfall
2679 1521 2725 1581 der
2751 1519 2958 1579 bürgerlichen

2155 1562 2252 1622 Kunst
2284 1565 2448 1625 darstellte.
2474 1565 2644 1625 Schnitzler
2675 1565 2731 1625 hat
2763 1567 2788 1627 im
2835 1568 2958 1628 Gegen¬

2153 1607 2207 1667 teil
2233 1611 2343 1671 immer
2379 1611 2433 1671 mit
2459 1613 2614 1673 zärtlicher
2650 1613 2730 1673 Liebe
2761 1613 2836 1673 diese
2861 1614 2956 1674 Men¬

2154 1658 2226 1718 schen
2284 1658 2368 1718 einer
2414 1661 2746 1721 verfaulenden
2781 1663 2955 1723 Gesell¬

2158 1706 2282 1766 schaft
2322 1706 2373 1766 die
2408 1709 2623 1769 aussterbende
2658 1711 2873 1771 Aristokratie,
2902 1712 2957 1772 das

2154 1753 2197 1813 ihr
2230 1754 2262 1814 na
2279 1753 2473 1813 ichstrebende
2502 1756 2680 1816 Bürgertum
2724 1758 2783 1818 und
2810 1757 2870 1817 alle
2897 1759 2962 1819 ihre

2160 1804 2321 1864 „seelischen
2350 1804 2534 1864 Probleme"
2564 1806 2748 1866 geschildert.
2772 1807 2858 1867 Zwei
2881 1807 2962 1867 The¬

2157 1850 2220 1910 men
2249 1852 2429 1912 beherrschen
2464 1852 2539 1912 seine
2563 1853 2684 1913 Werke:
2702 1853 2760 1913 Die
2790 1855 2876 1915 Liebe
2912 1855 2957 1915 end

2156 1897 2205 1957 der
2233 1898 2315 1958 Tod.
2338 1899 2437 1959 Seine
2465 1900 2625 1960 Menschen
2659 1903 2763 1963 fohren
2803 1903 2841 1963 ein
2880 1902 2957 1962 nutz¬

2157 1947 2226 2007 loses
2267 1946 2376 2006 Leben,
2406 1947 2446 2007 sie
2475 1950 2636 2010 verzetteln
2678 1950 2729 2010 sch
2759 1950 2787 2010 in
2828 1950 2949 2010 tausend

2155 1998 2359 2058 „Liebeleien"
2400 1995 2450 2055 und
2485 1998 2513 2058 so
2542 1998 2604 2058 sind
2633 1997 2684 2057 die
2707 1997 2758 2057 sich
2787 1999 2861 2059 ewig
2890 2001 2963 2061 wie¬

2148 2046 2348 2106 derholenden
2387 2045 2544 2105 Gestalten
2582 2046 2609 2106 in
2648 2046 2838 2106 Schnitzlers
2871 2047 2957 2107 Wer¬

2150 2094 2193 2154 ken
2242 2094 2290 2154 der
2335 2095 2654 2155 weltschmerzlerische
2692 2097 2854 2157 Genießer
2893 2097 2952 2157 und

2151 2141 2201 2201 das
2241 2143 2326 2203 „süße
2355 2141 2479 2201 Wiener
2509 2144 2661 2204 Mädel",
2684 2144 2729 2204 die
2759 2144 2837 2204 beide
2872 2144 2956 2204 durch

2156 2189 2226 2249 seine
2259 2190 2458 2250 Darstellung
2492 2192 2539 2252 als
2572 2192 2696 2252 Wiener
2724 2192 2826 2252 Typen
2859 2192 2956 2252 Welt¬

2148 2239 2354 2299 berühmtheit
2387 2238 2513 2298 erlangt
2546 2240 2656 2300 haben.
2683 2240 2762 2300 Doch
2800 2240 2873 2300 über
2911 2240 2953 2300 all

2148 2288 2241 2348 dieser
2270 2288 2413 2348 „Wiener
2436 2288 2580 2348 Anmut"
2608 2288 2729 2348 schwebt
2752 2289 2951 2349 wehmütiger

2147 2335 2392 2395 Todesschauer,
2442 2338 2670 2398 Resignation,
2720 2338 2953 2398 verzweiseinde

2153 2381 2297 2441 Slepsis:

2190 2444 2272 2504 „Wir
2303 2440 2404 2500 wissen
2440 2440 2528 2500 nichts
2565 2441 2618 2501 von
2654 2443 2791 2503 andern,
2815 2443 2903 2503 nichts

2723 2489 2783 2549 von
2831 2490 2910 2550 uns.

2185 2535 2256 2595 Wir
2287 2535 2395 2595 spielen
2433 2535 2564 2595 immer,
2589 2538 2649 2598 wer
2687 2538 2716 2598 es
2747 2538 2843 2598 weiß,
2873 2537 2909 2597 ist

2797 2584 2902 2644 klug."

2182 2640 2251 2700 Das
2283 2640 2383 2700 Spiel
2405 2640 2457 2700 des
2490 2643 2606 2703 Lebens
2638 2643 2723 2703 einer
2750 2643 2956 2703 verlogenen,

2149 2691 2347 2751 zerfallenden
2381 2691 2579 2751 Gesellschaft
2608 2691 2688 2751 stellt
2717 2692 2881 2752 Schnitzler
2898 2691 2954 2751 auf

2143 2735 2185 2795 die
2212 2738 2344 2798 Bühne.
2360 2738 2455 2798 Seine
2483 2741 2636 2801 Dichtung
2663 2738 2725 2798 war
2752 2740 2863 2800 immer
2890 2740 2948 2800 nur

2142 2783 2193 2843 der
2217 2789 2623 2849 Schwanengesang
2653 2786 2721 2846 des
2752 2788 2948 2848 Bürger¬

2136 2835 2274 2895 tums.
2308 2836 2362 2896 Ist
2397 2834 2424 2894 er
2463 2837 2602 2897 anfangs
2642 2837 2747 2897 damit
2781 2837 2830 2897 oft
2892 2836 2953 2896 auf

2140 2884 2329 2944 Widerstand
2369 2885 2502 2945 gestoßen
2548 2885 2591 2945 bei
2631 2885 2742 2945 denen,
2776 2886 2821 2946 die
2861 2885 2943 2945 ihren

2145 2932 2318 2992 Untergang
2346 2932 2406 2992 und
2428 2933 2520 2993 dessen
2548 2935 2765 2995 künstlerischen
2798 2932 2950 2992 Ausdruck

2144 2980 2217 3040 nicht
2246 2981 2331 3041 wahr
2366 2981 2450 3041 haben
2491 2980 2632 3040 wollten,
2661 2983 2683 3043 so
2717 2982 2751 3042 ist
2780 2980 2943 3040 Schnitzler

2140 3030 2255 3090 später,
2279 3030 2313 3090 da
2343 3031 2423 3091 seine
2453 3031 2608 3091 „Analyse
2638 3031 2689 3091 des
2719 3030 2851 3090 Lebens"
2893 3028 2938 3088 den

2136 3080 2278 3140 ge'stigen
2326 3079 2545 3139 Bedürfnissen
2587 3079 2669 3139 eines
2712 3082 2954 3142 übersättigten,

2136 3126 2400 3186 ästhetisierenden
2440 3126 2627 3186 Publikums
2672 3128 2843 3188 entsprach,
2877 3130 2926 3190 zum

2140 3174 2343 3234 Modedichter
2372 3174 2417 3234 der
2440 3177 2643 3237 Bourgeoisie
2666 3177 2841 3237 geworden.

2184 3222 2242 3282 Die
2273 3225 2472 3285 bürgerlichen
2508 3226 2678 3286 Zeitungen
2714 3225 2843 3285 widmen
2879 3225 2926 3285 ihm

2140 3273 2325 3333 seitenlange
2361 3273 2518 3333 Nachrufe
2559 3276 2762 3336 Bezeichnend
2803 3274 2855 3334 für
2891 3273 2942 3333 das

2139 3321 2361 3381 vollkommene
2395 3323 2551 3383 Aufgeben
2590 3323 2668 3383 jedes
2708 3322 2936 3382 proletarischen

2136 3368 2373 3428 Standpunktes
2412 3368 2478 3428 auch
2522 3371 2578 3431 auf
2612 3371 2832 3431 künstlerischem
2882 3368 2943 3428 Ge¬

2139 3416 2196 3476 biet
2231 3416 2271 3476 ist
2300 3416 2346 3476 die
2381 3417 2588 3477 Beurteilung
2630 3418 2814 3478 Schnitzlers
2855 3419 2935 3479 durch

2136 3465 2181 3525 die
2217 3465 2575 3525 „Arbeiter=Zeitung":
2604 3466 2806 3526 „Schnitzlers
2835 3467 2945 3527 Werke

2136 3513 2199 3573 sind
2223 3514 2280 3574 tief
2298 3515 2349 3575 ins
2379 3515 2453 3575 Volk
2477 3515 2674 3575 georungen,
2692 3515 2778 3575 haben
2813 3515 2859 3575 die
2883 3515 2940 3575 gei¬

2133 3562 2206 3622 stige
2235 3562 2449 3622 Entwicklung
2490 3562 2568 3622 einer
2603 3562 2795 3622 Generation
2841 3559 2942 3619 geför¬

2138 3610 2202 3670 dert
2230 3610 2283 3670 uno
2311 3610 2370 3670 sind
2403 3610 2483 3670 einer
2511 3610 2624 3670 andern
2652 3610 2721 3670 noch
2749 3610 2862 3670 immer
2884 3610 2943 3670 un¬

2136 3658 2268 3718 veraltet
2304 3654 2373 3714 (!)."
2408 3655 2478 3715 Wie
2513 3658 2605 3718 lange
2641 3658 2681 3718 ist
2710 3656 2739 3716 es
2780 3658 2855 3718 her,
2885 3658 2930 3718 daß

2130 3709 2236 3769 Franz
2266 3709 2472 3769 Mehring
2502 3708 2531 3768 in
2567 3706 2614 3766 den
2650 3707 2850 3767 Zeitschriften
2886 3703 2938 3763 der

2135 3756 2584 3816 Vorkr'egssozialdemokratie
2612 3756 2765 3816 marxistis
2777 3754 2810 3814 he
2829 3753 2941 3813 Litera¬

2130 3804 2272 3864 turkritik
2301 3802 2402 3862 schrieb
2443 3801 2499 3861 und
2539 3804 2692 3864 forderte:
2722 3801 2823 3861 „Man
2864 3801 2931 3861 muß

2134 3852 2160 3912 in
2187 3852 2266 3912 jedem
2309 3851 2457 3911 einzelnen
2490 3852 2579 3912 Falle
2607 3851 2818 3911 untersuchen,
2841 3850 2940 3910 welche

2130 3899 2280 3959 Stellung
2314 3899 2389 3959 diese
2422 3898 2601 3958 literarische
2634 3897 2785 3957 Richtung
2818 3899 2845 3959 in
2883 3897 2931 3957 den

2126 3947 2524 4007 Klassenkämpfen
2559 3945 2638 4005 ihrer
2667 3947 2735 4007 Zeit
2758 3944 2945 4004 einnimmt.

2130 3992 2194 4052 Das
2238 3992 2318 4052 heißt
2351 3994 2443 4054 nicht,
2476 3992 2524 4052 die
2557 3994 2714 4054 Literatur
2752 3993 2838 4053 unter
2876 3992 2930 4052 das

2133 4043 2202 4103 Joch
2237 4040 2288 4100 der
2318 4042 2491 4102 politischen
2532 4043 2676 4103 Tendenz
2706 4043 2838 4103 beugen,
2868 4040 2931 4100 son¬

2128 4088 2199 4148 dern
2233 4089 2265 4149 es
2300 4091 2382 4151 heißt
2410 4091 2465 4151 auf
2499 4091 2543 4151 die
2571 4091 2776 4151 gemeinsame
2810 4089 2937 4149 Wurzel

2124 4138 2204 4198 aller
2239 4139 2377 4199 geistigen
2419 4141 2656 4201 Anschauungen
2697 4138 2927 4198 zurückgehen."

2798 4192 2835 4252 h.
2860 4191 2891 4251 g.
