3392 4320
826 91 1107 151 Tirtt
1312 103 2039 163 Sumeier,

2152 108 2255 168 ei
2457 112 2939 172 Piomer

825 260 1025 320 deS

1165 267 2104 327 Prauenrechtes

441 363 489 423 Es
538 369 613 429 gibt
663 372 813 432 Dichter,
857 374 948 434 deren
981 377 1132 437 Aufgabe
1181 374 1234 434 sich
1278 375 1332 435 vom
1375 377 1591 437 Allgemeinen
1618 380 1666 440 bis
1694 379 1747 439 ins
1775 383 2001 443 Persönlichste
2023 386 2131 446 einge¬

2166 387 2229 447 und
2262 389 2383 449 Feinste
2431 389 2500 449 ihre
2554 391 2745 451 Empörung
2803 392 2898 452 gegen
2952 391 3020 451 ihre

380 411 468 471 darin
508 413 640 473 erfüllt,
665 414 714 474 die
749 419 1062 479 Ausdrucksformen
1102 421 1156 481 für
1186 418 1234 478 die
1269 417 1461 477 drungenen
1491 424 1716 484 Herrschsucht,
1736 426 2129 486 Unterdrückungspraxis

2167 430 2269 490 eigene
2298 433 2583 493 untergeordnete,
2607 435 2845 495 nebensächliche
2879 434 2939 494 und
2972 432 3023 492 ab¬

381 455 557 515 Probleme
593 458 658 518 und
699 461 880 521 Erlebnisse
921 464 1118 524 bestimmter
1154 466 1244 526 Zeit¬

1277 461 1336 521 und
1382 464 1653 524 Ungerechtigkeit
1694 465 1788 525 dieses
1829 470 2135 530 Menschenschlags.

2168 476 2299 536 hängige
2325 476 2532 536 Lebensrolle
2563 477 2771 537 mitgefühlt,
2812 476 2897 536 ihren
2933 476 3024 536 Kon¬

379 500 570 560 abschnitte,
638 503 840 563 bestimmter
892 509 1139 569 Generationen
1202 507 1229 567 zu
1276 502 1348 562 Mit
1372 507 1596 567 unheimlicher
1625 511 1777 571 Klugheit
1806 509 1856 569 hat
1885 512 2053 572 Schnitzler
2082 515 2132 575 die

2172 516 2238 576 flikt
2265 516 2404 576 zwischen
2446 516 2497 576 dem
2549 518 2678 578 Manne
2715 518 2843 578 gleicher
2875 520 3019 580 sexueller

377 545 512 605 finden.
555 545 718 605 Kommen
756 549 835 609 neue
868 551 981 611 Zeiten
1042 552 1103 612 und
1159 551 1243 611 neue

1276 545 1333 605 alte
1366 548 1572 608 Gesellschaft
1600 554 1811 614 bloßgestellt,
1838 554 2023 614 unheimlich
2061 556 2118 616 dar

2170 557 2306 617 Gefühle
2337 559 2396 619 und
2453 560 2635 620 ungleichen
2691 560 2842 620 sexuellen
2883 560 3029 620 Rechten,

380 586 647 646 Generationen,
700 590 752 650 die
806 593 910 653 andre
944 595 1126 655 Interessen
1174 594 1236 654 und

1274 587 1343 647 um,
1389 588 1465 648 weil
1491 588 1521 648 er
1552 591 1586 651 sie
1617 593 1642 653 in
1673 595 1763 655 ihrem
1809 595 1935 655 eigenen
1971 595 2057 655 Stil,
2098 598 2127 658 in

2170 600 2252 660 ihren
2283 601 2361 661 alten
2397 601 2547 661 Wunsch,
2568 600 2619 660 das
2651 601 2868 661 beleidigende
2894 603 3028 663 Unrecht

374 631 516 691 Kämpfe
572 632 699 692 haben,
751 635 781 695 so
817 637 944 697 werden
985 637 1066 697 diese
1102 638 1229 698 Dichter

1274 631 1359 691 ihrem
1404 631 1530 691 eigenen
1565 636 1671 696 höflich
1702 637 1822 697 leichten
1858 640 2129 700 Konversations¬

2173 641 2222 701 der
2253 643 2470 703 Prostitution
2531 644 2561 704 zu
2602 644 2728 704 rächen,
2779 644 2839 704 mit
2865 646 3006 706 Gleichem

1276 672 1319 732 ton
1358 678 1559 738 bloßgestellt
1587 680 1657 740 hat.
1679 680 1776 740 Stück
1804 679 1859 739 für
1892 680 1989 740 Stück
2017 681 2076 741 hat
2098 683 2130 743 er

379 673 467 733 wenn
508 676 576 736 auch
611 676 694 736 nicht
725 679 907 739 vergessen,
957 683 986 743 so
1016 683 1084 743 doch
1120 682 1144 742 in
1184 682 1233 742 den

2168 687 2421 747 heimzuzahlen,
2470 686 2501 746 so
2560 685 2623 745 wie
2650 685 2681 745 es
2719 687 2750 747 in
2788 688 2872 748 einem
2926 688 3025 748 seiner

381 718 608 778 Hintergrund
673 722 757 782 alter
791 726 1050 786 Erinnerungen
1110 725 1239 785 zurück-
1272 717 1324 777 die
1350 718 1538 778 Vorurteile
1591 723 1649 783 und
1682 724 1883 784 Autoritäten
1923 723 1974 783 des
2027 725 2131 785 neun¬

2169 727 2261 787 letzten
2297 730 2418 790 Werke,
2442 728 2558 788 „Spiel
2582 730 2610 790 im
2651 732 2959 792 Morgengrauen,
2977 729 3028 789 ge¬

375 763 556 823 gedrängt.
576 764 650 824 Nur
676 763 744 823 wer
770 766 819 826 den
858 769 1052 829 schaffenden
1084 770 1234 830 Künstler
1272 758 1403 818 zehnten
1441 764 1685 824 Jahrhunderts
1718 766 1861 826 entlarvt
1893 766 1955 826 und
1981 766 2130 826 unschäd¬

2170 769 2310 829 schildert
2333 772 2430 832 wird.

1274 801 1323 861 lich
1359 804 1510 864 gemacht,
1536 806 1616 866 ohne
1647 807 1763 867 Lärm,
1789 807 1859 867 aber
1895 807 1929 867 um
1980 809 2005 869 so
2041 810 2131 870 wirk¬

380 804 444 864 mit
470 805 525 865 dem
576 807 671 867 engen
712 809 796 869 Blick
827 810 882 870 des
918 814 1234 874 Individualismus

2229 813 2294 873 Der
2321 813 2477 873 Anspruch
2511 813 2559 873 der
2587 813 2662 873 Frau
2700 816 2754 876 auf
2782 813 2906 873 gleiches
2934 813 3025 873 Recht

1275 843 1390 903 samer,
1415 846 1490 906 ohne
1521 849 1601 909 Lärm
1647 849 1712 909 auch
1747 851 1807 911 auf
1833 849 1878 909 die
1913 849 2034 909 Gefahr
2064 852 2109 912 hin

380 849 454 909 oder
505 849 570 909 mit
621 851 676 911 dem
742 855 1008 915 unterwürfigen
1049 857 1134 917 Blick
1184 854 1234 914 des

2166 852 2191 912 in
2223 853 2439 913 Gesellschaft,
2471 855 2589 915 Arbeit
2626 857 2688 917 und
2725 856 2817 916 Liebe
2859 855 2926 915 war
2968 856 3019 916 für

1272 883 1329 943 daß
1367 888 1498 948 soundso
1535 891 1614 951 viele
1646 891 1724 951 seine
1756 893 2003 953 revolutionäre
2036 896 2124 956 Rolle
2163 896 2341 956 Schnitzler
2373 897 2767 957 Selbstverständlichkeit.
2789 898 2836 958 Er
2863 899 2904 959 ist
2926 899 2957 959 es
2989 898 3015 958 in

380 894 757 954 Persönlichkeitskultes
793 900 984 960 betrachtet,
1031 902 1109 962 wird
1145 900 1233 960 darin

1271 928 1443 988 verkennen
1482 933 1545 993 und
1584 934 1742 994 übersehen
1786 933 1935 993 mußten.

2164 939 2294 999 unserer
2325 940 2400 1000 Zeit
2447 941 2517 1001 noch
2573 941 2689 1001 immer
2740 942 2820 1002 nicht
2866 940 2947 1000 ganz
2977 940 3027 1000 ge¬

378 936 425 996 ein
457 939 595 999 Unrecht
622 940 727 1000 sehen.
750 942 818 1002 Daß
850 944 903 1004 die
925 945 1004 1005 Zeit
1026 945 1062 1005 an
1094 945 1147 1005 der
1174 942 1242 1002 per¬

1331 973 1510 1033 Schnitzler
1559 976 1618 1036 hat
1668 978 1716 1038 die
1749 976 1809 1036 alte
1842 978 2048 1038 Gesellschaft
2075 979 2129 1039 vor

2166 982 2311 1042 worden.
2337 982 2408 1042 Und
2444 983 2544 1043 darum
2596 983 2716 1043 können
2757 982 2817 1042 wir
2848 984 3019 1044 Schnitzler

382 981 526 1041 sönlichen
568 982 712 1042 Geltung
759 983 811 1043 des
853 987 1012 1047 einzelnen
1060 988 1137 1048 rasch
1174 988 1235 1048 und

1272 1012 1351 1072 allem
1397 1010 1407 1070 —
1458 1014 1518 1074 und
1549 1016 1604 1076 das
1629 1017 1669 1077 ist
1690 1018 1745 1078 sein
1776 1019 2022 1079 entscheidendes
2053 1019 2133 1079 Ver¬

2168 1023 2245 1083 nicht
2292 1025 2343 1085 als
2396 1023 2452 1083 den
2484 1025 2649 1085 Vertreter
2701 1025 2784 1085 alter
2816 1025 2919 1085 Zeiten
2976 1023 3027 1083 be¬

369 1025 490 1085 immer
547 1025 668 1085 rascher
699 1025 943 1085 vorübergeht,
995 1031 1243 1091 beeinträchtigt

1270 1055 1372 1115 dienst
1394 1053 1403 1113 —
1461 1056 1487 1116 in
1518 1058 1600 1118 ihrer
1627 1061 1828 1121 ungeheuren
1860 1064 2133 1124 Ungerechtigkeit

2168 1067 2322 1127 trachten,
2343 1066 2472 1126 sondern
2508 1067 2621 1127 müssen
2658 1069 2688 1129 in
2725 1067 2776 1127 ihm
2823 1070 2905 1130 einen
2947 1070 3024 1130 Pio¬

378 1070 462 1130 nicht
484 1068 510 1128 im
559 1070 728 1130 mindesten
766 1073 865 1133 seinen
904 1073 993 1133 Wert
1020 1074 1073 1134 für
1100 1074 1147 1134 die
1174 1073 1242 1133 All¬

1270 1100 1449 1160 gegenüber
1476 1101 1526 1161 der
1553 1103 1634 1163 Frau
1666 1106 1820 1166 entlarvt.
1841 1106 1959 1166 Keiner
1990 1106 2041 1166 hat
2067 1107 2123 1167 wie
2166 1107 2237 1167 nier
2263 1109 2371 1169 sehen,
2387 1109 2438 1169 den
2469 1110 2623 1170 stillen
2659 1109 2854 1169 Pionier
2891 1112 3019 1172 einer

378 1112 594 1172 gemeinheit.
641 1115 749 1175 Darin
790 1117 873 1177 liegt
910 1115 935 1175 ja
977 1116 1038 1176 erst
1069 1117 1120 1177 der
1157 1117 1239 1177 volle

1274 1139 1301 1199 er
1328 1142 1376 1202 die
1405 1144 1512 1204 Frau,
1535 1145 1621 1205 dieses
1655 1148 1801 1208 klassische
1829 1148 1942 1208 Objekt
1970 1148 2019 1208 der
2046 1150 2138 1210 laut¬

2167 1151 2295 1211 Idee,
2311 1151 2399 1211 deren
2430 1151 2554 1211 Kampf
2575 1153 2641 1213 noch
2673 1153 2698 1213 im
2740 1151 2859 1211 hellsten
2890 1154 3024 1214 Schlag¬

375 1154 477 1214 Sieg,
505 1157 553 1217 der
587 1158 683 1218 ganze
711 1160 966 1220 Wirklichkeits=
993 1160 1058 1220 und
1086 1161 1242 1221 Nützlich¬

1270 1181 1316 1241 los
1347 1184 1491 1244 höflichen
1528 1190 1780 1250 Unterdrückung
1812 1190 1868 1250 und
1900 1193 2131 1253 Entwertung,

2166 1191 2234 1251 licht
2261 1193 2313 1253 der
2340 1195 2525 1255 Aktualität
2552 1195 2652 1255 steht:
2679 1195 2763 1255 einen
2800 1195 2937 1255 Pionier
2969 1195 3016 1255 des

374 1201 570 1261 keitsgehalt
604 1201 656 1261 der
689 1203 805 1263 großen
849 1204 1018 1264 Leistung,
1046 1206 1120 1266 daß
1158 1204 1237 1264 das

1271 1225 1331 1285 wie
1359 1225 1397 1285 sie
1426 1227 1475 1287 für
1503 1228 1557 1288 das
1586 1232 1768 1292 Bürgertum
1813 1232 2050 1292 kennzeichnend
2078 1233 2133 1293 ist,
2161 1240 2819 1300 Gerechtigkeitsgedankens
2853 1242 2891 1302 in
2946 1240 3023 1300 der

369 1243 499 1303 Neue
553 1247 639 1307 zum
695 1249 1231 1309 Selbstverständlichen

1277 1270 1475 1330 verstanden.
1497 1273 1613 1333 Keiner
1642 1276 1696 1336 hat
1719 1276 1774 1336 wie
1802 1278 1829 1338 er
1857 1276 1906 1336 bis
1929 1279 1983 1339 ins
2007 1279 2128 1339 Tiefste
2161 1279 2349 1339 Erotik.

376 1288 511 1348 wird,
555 1288 614 1348 das
647 1290 854 1350 Persönliche
908 1290 968 1350 der
1001 1292 1234 1352 schöpferischen

373 1333 460 1393 Idee
497 1330 527 1390 im
579 1333 796 1393 Namenlosen
858 1334 914 1394 der
951 1336 1229 1396 fortschreitenden

373 1375 584 1435 Gesamtheit
632 1376 792 1436 aufgeht.
834 1377 958 1437 Damit
989 1381 1145 1441 geschieht
1171 1381 1222 1441 dem

373 1419 520 1479 Dichter,
548 1418 600 1478 der
633 1419 717 1479 einst
744 1419 770 1479 im
818 1422 1046 1482 Mittelpunkt
1073 1422 1126 1482 der
1158 1421 1242 1481 Auf¬

378 1462 599 1522 merksamkeit
625 1463 732 1523 stand,
759 1464 831 1524 noch
862 1465 965 1525 lange
996 1466 1057 1526 kein
1094 1467 1243 1527 Unrecht,

373 1505 465 1565 wenn
502 1506 553 1566 die
585 1507 662 1567 Zeit
688 1505 724 1565 an
766 1505 817 1565 ihm
864 1509 1107 1569 vorübergeht,
1133 1512 1236 1572 sobald

378 1551 427 1611 die
458 1551 655 1611 Probleme,
681 1551 776 1611 denen
817 1552 847 1612 er
878 1554 1049 1614 Ausdruck
1080 1556 1161 1616 gab,
1186 1554 1241 1614 der

378 1596 648 1656 Vergangenheit
679 1596 890 1656 angehören.
916 1597 976 1657 Ein
1017 1599 1157 1659 Unrecht
1188 1600 1237 1660 ge¬

376 1637 483 1697 schieht
510 1637 561 1697 ihm
608 1637 670 1697 nur
696 1640 804 1700 dann,
826 1640 918 1700 wenn
955 1640 1037 1700 seine
1064 1643 1239 1703 Stellung¬

366 1682 484 1742 nahme
525 1682 812 1742 mißverstanden,
862 1685 950 1745 seine
985 1687 1237 1747 revolutionäre

370 1724 465 1784 Rolle
492 1725 651 1785 verkannt
679 1727 778 1787 wird,
800 1729 890 1789 wenn
928 1730 975 1790 die
1003 1730 1076 1790 Zeit
1104 1730 1135 1790 an
1172 1730 1219 1790 ihm

372 1769 610 1829 vorübergeht,
659 1771 733 1831 noch
792 1772 892 1832 lange

955 1772 1105 1832 bevor
1182 1775 1235 1835 die

375 1811 531 1871 Kämpfe,
570 1812 608 1872 an
662 1815 759 1875 denen
815 1815 846 1875 er
896 1817 960 1877 teil
1004 1820 1107 1880 hatte,
1146 1821 1237 1881 abge¬

376 1856 516 1916 schlossen
552 1856 639 1916 sind.

433 1916 502 1976 Das
544 1917 584 1977 ist
614 1920 665 1980 es,
689 1920 759 1980 was
795 1919 841 1979 die
876 1924 1063 1984 Beziehung
1098 1921 1232 1981 unserer

374 1960 576 2020 Generation
639 1968 672 2028 zu
735 1966 847 2026 Artur
899 1969 1078 2029 Schnitzler
1136 1968 1237 2028 kenn¬

373 2005 525 2065 zeichnet:
580 2006 623 2066 ein
662 2008 797 2068 bloßes,
847 2011 1026 2071 einfaches,
1070 2012 1124 2072 bis
1179 2014 1238 2074 zur

374 2049 495 2109 Tragik
546 2049 746 2109 ärgerliches
786 2053 1097 2113 Mißverständnis.
1148 2055 1225 2115 Man

370 2092 428 2152 hat
461 2093 566 2153 seiner
598 2095 815 2155 dichterischen
858 2098 1022 2158 Eigenart
1076 2098 1149 2158 eine
1187 2096 1239 2156 be¬

372 2136 485 2196 queme
564 2136 702 2196 Etikette
781 2139 967 2199 überklebt.
1040 2142 1231 2202 Schnitzlers

372 2181 492 2241 Bücher
548 2181 659 2241 galten
700 2182 750 2242 als
786 2186 1105 2246 Ausdrucksformen
1151 2186 1236 2246 einer

367 2222 482 2282 müden
524 2225 649 2285 Ironie
712 2225 774 2285 und
816 2228 1015 2288 geistreichen
1057 2228 1239 2288 Verspielt¬

370 2264 452 2324 heit,
478 2269 524 2329 als
545 2269 860 2329 Ausdrucksformen
902 2271 953 2331 der
984 2275 1236 2335 übersättigten,

373 2310 444 2370 faul
481 2310 754 2370 genießerischen,
785 2315 997 2375 verhätschelt
1028 2318 1234 2378 melancholi¬

373 2355 452 2415 schen
489 2357 715 2417 Stimmung,
769 2358 795 2418 in
838 2359 895 2419 der
927 2360 979 2420 sich
1017 2360 1069 2420 die
1101 2362 1233 2422 Wiener

368 2402 672 2462 Großbourgeoisie
722 2402 820 2462 gegen
879 2404 972 2464 Ende
1022 2403 1075 2463 des
1130 2406 1233 2466 neun¬

372 2446 498 2506 zehnten
536 2444 795 2504 Jahrhunderts
828 2445 965 2505 befand.
992 2447 1061 2507 Also
1093 2449 1140 2509 als
1172 2449 1235 2509 un¬

370 2488 571 2548 zeitgemäß,
603 2489 654 2549 dem
712 2491 887 2551 modernen
929 2492 1120 2552 Menschen,
1172 2493 1229 2553 vor

370 2532 449 2592 allem
518 2532 570 2592 dem
640 2534 697 2594 auf
750 2535 977 2595 proletarische
1009 2537 1156 2597 Zukunft
1183 2537 1230 2597 ge¬

368 2575 516 2635 richteten
578 2578 743 2638 Menschen
827 2579 926 2639 völlig
988 2581 1236 2641 wesensfremd.

369 2619 466 2679 Diese
489 2620 755 2680 Eigenschaften,
777 2624 836 2684 mit
864 2622 956 2682 denen
995 2623 1076 2683 seine
1098 2626 1239 2686 Bücher,

373 2662 450 2722 seine
481 2664 651 2724 Romane,
673 2666 755 2726 seine
786 2667 941 2727 Novellen
977 2665 1039 2725 und
1070 2667 1230 2727 Theater¬

368 2706 461 2766 stücke
491 2709 608 2769 immer
643 2709 761 2769 wieder
795 2711 1056 2771 gekennzeichnet
1086 2713 1237 2773 wurden,

369 2751 485 2811 treffen
522 2752 586 2812 nur
618 2753 665 2813 die
692 2755 814 2815 Form,
841 2754 919 2814 aber
952 2755 1031 2815 nicht
1058 2755 1115 2815 das
1153 2757 1237 2817 Ziel,

367 2793 483 2853 treffen
526 2798 589 2858 nur
616 2799 668 2859 den
706 2799 938 2859 Gegenstand,
965 2799 1039 2859 aber
1072 2800 1150 2860 nicht
1183 2800 1230 2860 die

373 2840 548 2900 Tendenz.

436 2902 605 2962 Schnitzler
640 2903 694 2963 hat
722 2905 789 2965 wie
823 2906 884 2966 kein
912 2908 1027 2968 andrer
1055 2906 1095 2966 die
1117 2909 1231 2969 Atmo¬

360 2977 547 3037 sphare
594 2973 679 3033 des
721 2976 914 3036 alten,
954 2975 1207 3035 militari

397 3035 642 3095 stischen
693 3034 1201 3094 feudal-kapitali-

399 3091 646 3151 stischen
695 3089 1047 3149 Oesterreich
1091 3088 1202 3148 ver-

366 3148 611 3208 standen,
661 3150 746 3210 hat
790 3148 875 3208 wie
919 3148 1041 3208 kein
1085 3148 1170 3208 an-

362 3205 484 3265 drer
533 3205 612 3265 das
663 3205 975 3265 Instrument
1025 3205 1171 3265 ihrer

366 3261 673 3321 Stimmungen
730 3260 1076 3320 beherrscht.
1120 3261 1207 3321 Ei-

391 3318 444 3378 ne
493 3318 674 3378 andere
722 3318 843 3378 Welt
892 3318 975 3378 hat
1025 3320 1072 3380 er
1121 3319 1205 3379 nie

402 3375 606 3435 gekannt
661 3375 745 3435 und
794 3375 877 3435 nie
926 3375 1173 3435 geschil-

364 3430 514 3490 dert,
557 3429 743 3489 selbst
799 3431 840 3491 in
895 3430 1070 3490 seinen

368 3488 546 3548 längst
590 3486 712 3546 nach
762 3488 872 3548 1918
928 3488 1204 3548 geschrie-

399 3545 548 3605 benen
602 3545 817 3605 Büchern
866 3545 1181 3605 geisternn

358 3604 482 3664 noch
530 3602 612 3662 die
660 3602 944 3662 Leutnants
992 3602 1080 3662 und

364 3659 678 3719 Baronessen
722 3659 906 3719 umher.
928 3656 1041 3716 Aber

366 3715 449 3775 das
498 3715 740 3775 Ergebnis
795 3713 981 3773 seiner
1030 3713 1205 3773 Schil-

366 3772 544 3832 derung
591 3772 677 3832 war
730 3772 879 3832 immer
926 3769 1104 3829 wieder

365 3831 447 3891 das
496 3829 751 3889 gleiche:
793 3829 1114 3889 Aufdeckng

360 3885 443 3945 der
505 3885 911 3945 Verfaultheit,
960 3885 1044 3945 der
1093 3883 1208 3943 Ver-

360 3943 680 4003 logenheit,
731 3944 812 4004 der
857 3943 1076 4003 täglich
1127 3939 1202 3999 ge-

393 3999 581 4059 übten.
