3392 4384
151 324 265 384 2.
323 333 813 393 Schnitzler
871 327 910 387 s
978 324 1207 384 Death

1433 315 1559 375 box
1640 315 1821 375 44/3

2065 303 2281 363 Ausschnitt
2304 305 2362 365 aus
2386 310 2437 370 ie
2452 320 2586 380 Sande

2064 516 2167 576 vom:

2063 634 2377 694 Erinnerung
2426 634 2473 694 an

2368 700 2564 760 Arthur
2603 697 2891 757 Schnitzler

2094 767 2161 827 Man
2198 766 2306 826 müßte
2343 765 2426 825 öfter
2458 766 2494 826 an
2531 766 2577 826 ihn
2619 763 2785 823 erinnern,
2811 761 2899 821 nicht

2056 814 2113 874 nur
2140 812 2254 872 gerade
2281 809 2395 869 heute,
2413 811 2487 871 weil
2506 810 2536 870 es
2558 808 2593 868 an
2625 807 2726 867 diesem
2770 805 2902 865 Herbst¬

2060 858 2107 918 tag
2142 856 2218 916 fünf
2242 855 2343 915 Jahre
2377 852 2463 912 sind,
2488 852 2545 912 daß
2584 851 2617 911 er
2646 849 2905 909 hinübergegan¬

2058 901 2130 961 gen,
2158 900 2212 960 den
2245 900 2405 960 einsamen
2442 897 2537 957 Weg,
2560 895 2615 955 den
2647 894 2679 954 er
2707 894 2793 954 seine
2821 891 2907 951 Men¬

2052 942 2141 1002 schen
2178 945 2208 1005 so
2245 942 2293 1002 oft
2321 942 2424 1002 gehen
2465 940 2544 1000 ließ,
2568 938 2625 998 aus
2662 937 2720 997 den
2756 936 2912 996 Dämme¬

2063 987 2179 1047 rungen
2212 987 2268 1047 des
2301 987 2426 1047 Lebens
2459 986 2482 1046 in
2520 984 2580 1044 das
2632 982 2729 1042 große
2767 981 2911 1041 Dunkel.

2060 1032 2143 1092 Doch
2181 1031 2363 1091 Sohnitzler
2392 1029 2434 1089 ist
2463 1029 2569 1089 dieser
2617 1026 2687 1086 Zeit
2734 1026 2907 1086 abhanden

2060 1076 2270 1136 gekommen,
2331 1077 2363 1137 er
2429 1075 2513 1135 liegt
2579 1072 2756 1132 außerhalb
2827 1070 2910 1130 ihrer

2072 2155 2231 2215 Wünsche
2258 2157 2314 2217 und
2351 2154 2557 2214 Interessen,
2573 2154 2655 2214 ihrer
2687 2152 2913 2212 Forderungen

2070 2203 2127 2263 und
2161 2202 2305 2262 Stürme,
2329 2199 2449 2259 Arthur
2478 2199 2661 2259 Schnitzler
2685 2196 2776 2256 zählt
2796 2195 2829 2255 zu
2863 2193 2915 2253 den

2070 2244 2305 2304 liebwertesten
2342 2241 2510 2301 Menschen
2551 2242 2609 2302 von
2646 2241 2799 2301 gestern.
2827 2238 2917 2298 Seine

2073 2289 2255 2349 Menschen,
2285 2288 2344 2348 wie
2374 2286 2408 2346 er
2439 2287 2482 2347 sie
2512 2286 2640 2346 geliebt
2670 2286 2729 2346 und
2759 2283 2926 2343 geschrie¬

2075 2334 2144 2394 ben,
2168 2334 2228 2394 sind
2256 2334 2335 2394 grau
2363 2331 2558 2391 geworden.
2573 2332 2642 2392 Aus
2666 2330 2749 2390 einer
2778 2325 2912 2385 anderen

2070 2378 2141 2438 Zeit
2166 2378 2308 2438 kommen
2342 2375 2385 2435 sie
2414 2375 2600 2435 manchmal
2624 2375 2648 2435 in
2677 2374 2763 2434 diese
2792 2370 2920 2430 heutige

2070 2423 2129 2483 und
2164 2423 2203 2483 sie
2233 2420 2331 2480 gehen
2366 2420 2434 2480 hier
2465 2419 2508 2479 ein
2539 2417 2642 2477 wenig
2672 2417 2770 2477 fremd
2800 2414 2932 2474 umher,

2071 2469 2128 2529 mit
2181 2465 2300 2525 großen
2358 2462 2420 2522 und
2488 2462 2731 2522 verwunderten
2795 2458 2928 2518 Augen,

2073 2512 2149 2572 denn
2188 2510 2235 2570 die
2270 2510 2341 2570 Zeit
2390 2510 2476 2570 ihrer
2514 2505 2792 2565 Abendstunden,
2841 2502 2926 2562 ihrer

2068 2556 2241 2616 zärtlichen
2276 2555 2483 2615 Gespräche,
2508 2552 2591 2612 ihrer
2627 2549 2701 2609 Art,
2726 2549 2849 2609 Frauen
2884 2545 2918 2605 zu

2073 2599 2230 2659 erkennen
2270 2597 2328 2657 und
2389 2597 2422 2657 zu
2462 2596 2575 2656 rufen,
2595 2596 2679 2656 ihres
2718 2591 2929 2651 Eine-Liebe¬

2070 2644 2228 2704 beginnen
2262 2644 2319 2704 und
2353 2642 2396 2702 sie
2425 2641 2593 2701 beenden,
2617 2639 2684 2699 sind
2718 2636 2847 2696 vorbei.

2116 2689 2234 2749 Dahin.
2266 2686 2435 2746 Verweht.
2483 2687 2550 2747 Das
2602 2683 2710 2743 waren
2747 2680 2932 2740 Lieblings¬

2075 2734 2170 2794 worte
2204 2733 2328 2793 Arthur
2357 2730 2572 2790 Schnitzlers,
2602 2727 2654 2787 der
2683 2726 2730 2786 bis
2755 2725 2778 2785 in
2836 2723 2922 2783 seine

2459 2770 2917 2830 Vergangenheitsmenschen

2078 2778 2189 2838 letzten
2276 2776 2377 2836 Jahre

2071 2820 2253 2880 zeichnete,
2287 2820 2363 2880 weil
2393 2817 2426 2877 er
2465 2816 2556 2876 keine
2595 2814 2733 2874 anderen
2801 2811 2925 2871 kannte

2078 2866 2135 2926 und
2169 2865 2259 2925 keine
2289 2862 2427 2922 anderen
2466 2860 2589 2920 kennen
2628 2857 2752 2917 wollte.
2777 2856 2814 2916 Er
2843 2854 2924 2914 lebte

2079 2912 2098 2972 in
2134 2910 2184 2970 der
2210 2907 2320 2967 müden
2351 2907 2476 2967 Sphäre
2507 2905 2587 2965 eines
2617 2903 2818 2963 glücklichen
2854 2898 2934 2958 Vor¬

2075 2949 2404 3009 kriegs-Österreich,
2454 2950 2512 3010 das
2562 2949 2630 3009 sein
2691 2943 2931 3003 dichterisches

2075 2999 2170 3059 Reich
2204 2997 2377 3057 gewesen.
2426 2996 2517 3056 Noch
2556 2992 2641 3052 sieht
2690 2991 2762 3051 man
2820 2986 2929 3046 seinen

2078 3040 2461 3100 nachdenklich-feschen
2525 3036 2691 3096 Leutnant
2726 3035 2824 3095 Gustl
2873 3029 2932 3089 auf

2078 3087 2132 3147 der
2157 3086 2353 3146 Praterbank
2383 3083 2505 3143 sitzen,
2525 3083 2584 3143 aus
2609 3080 2662 3140 dem
2707 3077 2928 3137 Volksgarten

2078 3131 2202 3191 kommt
2226 3128 2274 3188 die
2303 3126 2465 3186 Christine
2494 3125 2551 3185 und
2585 3124 2637 3184 die
2662 3122 2819 3182 Schlager
2843 3119 2939 3179 Mizzi

2075 3175 2213 3235 spaziert
2243 3173 2338 3233 durch
2373 3172 2425 3232 die
2459 3169 2708 3229 Winkelgassen
2742 3167 2799 3227 der
2828 3161 2938 3221 Josef¬

2079 3220 2181 3280 stadt,
2203 3218 2233 3278 um
2275 3217 2444 3277 irgendwo
2471 3215 2527 3275 bei
2549 3215 2631 3275 einem
2672 3212 2780 3272 netten
2812 3207 2935 3267 Nacht¬

2080 3265 2171 3325 mahl
2191 3262 2292 3322 dabei
2317 3259 2351 3319 zu
2385 3259 2472 3319 sein.

2125 3305 2191 3365 Wie
2223 3306 2300 3366 woit
2326 3306 2367 3366 ist
2394 3304 2455 3364 das
2481 3301 2559 3361 alles
2595 3300 2651 3360 von
2684 3300 2740 3360 der
2771 3295 2915 3355 Sachlich

2081 3352 2145 3412 keit
2176 3351 2237 3411 und
2268 3349 2409 3409 Schärfe
2439 3349 2494 3409 des
2526 3346 2626 3406 Radio
2662 3343 2717 3403 und
2753 3340 2914 3400 Flugzeng

2085 3394 2198 3454 Heute,
2223 3394 2252 3454 in
2282 3394 2341 3454 dem
2405 3394 2459 3454 dio
2489 3387 2941 3447 Anatol-Empfindsamkeit,

2080 3440 2224 3500 Liebelei
2253 3439 2310 3499 und
2349 3436 2445 3496 Liebe
2479 3436 2541 3496 von
2581 3433 2782 3493 Schnitzlers
2831 3428 2941 3488 Alge¬

2078 3483 2209 3543 sandten
2271 3481 2355 3541 nach
2417 3479 2600 3539 vergilbten
2667 3472 2929 3532 Seidenbändern

2085 3527 2224 3587 riechen.
2281 3524 2336 3584 Die
2379 3522 2607 3582 Beziehungen
2668 3519 2723 3579 der
2761 3516 2929 3576 Menschen

2084 3573 2179 3633 haben
2223 3570 2290 3630 sich
2334 3567 2531 3627 verändert,
2560 3563 2795 3623 Leidenschaft
2829 3561 2934 3621 findet

2081 3617 2197 3677 andere
2235 3612 2453 3672 Deutungen,
2500 3612 2565 3672 seit
2593 3610 2681 3670 mohr
2715 3610 2812 3670 getan
2873 3606 2933 3666 und

2085 3658 2223 3718 weniger
2257 3657 2400 3717 gedacht
2434 3654 2529 3714 wird,
2559 3655 2611 3715 der
2645 3653 2744 3713 ganze
2779 3648 2941 3708 Zärtlich¬

2088 3704 2289 3764 keitsbetrieb
2347 3701 2404 3761 der
2452 3697 2744 3757 Schnitzler-Weit
2792 3692 2835 3752 ist
2888 3692 2935 3752 ins

2094 3747 2229 3807 Wanken
2255 3746 2410 3806 geraten,
2431 3743 2521 3803 keine
2551 3740 2712 3800 Komödio
2743 3737 2797 3797 der
2828 3735 2933 3795 Worte

2086 3791 2190 3851 mehr,
2220 3791 2286 3851 kein
2325 3788 2420 3848 Spiel
2449 3787 2506 3847 der
2540 3785 2659 3845 Sinne,
2689 3782 2784 3842 kain»
2818 3782 2942 3842 melan-

2085 3836 2220 3896 cholisch
2252 3833 2465 3893 geflüsterten
2498 3830 2593 3890 Sätze
2625 3829 2657 3889 an
2693 3824 2934 3884 strasenerken

2085 3883 2108 3943 im
2157 3878 2319 3938 fallenden
2358 3875 2501 3935 Schnee.
2554 3872 2621 3932 Nur
2660 3869 2803 3929 JJuruhe,
2852 3869 2947 3929 Haß,

2093 3922 2321 3982 mörderischer
2350 3919 2611 3979 Lebenskampf,
2626 3913 2850 3973 Stimmungen
2879 3910 2939 3970 und

2088 3967 2283 4027 Tatsachen,
2335 3964 2438 4024 denen
2476 3960 2677 4020 Schnitzlers
2714 3958 2807 4018 Werk
2869 3955 2933 4015 fern

2085 4011 2254 4071 geblieben
2285 4009 2338 4069 ist.

2127 4054 2173 4114 Er
2199 4054 2240 4114 ist
2266 4053 2322 4113 der
2349 4051 2483 4111 Dichter
2530 4047 2658 4107 sanfter
2690 4045 2881 4105 Deutungen
2912 4045 2937 4105 in

2090 4096 2392 4156 Menschenkreisen
2453 4093 2490 4153 um
2542 4090 2881 4150 Neunzehnhundert,
2909 4085 2941 4145 er

2088 4144 2148 4204 hat
2176 4143 2241 4203 eine
2279 4139 2376 4199 Reihe
2428 4135 2702 4195 unvergeßlicher
2736 4131 2945 4191 österreichi¬

2088 4188 2177 4248 scher
2201 4185 2369 4245 Menschen
2402 4182 2589 4242 gedichtet,
2608 4179 2711 4239 kleine
2740 4176 2800 4236 urd
2829 4173 2945 4233 große,
