3392 4352
319 895 411 955 ganze
435 896 513 956 Welt
533 897 612 957 siegte
640 897 691 957 und
719 900 872 960 besonders
896 903 919 963 in
952 906 1142 966 romanischen
1171 907 1305 967 Ländern
1334 910 1496 970 verstanden

320 936 434 996 wurde,
457 939 496 999 wo
528 939 589 999 man
621 940 665 1000 für
692 943 740 1003 den
767 945 890 1005 herben,
913 948 1054 1008 sachlichen
1086 951 1302 1011 norddeutschen
1338 953 1510 1013 Naturalis¬

320 980 386 1040 mus
413 980 488 1040 nicht
511 983 568 1043 viel
591 985 790 1045 Verständnis
817 988 1003 1048 aufbrachte.

394 1025 607 1085 „Anatol":
639 1027 693 1087 Ein
726 1030 829 1090 junger
857 1034 947 1094 Herr,
966 1034 1015 1094 der
1044 1037 1129 1097 nichts
1157 1038 1279 1098 anderes
1311 1040 1338 1100 zu
1371 1040 1415 1100 tun
1448 1044 1510 1104 hat,

317 1067 360 1127 als
387 1070 431 1130 sich
458 1070 501 1130 der
528 1070 611 1130 Liebe
638 1072 659 1132 zu
691 1073 835 1133 widmen,
854 1076 897 1136 der
924 1079 1069 1139 eleganten
1100 1081 1183 1141 Liebe
1210 1082 1262 1142 wie
1285 1084 1333 1144 der
1360 1085 1412 1145 aus
1439 1085 1487 1145 dem

317 1109 389 1169 Volk
412 1112 561 1172 geholten.
602 1113 674 1173 Sein
707 1118 905 1178 Sinnspruch:
942 1121 1014 1181 „Sie
1042 1122 1095 1182 hat
1119 1124 1141 1184 in
1173 1124 1281 1184 meinen
1318 1128 1421 1188 Armen
1458 1128 1503 1188 ge¬

317 1153 415 1213 lagen,
434 1156 466 1216 sie
494 1156 526 1216 ist
550 1159 666 1219 heilig.“
714 1159 773 1219 Das
807 1161 839 1221 ist
862 1162 951 1222 Mut,
970 1165 1021 1225 das
1049 1165 1081 1225 ist
1105 1168 1356 1228 Uebermut,
1380 1171 1445 1231 aber
1473 1173 1500 1233 es

316 1195 348 1255 ist
372 1196 437 1256 auch
465 1200 525 1260 eine
554 1201 642 1261 große
671 1205 899 1265 Gutmütigkeit.
937 1207 1081 1267 Zwischen
1114 1209 1160 1269 den
1193 1211 1398 1271 Geschlechtern
1431 1213 1500 1273 wird

315 1237 368 1297 kein
401 1243 667 1303 leidenschaftlicher
695 1246 807 1306 Kampf
830 1249 1052 1309 ausgekämpft,
1075 1254 1192 1314 sondern
1224 1255 1287 1315 man
1324 1258 1500 1318 verständigt

316 1282 354 1342 sich
383 1285 407 1345 in
441 1286 637 1346 Zärtlichkeit-
676 1289 852 1349 Manchmal
872 1293 939 1353 geht
963 1294 1020 1354 hier
1049 1296 1101 1356 und
1130 1297 1163 1357 da
1193 1297 1231 1357 ein
1265 1300 1374 1360 Mensch
1404 1301 1427 1361 in
1456 1301 1499 1361 die

311 1324 437 1384 Brüche,
456 1327 521 1387 doch
554 1331 624 1391 alles
657 1333 792 1393 geschieht
821 1336 913 1396 artig,
937 1339 1105 1399 manierlich
1148 1341 1203 1401 und
1241 1342 1306 1402 auch
1339 1341 1353 1401 —
1400 1343 1502 1403 ope¬

304 1371 625 1431 rettenmäßig.

387 1413 559 1473 Schnitzlers
588 1419 760 1479 Sanftheit,
779 1419 825 1479 die
849 1422 979 1482 Anmut,
1003 1425 1059 1485 mit
1078 1425 1128 1485 der
1153 1425 1180 1485 er
1209 1428 1418 1488 Lebensrätsel
1442 1431 1507 1491 löst,

309 1455 412 1515 verrät
435 1457 516 1517 stets,
535 1458 589 1518 daß
621 1459 648 1519 er
675 1459 738 1519 sehr
766 1463 824 1523 viel
847 1467 987 1527 Musik
1010 1467 1037 1527 im
1078 1470 1155 1530 Blut
1178 1470 1272 1530 hatte:
1300 1470 1363 1530 eine
1391 1473 1503 1533 leichte,

309 1500 516 1560 schwingende,
535 1500 725 1560 schwebende.
766 1505 883 1565 Gehen,
902 1509 955 1569 wie
979 1509 1001 1569 im
1042 1512 1281 1572 „Einsamen
1309 1518 1435 1578 Weg“,
1454 1519 1494 1579 die

310 1541 542 1601 Entwurzelten,
566 1543 612 1603 die
640 1544 714 1604 nicht
743 1546 822 1606 mehr
855 1550 905 1610 zur
939 1552 1111 1612 erdenfesten
1148 1553 1334 1613 Gesellschaft
1363 1559 1502 1619 gehören,

303 1584 370 1644 gern
403 1582 425 1642 in
457 1583 497 1643 ein
530 1583 729 1643 unbekanntes
757 1588 902 1648 Jenseits,
920 1592 997 1652 dann
1025 1595 1142 1655 trällert
1166 1595 1192 1655 es
1220 1597 1283 1657 noch
1311 1601 1351 1661 ein
1384 1604 1492 1664 bißchen

303 1624 330 1684 in
363 1622 442 1682 ihrer
471 1622 578 1682 Seele.
621 1627 685 1687 Das
719 1632 1027 1692 Nachtigallmäßige,
1056 1637 1107 1697 das
1140 1642 1378 1702 Amselmäßige,
1407 1645 1499 1705 etwas

308 1662 400 1722 seltsam
432 1664 541 1724 tostbar
568 1667 699 1727 zwischen
731 1672 779 1732 den
810 1676 906 1736 Zeiten
942 1679 1153 1739 Schwebendes
1184 1682 1214 1742 ist
1237 1682 1289 1742 das
1316 1686 1413 1746 Wesen
1444 1689 1492 1749 der

307 1707 532 1767 Schnitzlerschen
588 1712 764 1772 Weichheit.
819 1718 921 1778 Dieser
976 1724 1148 1784 geduldige,
1192 1729 1492 1789 schwermütig-frohe

309 1750 595 1810 Menschengestalter
624 1755 700 1815 starb
734 1756 758 1816 in
797 1758 872 1818 einer
902 1762 987 1822 Zeit,
1007 1765 1030 1825 in
1069 1765 1116 1825 der
1145 1764 1154 1824 —
1208 1767 1231 1827 so
1265 1771 1369 1831 scheint
1394 1773 1422 1833 es
1456 1769 1465 1829 -

304 1792 392 1852 dieses
420 1794 504 1854 milde
528 1798 640 1858 Fühlen
673 1801 724 1861 und
752 1803 868 1863 Denken
902 1806 990 1866 keinen
1023 1810 1107 1870 Raum
1149 1810 1228 1870 mehr
1252 1813 1317 1873 hat.
1355 1816 1415 1876 Und
1444 1819 1494 1879 das

303 1834 336 1894 ist
365 1837 417 1897 das
451 1841 699 1901 Unvergängliche
733 1846 766 1906 an
800 1848 890 1908 diesem
939 1852 1067 1912 Dichter:
1096 1853 1125 1913 er
1154 1855 1206 1915 hat
1235 1857 1297 1917 eine
1326 1860 1421 1920 Welt,
1445 1862 1488 1922 die

300 1876 313 1936 —
366 1881 445 1941 wenn
481 1883 547 1943 auch
583 1886 657 1946 nicht
684 1889 794 1949 immer
826 1893 882 1953 und
914 1894 1001 1954 heute
1033 1899 1107 1959 nicht
1139 1899 1218 1959 mehr
1250 1901 1293 1961 die
1324 1904 1425 1964 unsere
1452 1901 1465 1961 -

301 1922 352 1982 das
390 1930 646 1990 Kulturgeschehen
688 1933 743 1993 und
781 1936 823 1996 die
861 1938 1037 1998 menschliche
1084 1942 1279 2002 Entwicklung
1326 1947 1401 2007 stark
1443 1946 1493 2006 be¬

300 1969 458 2029 einflußte,
482 1971 506 2031 in
540 1973 621 2033 fester
650 1976 798 2036 Prägung
832 1980 875 2040 für
910 1983 952 2043 die
986 1984 1201 2044 Weltliteratur
1236 1990 1384 2050 erhalten,
1403 1993 1484 2053 jenes

301 2013 478 2073 wienerische
506 2015 561 2075 und
590 2019 808 2079 österreichische
831 2024 952 2084 Wesen,
971 2027 1021 2087 das
1050 2031 1240 2091 jammervoll
1264 2034 1319 2094 und
1347 2036 1403 2096 still
1426 2037 1486 2097 ein¬

299 2059 380 2119 ging,
400 2059 447 2119 hat
468 2058 496 2118 er
520 2060 544 2120 im
583 2063 674 2123 letzten
703 2067 876 2127 Augenblick
901 2070 992 2130 seines
1016 2074 1208 2134 Verklingens
1238 2076 1290 2136 und
1319 2079 1487 2139 Vergehens

297 2104 345 2164 für
370 2101 413 2161 die
438 2103 592 2163 Nachwelt
617 2112 834 2172 aufgezeichnet

378 2149 498 2209 Einmal
522 2153 620 2213 wurde
648 2156 736 2216 dieser
765 2160 863 2220 milde,
886 2162 956 2222 alles
985 2166 1180 2226 verstehende,
1204 2168 1273 2228 alles
1302 2172 1488 2232 verzeihende

301 2192 412 2252 Dichter
440 2197 496 2257 fast
524 2198 570 2258 zum
618 2201 733 2261 sozialen
771 2204 934 2264 Ankläger.
976 2209 1036 2269 Das
1069 2210 1129 2270 war
1158 2213 1292 2273 damals,
1316 2215 1348 2275 da
1381 2216 1409 2276 er
1437 2217 1483 2277 als

299 2238 475 2298 Gegenstück
509 2240 557 2300 zum
610 2243 757 2303 „Anatol“
796 2248 848 2308 das
887 2251 977 2311 kleine
1011 2253 1207 2313 Trauerspiel
1236 2258 1288 2318 vom
1347 2261 1484 2321 „Frei¬

291 2282 406 2342 wild“
435 2285 555 2345 schrieb.
598 2286 660 2346 Der
690 2290 805 2350 Dichter
834 2294 910 2354 setzte
940 2296 987 2356 die
1016 2297 1122 2357 jungen
1161 2300 1213 2360 und
1247 2303 1319 2363 alten
1358 2305 1487 2365 Herren,

294 2324 338 2384 die
371 2326 415 2386 die
448 2330 584 2390 Mädchen
625 2332 679 2392 aus
712 2334 761 2394 dem
807 2337 897 2397 Volke
934 2337 956 2397 in
994 2338 1039 2398 die
1071 2341 1220 2401 Chambre
1253 2347 1389 2407 separées
1425 2350 1479 2410 und

291 2368 314 2428 in
347 2368 389 2428 die
413 2371 473 2431 noch
506 2374 683 2434 geheimeren
712 2377 828 2437 Winkel
852 2381 954 2441 locken,
973 2384 1094 2444 beinahe
1123 2386 1174 2446 auf
1198 2389 1239 2449 die
1263 2392 1487 2452 Anklagebank.

293 2413 369 2473 Aber
397 2415 450 2475 das
483 2416 546 2476 war
578 2418 632 2478 nur
664 2420 723 2480 eine
755 2424 877 2484 Episode
910 2425 932 2485 in
968 2427 1014 2487 dem
1060 2431 1291 2491 Schnitzlerschen
1327 2438 1485 2498 Schaffen.

296 2455 333 2515 Im
380 2458 505 2518 Grunde
543 2461 603 2521 war
640 2463 668 2523 er
706 2467 928 2527 versöhnlicher.
980 2470 1021 2530 Er
1055 2473 1166 2533 dachte,
1194 2476 1245 2536 daß
1287 2479 1403 2539 Jugend
1445 2483 1473 2543 zu

294 2500 410 2560 Jugend
438 2503 554 2563 gehört.
592 2506 676 2566 Nicht
700 2509 783 2569 lange
812 2513 933 2573 fragen,
952 2515 980 2575 ob
1013 2515 1059 2575 der
1083 2518 1195 2578 strenge
1223 2521 1400 2581 Paragraph
1428 2525 1479 2585 des

291 2543 411 2603 Sitten=
440 2546 496 2606 und
529 2552 743 2612 Justizgesetzes
776 2554 827 2614 den
864 2557 1027 2617 Verführer
1061 2562 1200 2622 bestrafen
1238 2565 1303 2625 will
1332 2567 1396 2627 oder
1429 2568 1471 2628 ihn

286 2591 515 2651 entschuldigen.
557 2593 636 2653 Man
669 2595 735 2655 las,
758 2598 823 2658 man
861 2601 926 2661 sah,
950 2604 1127 2664 aufgeführt
1165 2606 1188 2666 im
1244 2610 1389 2670 Theater,
1422 2613 1473 2673 den

286 2636 504 2696 „Reigen“,
523 2637 563 2697 ein
591 2639 795 2699 Lebenstanz,
814 2643 868 2703 und
896 2643 909 2703 —
955 2645 1027 2705 trotz
1050 2647 1118 2707 allem
1160 2646 1168 2706 —
1219 2652 1282 2712 auch
1309 2653 1350 2713 ein
1383 2655 1473 2715 wenig

285 2679 452 2739 Totentanz
481 2679 527 2739 der
555 2681 658 2741 Liebe.
700 2685 756 2745 Die
784 2686 952 2746 Jünglinge
980 2691 1036 2751 und
1069 2691 1110 2751 die
1139 2694 1297 2754 Mädchen,
1321 2698 1358 2758 sie
1386 2700 1470 2760 geben

288 2721 343 2781 und
371 2724 487 2784 nehmen
515 2725 557 2785 sich
586 2725 655 2785 ohne
679 2726 734 2786 viel
753 2729 911 2789 Grübelei.
944 2732 1027 2792 Alles
1051 2734 1083 2794 ist
1102 2737 1265 2797 natürlich;
1279 2741 1381 2801 bejaht
1400 2741 1469 2801 wird

284 2765 376 2825 olles,
399 2765 460 2825 was
491 2766 588 2826 Sinne
620 2769 756 2829 fordern,
779 2771 862 2831 wenn
898 2775 950 2835 nur
981 2777 1096 2837 Anmut
1123 2779 1246 2839 regiert.
1291 2783 1347 2843 Und
1383 2786 1466 2846 gegen

288 2807 356 2867 diese
379 2810 496 2870 Anmut
520 2813 665 2873 empörten
697 2816 738 2876 sich
766 2816 806 2876 die
830 2819 961 2879 Mucker.
997 2822 1052 2882 Sie
1075 2824 1220 2884 empörten
1253 2825 1293 2885 sich
1321 2828 1475 2888 besonders

284 2854 310 2914 in
347 2854 451 2914 Berlin
488 2855 541 2915 und
574 2858 791 2918 unternahmen
828 2864 914 2924 gegen
950 2867 1104 2927 Schnitzler
1142 2867 1195 2927 und
1232 2870 1304 2930 seine
1337 2872 1472 2932 Künstler

285 2897 363 2957 einen
403 2901 770 2961 Infamierungsprozeß.
821 2906 859 2966 Es
899 2909 987 2969 siegte
1022 2912 1267 2972 glücklicherweise
1306 2915 1355 2975 der
1390 2918 1473 2978 Geist

282 2939 333 2999 der
367 2941 502 3001 Anmut.

360 2987 421 3047 Und
451 2990 507 3050 doch
537 2994 623 3054 fehlte
652 2995 675 3055 in
705 2996 752 3056 der
782 2998 968 3058 persönlichen
1002 3002 1131 3062 Existenz
1156 3004 1328 3064 Schnitzlers
1362 3008 1414 3068 und
1443 3008 1461 3068 in

282 3032 370 3092 seiner
403 3035 686 3095 Lebensauffassung
724 3040 794 3100 nicht
822 3041 873 3101 das
901 3045 1055 3105 Tragische
1083 3047 1106 3107 in
1139 3049 1227 3109 seiner
1256 3052 1353 3112 Tiefe.
1391 3052 1465 3112 Sein

280 3076 513 3136 Patriotenstück
542 3080 592 3140 vom
635 3082 742 3142 jungen
780 3086 1041 3146 Medardus,
1065 3088 1111 3148 der
1144 3091 1312 3151 Oesterreich
1345 3096 1465 3156 politisch

280 3120 447 3180 freimachen
481 3121 558 3181 will,
577 3124 653 3184 zeigt
683 3124 759 3184 einen
798 3126 1003 3186 Schwärmer,
1028 3129 1075 3189 der
1104 3133 1180 3193 fähig
1214 3137 1262 3197 ist,
1286 3137 1329 3197 sich
1363 3140 1468 3200 aufzu¬

277 3162 398 3222 opfern.
441 3165 501 3225 Und
534 3165 561 3225 es
590 3165 683 3225 fehlen
716 3168 800 3228 unter
828 3168 874 3228 den
912 3172 1145 3232 Schnitzlerschen
1179 3176 1346 3236 Menschen,
1370 3180 1411 3240 die
1444 3180 1467 3240 so

275 3206 508 3266 liebenswürdig
535 3210 671 3270 genießen
707 3210 759 3270 und
791 3213 984 3273 untergehen,
1006 3216 1067 3276 auch
1099 3218 1173 3278 nicht
1196 3219 1235 3279 die
1262 3222 1468 3282 Außenseiter.

273 3249 327 3309 Ja,
355 3251 386 3311 sie
419 3249 478 3309 sind
510 3252 664 3312 besonders
697 3255 823 3315 rührend
860 3256 915 3316 und
947 3258 1102 3318 besonders
1134 3261 1202 3321 echt.
1243 3264 1334 3324 Packt
1357 3264 1388 3324 es
1421 3267 1466 3327 die

274 3291 504 3351 Melancholiker
532 3294 568 3354 an
604 3294 649 3354 der
681 3297 803 3357 Donau,
831 3300 884 3360 wie
917 3300 989 3360 etwa
1021 3302 1066 3362 den
1102 3304 1319 3364 Leutnant
1347 3308 1464 3368 Gustl

275 3330 332 3390 und
356 3334 408 3394 das
432 3335 637 3395 Fräulein
666 3339 781 3399 Else,
801 3341 838 3401 die
863 3341 943 3401 beide
968 3343 1020 3403 aus
1044 3344 1173 3404 härterem
1212 3347 1302 3407 Holze
1322 3350 1464 3410 geschnitzt

275 3375 346 3435 sind,
370 3377 446 3437 dann
478 3380 578 3440 steigen
615 3380 650 3440 sie
678 3380 723 3440 bis
756 3381 778 3441 in
810 3383 859 3443 den
896 3386 1055 3446 finstersten
1087 3387 1227 3447 Abgrund
1260 3389 1309 3449 des
1341 3391 1463 3451 Seelen¬

272 3421 406 3481 schicksals
435 3422 541 3482 hinab.
584 3423 620 3483 In
653 3424 820 3484 Oesterreich
858 3426 923 3486 war
951 3428 1039 3488 soviel
1063 3432 1286 3492 Aufrichtigkeit
1314 3434 1388 3494 nicht
1417 3434 1458 3494 er¬

270 3464 414 3524 wünscht,
437 3464 477 3524 als
510 3465 554 3525 die
582 3467 777 3527 Habsburger
809 3470 872 3530 noch
904 3472 1040 3532 kaiserlich
1072 3473 1235 3533 regierten.
1272 3476 1371 3536 Gegen
1408 3479 1452 3539 den

277 3506 463 3566 Militärarzt
481 3507 595 3567 Arthur
618 3509 777 3569 Schnitzler
800 3512 899 3572 wurde
927 3514 967 3574 ein
996 3518 1372 3578 Ehrenverfahren
1404 3520 1463 3580 ein¬

267 3550 394 3610 geleitet,
413 3550 480 3610 weil
499 3550 526 3610 er
549 3550 594 3610 die
618 3550 640 3610 k.
659 3552 681 3612 k.
700 3553 809 3613 Armee
832 3553 968 3613 gekränkt
992 3556 1078 3616 haben
1106 3559 1196 3619 sollte.

344 3596 395 3656 Oft
423 3598 483 3658 sind
522 3598 563 3658 die
596 3601 829 3661 Schnitzlerschen
867 3603 1015 3663 Gestalten
1053 3607 1319 3667 Doppelnaturen,
1342 3611 1463 3671 Wesen,

265 3638 313 3698 die
335 3640 374 3700 sich
401 3643 617 3703 komödiantisch
639 3644 798 3704 beleuchten
829 3646 882 3706 und
909 3648 1035 3708 dauernd
1058 3649 1229 3709 behorchen.
1261 3651 1322 3711 Das
1349 3655 1459 3715 Schau¬

266 3685 451 3745 spielerische,
470 3685 524 3745 das
552 3688 756 3748 Tänzerische,
775 3688 820 3748 die
843 3689 943 3749 Natur
970 3691 1020 3751 des
1048 3694 1298 3754 hochkultivierten
1330 3697 1457 3757 Lebens¬

261 3726 415 3786 genießers
439 3726 503 3786 war
526 3728 576 3788 das
604 3730 827 3790 Hauptproblem
869 3732 1061 3792 Schnitzlers.
1098 3734 1139 3794 Er
1162 3736 1243 3796 hörte
1267 3738 1308 3798 die
1331 3740 1458 3800 hundert

263 3768 496 3828 Zwischentöne,
523 3771 566 3831 die
598 3771 619 3831 in
655 3773 773 3833 zarten,
796 3775 1029 3835 empfindsamen
1065 3777 1170 3837 Seelen
1206 3779 1368 3839 erklingen.
1412 3781 1451 3841 Er

265 3809 374 3869 deutete
406 3812 440 3872 sie
463 3813 519 3873 auf
542 3814 612 3874 seine
639 3816 876 3876 weltmännische
899 3816 968 3876 Art.
1009 3819 1052 3879 So
1079 3819 1180 3879 wurde
1207 3820 1233 3880 er
1259 3822 1299 3882 ein
1330 3822 1453 3882 Schrift¬

266 3853 354 3913 steller
381 3855 424 3915 des
451 3855 684 3915 österreichischen
716 3858 1024 3918 Kosmopolitismus,
1046 3861 1120 3921 eines
1147 3864 1451 3924 Kosmopolitismus,

260 3894 309 3954 der
341 3897 386 3957 sich
423 3897 477 3957 aus
509 3898 558 3958 der
591 3900 753 3960 Banalität
781 3903 998 3963 hinüberretten
1039 3907 1143 3967 möchte
1175 3907 1202 3967 in
1239 3909 1284 3969 die
1316 3911 1447 3971 vertiefte

261 3938 317 3998 und
350 3940 522 4000 verfeinerte
550 3942 774 4002 Seelenkunde.
816 3944 877 4004 Und
910 3946 933 4006 so
961 3947 1077 4007 deutete
1106 3948 1156 4008 das
1185 3950 1273 4010 Werk
1297 3952 1348 4012 des
1376 3952 1455 4012 Ver¬

263 3981 410 4041 storbenen
444 3983 568 4043 hinüber
597 3985 659 4045 auch
693 3986 716 4046 in
750 3988 850 4048 unsere
879 3989 959 4049 Zeit,
979 3992 1002 4052 in
1036 3992 1084 4052 der
1108 3992 1150 4052 die
1180 3994 1370 4054 Erforschung
1399 3998 1446 4058 der

267 4023 352 4083 Seele
377 4026 437 4086 eine
463 4028 649 4088 selbständige
670 4033 927 4093 wissenschaftliche
953 4034 1088 4094 Disziplin
1119 4037 1265 4097 geworden
1295 4039 1340 4099 ist.

1127 4079 1195 4139 Max
1224 4085 1408 4145 Rochdort,

1940 339 2180 399 AUSSCHMTT
2193 349 2281 409 VOM:

2347 383 2428 443 22.
2453 391 2551 451 OKI.
2560 403 2674 463 1931

2011 573 2263 633 Chemnitzer
2304 586 2556 646 Tageblatt,
2588 595 2801 655 Chemnitz

1953 736 2148 796 Arthur
2199 747 2479 807 Schnitzler
2542 758 2799 818 gestorben

2047 813 2136 873 Zehn
2174 816 2293 876 Jahre
2324 819 2406 879 nach
2444 825 2608 885 Anakols
2638 828 2712 888 Tod

2265 878 2371 938 Wjen,
2392 883 2443 943 21.
2458 885 2539 945 Okt.
2586 889 2804 949 (Drahtb.)

1985 922 2057 982 Der
2088 932 2240 992 bekannte
2265 939 2502 999 österreichische
2533 945 2746 1005 Dramatiker
2771 950 2843 1010 Dr.

1920 962 2044 1022 Arthur
2093 971 2333 1031 Schnitzler
2362 977 2429 1037 ist
2473 978 2511 1038 am
2579 983 2742 1043 Mittwoch
2795 986 2823 1046 im

1917 998 1965 1058 69.
1990 1006 2216 1066 Lebensjahre
2251 1013 2497 1073 gestorben.
2545 1019 2594 1079 Am
2642 1024 2835 1084 Vormittag

1909 1037 1998 1097 erlitt
2023 1041 2055 1101 er
2079 1043 2136 1103 auf
2156 1046 2245 1106 einem
2283 1052 2515 1112 Spaziergang
2539 1058 2609 1118 eine
2634 1061 2837 1121 Gehirn¬

1914 1079 2106 1139 blutung
2153 1085 2214 1145 und
2261 1087 2411 1147 verschied
2459 1092 2528 1152 nach
2576 1099 2829 1159 mehrstündiger

1915 1120 2223 1180 Bewußtlosigkeit.

1983 1216 2178 1276 Schnitzler,
2199 1219 2294 1279 dessen
2330 1224 2430 1284 Vater
2461 1228 2545 1288 Arzt
2571 1230 2656 1290 war,
2682 1234 2827 1294 widmete

1912 1252 1959 1312 sich
1988 1253 2141 1313 ebenfalls
2171 1260 2309 1320 zunächst
2333 1264 2562 1324 medizinischen
2597 1269 2735 1329 Studien
2769 1272 2826 1332 und

1909 1288 2129 1348 ormovierte
2152 1295 2186 1355 an
2218 1297 2266 1357 der
2288 1300 2416 1360 Wiener
2443 1305 2658 1365 Universität.
2689 1308 2737 1368 Er
2760 1311 2825 1371 war

1910 1329 2195 1389 Regimentsarzt,
2220 1336 2318 1396 später
2353 1339 2539 1399 praktischer
2569 1345 2668 1405 Arzt,
2693 1347 2731 1407 um
2776 1349 2820 1409 sich

1909 1364 1988 1424 dann
2026 1369 2207 1429 vollständig
2240 1374 2291 1434 der
2319 1380 2584 1440 Schriftstellerei
2613 1383 2640 1443 zu
2673 1384 2831 1444 widmen.

1908 1401 1982 1461 Eine
2011 1404 2118 1464 seiner
2152 1410 2245 1470 ersten
2283 1415 2457 1475 Novellen,
2486 1420 2673 1480 „Leutnant
2702 1425 2828 1485 Gustl“.

1909 1440 1948 1500 die
1979 1443 2004 1503 in
2040 1443 2089 1503 der
2120 1449 2246 1509 „Neuen
2282 1453 2393 1513 Freien
2429 1456 2554 1516 Presse“
2590 1462 2822 1522 veröffentlicht

1906 1479 2031 1539 wurde,
2055 1484 2138 1544 hatte
2172 1488 2227 1548 zur
2260 1491 2380 1551 Folge,
2404 1494 2455 1554 daß
2493 1498 2585 1558 gegen
2623 1497 2673 1557 ihn
2711 1502 2813 1562 wegen

1904 1521 2118 1581 Beleidigung
2148 1526 2200 1586 der
2225 1528 2339 1588 Armee
2364 1531 2406 1591 ein
2436 1536 2713 1596 ehrenrechtliches
2742 1540 2823 1600 Ver¬

1907 1555 2007 1615 fahren
2046 1562 2233 1622 eingeleitet
2257 1565 2314 1625 und
2343 1568 2377 1628 er
2401 1571 2501 1631 seines
2535 1577 2823 1637 Regimentsarzt¬

1904 1595 1994 1655 titels
2018 1598 2070 1658 für
2095 1601 2242 1661 verlustig
2271 1607 2390 1667 erklärt
2414 1608 2538 1668 wurde.

1957 1634 2001 1694 Er
2027 1636 2062 1696 ist
2083 1637 2133 1697 der
2154 1643 2376 1703 bedeutendste
2397 1649 2568 1709 Vertreter
2594 1652 2644 1712 der
2665 1655 2816 1715 typischen

1903 1673 2031 1733 Wiener
2056 1678 2237 1738 Dekadenz,
2257 1682 2304 1742 der
2329 1685 2496 1745 Dekadenz
2525 1691 2611 1751 einer
2636 1692 2736 1752 Stadt
2755 1694 2812 1754 und

1897 1709 1985 1769 einer
2023 1714 2126 1774 Welt,
2159 1719 2223 1779 die,
2252 1722 2354 1782 genau
2397 1727 2606 1787 genommen,
2639 1730 2718 1790 schon
2760 1732 2820 1792 seit

1896 1750 2165 1810 Jahrhunderten
2209 1756 2237 1816 in
2280 1762 2405 1822 Agonie
2445 1765 2516 1825 lag.
2555 1766 2650 1826 Diese
2689 1771 2819 1831 Agonie

1890 1786 2007 1846 äußert
2023 1792 2071 1852 sich
2093 1795 2210 1855 freilich
2237 1799 2311 1859 nicht
2333 1801 2360 1861 in
2387 1801 2434 1861 der
2461 1804 2573 1864 wilden
2600 1808 2818 1868 Wahnsinns¬

2144 2835 2282 2895 Arthur
2310 2837 2515 2897 Schnitzler

1869 2937 1989 2997 raserei
2015 2940 2100 3000 eines
2125 2945 2311 3005 Wedekind,
2333 2947 2412 3007 nicht
2433 2948 2458 3008 in
2489 2950 2538 3010 der
2564 2953 2785 3013 selbstzerflei¬

1869 2974 2004 3034 schenden
2037 2980 2205 3040 Grübelei
2229 2983 2312 3043 eines
2345 2989 2565 3049 Strindberg,
2589 2992 2719 3052 sondern
2752 2993 2779 3053 in

1867 3011 1919 3071 den
1948 3020 2197 3080 hauchzartesten
2231 3022 2336 3082 Tönen
2370 3028 2619 3088 verklingender
2644 3029 2787 3089 Geigen¬

1863 3054 1961 3114 musik
1980 3055 2040 3115 und
2064 3058 2277 3118 erlöschenden
2306 3062 2524 3122 Abendrotes,
2539 3064 2566 3124 in
2595 3067 2641 3127 der
2664 3067 2776 3127 müden

1871 3094 2042 3154 Schönheit
2071 3097 2229 3157 fallender
2262 3100 2406 3160 Blätter.
2443 3100 2513 3160 Von
2551 3103 2606 3163 den
2644 3106 2773 3166 gleichen

1865 3129 1976 3189 Tönen
2018 3134 2083 3194 und
2112 3135 2241 3195 Farben
2284 3135 2320 3195 ist
2354 3138 2423 3198 auch
2461 3141 2656 3201 Schnitzlers
2689 3143 2781 3203 Werk

1868 3171 2077 3231 überhaucht;
2096 3174 2175 3234 seine
2203 3174 2362 3234 Menschen
2395 3177 2487 3237 haben
2520 3179 2599 3239 nicht
2623 3181 2706 3241 mehr
2735 3180 2781 3240 die

1864 3206 1959 3266 Kraft
1982 3210 2036 3270 zur
2059 3210 2149 3270 Liebe
2173 3213 2227 3273 auf
2250 3213 2313 3273 Tod
2341 3214 2399 3274 und
2422 3216 2540 3276 Leben,
2558 3219 2685 3279 sondern
2717 3221 2776 3281 nur

1864 3246 1933 3306 noch
1971 3248 2027 3308 zur
2065 3249 2328 3309 „Liebelei“,
2366 3252 2421 3312 wie
2459 3255 2520 3315 sein
2563 3258 2782 3318 bekanntestes

1865 3282 1953 3342 Stück
1982 3286 2084 3346 heißt,
2108 3288 2163 3348 das
2197 3288 2257 3348 wir
2286 3288 2341 3348 vor
2375 3293 2454 3353 zwei
2483 3294 2608 3354 Jahren
2646 3297 2711 3357 auch
2749 3295 2772 3355 in

1864 3321 2026 3381 Chemnitz
2050 3324 2112 3384 mit
2136 3326 2270 3386 Käthe
2299 3329 2451 3389 Dorsch
2480 3330 2532 3390 als
2562 3331 2642 3391 Gast
2672 3334 2781 3394 sahen.

1860 3359 2047 3419 Schnitzlers
2080 3365 2238 3425 Menschen
2272 3362 2281 3422 —
2328 3367 2393 3427 sehr
2417 3368 2519 3428 subtil
2543 3371 2782 3431 empfindende,

1860 3398 1950 3458 kluge
1978 3401 2041 3461 und
2069 3401 2095 3461 in
2132 3402 2210 3462 allen
2242 3405 2364 3465 Dingen
2401 3407 2451 3467 des
2484 3407 2606 3467 Lebens
2638 3410 2697 3470 und
2729 3410 2779 3470 der

1857 3437 1961 3497 Kunst
1989 3440 2161 3500 erfahrene
2198 3443 2356 3503 Menschen
2393 3443 2406 3503 —
2462 3446 2556 3506 haben
2597 3449 2665 3509 auch
2702 3448 2779 3508 nicht

1860 3472 1944 3532 mehr
1972 3475 2014 3535 die
2042 3479 2136 3539 Kraft
2159 3480 2215 3540 zum
2253 3482 2448 3542 Herzschlage
2477 3485 2594 3545 großen
2622 3486 2780 3546 Gefühls,

1857 3513 1926 3573 ihre
1955 3516 2104 3576 Wünsche
2138 3518 2198 3578 und
2231 3519 2423 3579 Sehnsüchte
2456 3523 2516 3583 sind
2555 3523 2708 3583 vielmehr
2746 3524 2769 3584 in

1858 3553 2021 3613 „Agonie“
2054 3557 2231 3617 begriffen,
2255 3559 2310 3619 wie
2344 3559 2394 3619 der
2428 3562 2651 3622 bezeichnende
2684 3564 2777 3624 Titel

1856 3588 1941 3648 eines
1983 3592 2160 3652 Einakters
2211 3595 2269 3655 aus
2321 3596 2374 3656 dem
2434 3601 2771 3661 Anatol=Zyklus

1854 3628 1972 3688 lautet.
2009 3630 2082 3690 Und
2114 3632 2201 3692 wenn
2247 3634 2379 3694 wirklich
2420 3637 2488 3697 noch
2521 3638 2698 3698 Sehnsucht
2731 3640 2758 3700 im

1851 3663 1954 3723 letzten
1987 3670 2136 3730 Wunsche
2166 3673 2310 3733 flackert,
2334 3676 2357 3736 so
2391 3674 2465 3734 geht
2490 3674 2527 3734 sie
2560 3676 2625 3736 nach
2658 3676 2780 3736 unten,

1856 3703 1896 3763 die
1924 3706 2038 3766 Stufen
2076 3709 2167 3769 hinab
2200 3711 2250 3771 ins
2282 3712 2396 3772 dunkle
2424 3713 2511 3773 Reich
2544 3713 2598 3773 der
2627 3716 2777 3776 Einsam¬

1852 3740 1928 3800 keit,
1943 3742 2000 3802 wie
2025 3746 2053 3806 im
2092 3749 2346 3809 „Einsamen
2376 3750 2505 3810 Weg“,
2525 3753 2649 3813 welches
2673 3754 2769 3814 Stück

1856 3780 1873 3840 in
1906 3781 2070 3841 Chemnitz
2093 3786 2153 3846 mit
2171 3788 2381 3848 Bassermann
2414 3789 2546 3849 gespielt
2569 3792 2692 3852 wurde.

1935 3828 2014 3888 Sehr
2050 3833 2231 3893 umkämpft
2267 3835 2373 3895 wurde
2408 3837 2604 3897 Schnitzlers
2645 3840 2770 3900 „Rei¬

1845 3867 1957 3927 gen“,
1977 3867 2018 3927 ein
2047 3874 2286 3934 Dialogzyklus
2315 3873 2352 3933 um
2390 3876 2624 3936 geschlechtliche
2648 3879 2774 3939 Dinge,

1849 3903 1896 3963 der
1919 3903 1974 3963 vor
1997 3906 2048 3966 dem
2088 3909 2204 3969 Kriege
2231 3912 2252 3972 in
2283 3912 2490 3972 Deutschland
2517 3914 2564 3974 als
2595 3915 2672 3975 Buch
2699 3915 2767 3975 ver¬

1852 3940 1936 4000 boten
1972 3944 2056 4004 war,
2078 3944 2144 4004 nach
2180 3947 2233 4007 dem
2278 3948 2392 4008 Kriege
2420 3950 2556 4010 indessen
2592 3953 2680 4013 sogar
2712 3954 2769 4014 auf

1849 3977 1896 4037 die
1922 3980 2037 4040 Bühne
2059 3983 2205 4043 gebracht
2227 3983 2330 4043 wurde
2357 3986 2416 4046 und
2443 3986 2489 4046 den
2520 3989 2653 4049 heftigen
2684 3992 2769 4052 Pro¬

1847 4014 1903 4074 test
1924 4019 2001 4079 aller
2027 4022 2138 4082 gesund
2169 4023 2409 4083 empfindenden
2439 4027 2601 4087 Menschen
2632 4028 2764 4088 hervor¬

1848 4055 1924 4115 rief.
1959 4058 2141 4118 Besonders
2171 4064 2420 4124 charakteristisch
2445 4064 2497 4124 für
2522 4064 2569 4124 die
2594 4068 2762 4128 Dekadenz

1847 4094 1942 4154 dieses
1977 4100 2163 4160 „Reigens“
2193 4099 2230 4159 ist
2260 4100 2302 4160 die
2332 4103 2494 4163 Tatsache,
2519 4106 2571 4166 daß
2605 4107 2686 4167 trotz
2711 4105 2763 4165 der

1848 4135 2066 4195 zehnmaligen
2113 4138 2341 4198 Abwandlung
2388 4141 2550 4201 sinnlichen
2597 4144 2755 4204 Genusses

1843 4168 1913 4228 doch
1937 4170 2015 4230 nicht
2039 4172 2080 4232 ein
2109 4174 2253 4234 einziges
2276 4177 2355 4237 Mal
2374 4178 2425 4238 von
2458 4181 2653 4241 eventuellen
2681 4183 2760 4243 Fol¬
