3248 4384
151 292 230 352 2.
292 299 811 359 Schnitzler
883 303 923 363 s
996 306 1239 366 Death

1400 304 1529 364 box
1607 308 1791 368 43/8

141 766 330 826 VER

117 820 330 880 essioniertes

121 858 377 918 s-Ausschnitte

111 920 237 980 ZEILE
287 920 328 980 11

120 971 223 1031 3-0-43

146 1765 430 1825 193

695 1850 894 1910 entsprechend
939 1852 991 1912 nur
1036 1853 1078 1913 als
1123 1859 1436 1919 Durchgangsstadtum
1508 1862 1716 1922 betrachteten,

109 1883 288 1943 hnitzler

688 1887 757 1947 blieb
791 1889 953 1949 Schnitzler
977 1892 1079 1952 ganz
1108 1895 1252 1955 darin,
1276 1898 1355 1958 durch
1379 1898 1476 1958 ränkte
1505 1898 1560 1958 mit
1584 1899 1630 1959 ihr
1659 1900 1709 1960 sein

690 1927 801 1987 eigenes
830 1928 928 1988 Wesen
966 1931 1021 1991 und
1050 1931 1180 1991 dämpte
1209 1933 1260 1993 das
1293 1936 1461 1996 machtvolle
1490 1936 1601 1996 Barock
1625 1937 1713 1997 seines

100 1948 126 2008 hr
153 1945 342 2005 Baldus.

690 1966 886 2026 heimatlichen
920 1968 1050 2028 Milicus
1084 1969 1112 2029 zu
1151 1970 1199 2030 dem
1247 1975 1390 2035 graziösen
1425 1975 1515 2035 Spiel
1545 1978 1712 2038 französisch

117 1998 189 2058 der
220 2002 364 2062 bekannte
396 2002 613 2062 österreichische

687 2005 868 2065 kultivierten
901 2008 1040 2068 Rokokos.
1064 2007 1128 2067 Von
1157 2009 1203 2069 den
1231 2011 1328 2071 frühen
1357 2014 1468 2074 Szenen
1496 2014 1538 2074 des
1562 2014 1696 2074 „Anatol

148 2039 230 2099 Wien
274 2041 350 2101 einem
400 2041 612 2101 Gehirnschlag

691 2042 808 2102 (1893),
831 2044 921 2104 denen
954 2047 999 2107 der
1026 2047 1116 2107 junge
1144 2050 1389 2110 Hofmannsthal
1412 2051 1475 2111 noch
1508 2053 1557 2113 den
1589 2053 1715 2113 bekann¬

99 2077 256 2137 entlichkeit
293 2080 497 2140 unerwartet,
530 2080 612 2140 wenn

684 2082 728 2142 ten
765 2080 819 2140 und
851 2082 896 2142 oft
924 2084 1050 2144 zitierten
1082 2086 1244 2146 Vorspruch
1277 2089 1412 2149 schenkte,
1435 2089 1480 2149 bis
1512 2090 1539 2150 zu
1571 2092 1616 2152 der
1648 2090 1715 2150 dra¬

176 2117 287 2177 Wußte
322 2119 390 2179 man
429 2119 492 2179 doch
531 2119 609 2179 schon

689 2122 836 2182 matischen
870 2124 1089 2184 Spätdichtung
1123 2125 1204 2185 „Der
1229 2125 1319 2185 Gang
1348 2130 1400 2190 zum
1444 2128 1577 2188 Weiher“
1611 2130 1715 2190 (1925)

97 2155 161 2215 folge
202 2157 300 2217 harter
340 2157 612 2217 Schicksalsschläge

688 2159 721 2219 ist
740 2158 786 2218 der
814 2160 880 2220 Weg
908 2161 959 2221 gar
988 2163 1053 2223 lang
1081 2163 1137 2223 und
1166 2163 1230 2223 reich
1259 2165 1352 2225 besät,
1371 2166 1437 2226 aber
1465 2167 1539 2227 nicht
1563 2166 1712 2226 sonderlich

101 2194 250 2254 ienkreises
280 2193 324 2253 die
349 2195 398 2255 Ge
414 2196 537 2256 undheit
562 2196 611 2256 des

688 2199 897 2259 vielgestaltig,
925 2202 1102 2262 durchquert
1135 2202 1162 2262 er
1200 2202 1255 2262 mit
1289 2204 1334 2264 den
1377 2205 1498 2265 Mitteln
1540 2205 1711 2265 Freudscher

116 2234 288 2294 erschüttert
312 2235 391 2295 war,
411 2235 462 2295 daß
490 2236 537 2296 sich
570 2235 616 2295 der

691 2238 917 2298 Psychoanalyse
950 2240 995 2300 die
1018 2241 1190 2301 gewaltigen
1223 2244 1436 2304 Spannungen
1474 2244 1528 2304 von
1560 2244 1623 2304 Tod
1660 2246 1709 2306 und

108 2273 211 2333 frilich
252 2274 445 2334 Jahrtehnte
480 2274 613 2334 hindurch

687 2274 761 2334 Eros
794 2275 850 2335 und
878 2276 962 2336 führt
986 2280 1130 2340 dennoch,
1149 2279 1181 2339 da
1210 2279 1242 2339 er
1270 2280 1387 2340 bewußt
1411 2283 1541 2343 jeglicher
1569 2283 1713 2343 Entschei¬

99 2310 173 2370 seübt
207 2313 300 2373 hatte,
328 2313 426 2373 weder
459 2313 613 2373 körperlich

684 2313 762 2373 dung
800 2315 976 2375 ausweicht,
1004 2316 1129 2376 niemals
1167 2319 1194 2379 zu
1237 2322 1390 2382 wirklicher
1427 2322 1552 2382 Tragik.
1585 2325 1710 2385 Immer

96 2349 204 2409 sonnte.
237 2349 317 2409 Aber
346 2349 383 2409 an
417 2352 506 2412 diesen
539 2352 619 2412 plötz¬

684 2355 788 2415 wieder
820 2355 892 2415 wird
929 2355 961 2415 da
993 2355 1083 2415 Ernst
1115 2358 1165 2418 zum
1215 2358 1319 2418 Spiel;
1352 2359 1406 2419 und
1442 2361 1496 2421 das
1529 2361 1628 2421 Motto
1665 2361 1710 2421 des

126 2387 203 2447 hatte
226 2387 303 2447 wohl
326 2387 462 2447 niemand
490 2390 621 2450 gedacht.

688 2392 907 2452 „Paracelsus"
945 2392 1047 2452 (1899)
1071 2396 1140 2456 wird
1169 2397 1219 2457 zum
1262 2396 1364 2456 Molto
1392 2399 1438 2459 des
1467 2399 1611 2459 gesamten
1639 2398 1713 2458 dich¬

93 2426 233 2486 sichterisch
262 2426 378 2486 gesehen
412 2429 469 2489 war
499 2429 609 2489 Arthur

684 2431 814 2491 terischen
856 2432 1037 2492 Schaffens:
1066 2435 1154 2495 „Wir
1182 2435 1285 2495 spielen
1323 2435 1448 2495 immer;
1476 2435 1532 2495 wer
1565 2435 1597 2495 es
1630 2438 1718 2498 weiß,

101 2465 176 2525 oter,
199 2465 314 2525 trotzdem
359 2465 389 2525 er
416 2467 522 2527 immer
554 2466 615 2526 noch

684 2468 717 2528 ist
746 2471 851 2531 klug".
885 2471 985 2531 Dieses
1014 2471 1119 2531 Spiel,
1144 2474 1196 2534 das
1230 2474 1382 2534 gestaltlich
1412 2474 1569 2534 besonders
1598 2474 1622 2534 in
1660 2476 1708 2536 den

131 2504 190 2564 und
231 2505 354 2565 gefeiert
387 2507 510 2567 wurde;
543 2507 615 2567 denn

684 2510 783 2570 beiden
819 2510 1131 2570 Monolog=Novellen
1168 2513 1343 2573 „Leutnant
1371 2513 1475 2573 Gustl“
1516 2513 1624 2573 (1901)
1652 2515 1705 2575 und

156 2543 198 2603 die
238 2543 296 2603 mit
330 2544 378 2604 der
417 2546 529 2606 Wende
568 2546 616 2606 des

687 2549 854 2609 „Fräulein
893 2547 974 2607 Else“
1017 2549 1123 2609 (1924)
1152 2551 1218 2611 eine
1252 2552 1386 2612 geradezu
1430 2553 1597 2613 genialische
1631 2552 1717 2612 Stil¬

88 2581 188 2641 hörte,
214 2582 338 2642 nachdem
383 2584 416 2644 sie
445 2582 522 2642 dank
547 2584 614 2644 sub¬

684 2587 891 2647 beherrschung
935 2588 1045 2648 verrät,
1081 2588 1146 2648 muß
1187 2589 1310 2649 dennoch
1354 2590 1380 2650 in
1403 2590 1464 2650 olge
1500 2590 1548 2650 des
1588 2591 1706 2651 inneren

90 2620 121 2680 der
149 2620 222 2680 schon
255 2620 337 2680 mehr
365 2621 419 2681 und
452 2623 529 2683 mehr
557 2624 616 2684 zer¬

683 2625 903 2685 Widerspruchs
941 2625 992 2685 von
1030 2626 1123 2686 Stoff
1151 2626 1207 2686 und
1245 2629 1422 2689 Gestaltung
1460 2629 1610 2689 gehaltlich
1648 2630 1713 2690 ent¬

86 2659 120 2719 eit
146 2659 194 2719 des
230 2660 540 2720 Impressionismus,
571 2662 614 2722 des

686 2665 835 2725 täuschen,
854 2662 914 2722 eine
938 2664 1152 2724 Erscheinung,
1167 2665 1213 2725 die
1232 2667 1372 2727 übrigens
1400 2665 1423 2725 in
1451 2668 1526 2728 jedem
1564 2668 1610 2728 der
1633 2670 1712 2730 zahl¬

151 2698 380 2758 materialistisch
418 2699 478 2759 und
516 2700 609 2760 ratio¬

684 2704 792 2764 reichen
833 2704 1050 2764 novellistischen
1091 2704 1150 2764 und
1186 2705 1390 2765 dramalischen
1431 2705 1566 2765 Arbeiten
1608 2707 1711 2767 wider¬

86 2737 240 2797 m.indruck
274 2737 317 2797 die
351 2737 427 2797 letzte
462 2740 620 2800 Wahrheit

689 2741 763 2801 kehrt
796 2740 851 2800 und
889 2740 935 2800 die
969 2743 1215 2803 Bewunderung,
1248 2743 1313 2803 aber
1351 2744 1425 2804 nicht
1458 2743 1555 2803 Liebe,
1589 2746 1714 2806 auslöst.

81 2773 98 2833 t
125 2773 174 2833 der
205 2774 404 2834 wandernden
445 2776 498 2836 und
534 2778 618 2838 wan¬

685 2780 744 2840 Die
774 2781 891 2841 Skepsis
926 2781 1068 2841 erotischer
1103 2782 1318 2842 Anpilungen
1358 2782 1412 2842 und
1447 2782 1486 2842 Ab
1506 2784 1717 2844 piegelungen,

90 2812 142 2872 nen
177 2813 219 2873 der
249 2814 374 2874 Wechsel
398 2816 441 2876 als
470 2816 522 2876 das
552 2817 614 2877 ein¬

684 2817 727 2877 die
756 2817 803 2877 sich
842 2817 865 2877 in
899 2817 986 2877 schier
1015 2820 1273 2880 unerschöpflichen
1312 2820 1504 2880 Variationen
1542 2823 1714 2883 abwandelt

94 2853 119 2913 r,
135 2853 192 2913 daß
218 2853 265 2913 der
291 2853 410 2913 Mensch
437 2853 525 2913 dieser
556 2856 623 2916 Zeit

681 2856 737 2916 und
775 2856 849 2916 alles
887 2856 1026 2916 Absolute
1060 2859 1181 2919 auflöst,
1209 2859 1251 2919 die
1284 2859 1307 2919 in
1350 2859 1405 2919 und
1443 2859 1512 2919 über
1546 2859 1592 2919 der
1625 2861 1709 2921 Liebe

86 2892 258 2952 stürmenden
295 2892 409 2952 Lebens
446 2892 495 2952 wie
528 2893 609 2953 einen

686 2896 728 2956 die
757 2895 919 2955 „Liebelei"
953 2895 1058 2955 (1895)
1082 2896 1129 2956 als
1159 2898 1397 2958 lebengestaltend
1431 2899 1545 2959 ansieht
1569 2899 1626 2959 und
1655 2900 1703 2960 den

85 2931 124 2991 cht
164 2931 218 2991 von
263 2931 316 2991 der
357 2931 607 2991 melancholischen

687 2936 834 2996 „Reigen“
879 2933 967 2993 (1896
1007 2934 1198 2994 geschrieben,
1228 2937 1321 2997 späler
1356 2937 1400 2997 als
1435 2937 1631 2997 Manuskript
1666 2938 1710 2998 ge¬

81 2967 110 3027 as
149 2970 206 3030 und
249 2970 455 3030 Entgleitens,
490 2970 542 3030 daß
586 2971 614 3031 er

682 2973 779 3033 druckt
812 2973 868 3033 und
905 2973 989 3033 wider
1023 2973 1069 3033 den
1111 2976 1218 3036 Willen
1255 2975 1301 3035 des
1339 2976 1470 3036 Dichters
1508 2975 1582 3035 1920
1624 2979 1707 3039 unter

95 3009 167 3069 aale
195 3009 272 3069 eines
304 3009 504 3069 Weltentinos
541 3012 614 3072 sitzen

682 3012 868 3072 skandalösen
903 3012 1069 3072 Umständen
1104 3013 1156 3073 zur
1181 3015 1372 3075 Aufführung
1401 3015 1569 3075 gebracht!)
1588 3016 1612 3076 in
1641 3018 1702 3078 zehn

102 3050 265 3110 Filmstreif
291 3048 337 3108 der
368 3050 527 3110 Menschen
569 3050 619 3110 und

687 3050 780 3110 Sznen
813 3049 868 3109 von
902 3048 948 3108 der
977 3049 1070 3109 Dirne
1099 3050 1150 3110 zur
1179 3050 1276 3110 Dirne
1305 3053 1435 3113 schlingt,
1459 3051 1501 3111 die
1530 3053 1642 3113 einmal
1670 3054 1712 3114 so¬

93 3089 137 3149 sich
168 3086 404 3146 vorübergleiten
435 3089 508 3149 ließ.
543 3089 612 3149 Was

684 3089 750 3149 gar,
775 3089 798 3149 im
842 3089 985 3149 „Grünen
1014 3089 1148 3149 Kakadu"
1182 3089 1301 3149 (1893),
1321 3091 1368 3151 den
1398 3092 1483 3152 tollen
1517 3092 1627 3152 Wirbel
1656 3095 1703 3155 von

106 3125 160 3185 nur
190 3128 268 3188 leicht
299 3128 505 3188 verschleierter
525 3128 613 3188 Pessi¬

687 3128 775 3188 Spiel
803 3128 859 3188 und
892 3128 1083 3188 Wirklichkeit
1111 3128 1153 3188 in=
1186 3128 1241 3188 und
1274 3131 1507 3191 gegeneinander
1536 3131 1624 3191 stellt,
1652 3133 1703 3193 und

84 3164 174 3224 tigkeit
205 3167 280 3227 jedes
311 3167 494 3227 Erlebnisses
535 3169 625 3229 weiß,

687 3167 787 3227 endlich
821 3167 945 3227 „Traum
984 3166 1036 3226 und
1065 3167 1218 3227 Schicksal“
1252 3169 1357 3229 (1931,
1377 3170 1439 3230 eine
1463 3170 1559 3230 bielige
1578 3171 1707 3231 Sonder¬

94 3203 164 3263 nteit
191 3204 236 3264 des
267 3207 337 3267 Ich,
364 3206 414 3266 das
445 3206 511 3266 halb
543 3206 618 3266 skep¬

682 3206 815 3266 ausgabe
849 3206 897 3266 der
931 3206 1223 3266 charakteristischsten
1262 3208 1439 3268 Novellen!)
1464 3209 1565 3269 seltsam
1613 3211 1703 3271 genug

86 3242 177 3302 sultat
206 3242 307 3302 solcher
337 3245 607 3305 Weltanschauung

684 3245 856 3305 verknüpft,
885 3245 923 3305 ist
957 3245 1057 3305 müde,
1086 3245 1148 3305 doch
1187 3245 1268 3305 nicht
1302 3248 1498 3308 beruhigend,
1528 3249 1714 3309 sinnenhaft,

90 3283 322 3343 idealistische
356 3283 467 3343 Ethos,
496 3283 554 3343 wie
588 3283 617 3343 es

682 3283 716 3343 do
746 3281 824 3341 nicht
849 3283 996 3343 sinnhaft.
1026 3283 1089 3343 Und
1119 3283 1172 3343 das
1202 3285 1275 3345 Sein
1310 3287 1344 3347 ist
1369 3286 1452 3346 somit
1477 3286 1531 3346 das
1561 3289 1702 3349 Nichtsein

83 3313 91 3373 3
133 3319 411 3379 Expressionismus
453 3322 599 3382 wiederum

682 3322 729 3382 des
759 3322 908 3382 Werdens
938 3322 995 3382 „der
1025 3322 1174 3382 Zukunft!

84 3358 158 3418 erein
192 3358 257 3418 eine
286 3361 516 3421 Unmöglichkeit
545 3361 624 3421 war.

724 3359 766 3419 Es
800 3360 833 3420 ist
858 3359 939 3419 klar,
958 3361 1011 3421 daß
1045 3361 1093 3421 der
1122 3361 1260 3421 Katholik
1289 3361 1318 3421 zu
1352 3361 1400 3421 den
1434 3363 1538 3423 bereits
1572 3364 1625 3424 von
1659 3367 1706 3427 der

80 3397 123 3457 tes
152 3397 349 3457 dichterisches
380 3400 480 3460 Werk,
500 3397 552 3457 das
587 3397 610 3457 in

684 3401 749 3461 Zeit
786 3400 973 3460 entwerteten
1016 3400 1133 3460 Werten
1170 3403 1408 3463 Schnitzlerschen
1451 3404 1610 3464 Schaffens
1652 3405 1703 3465 kein

80 3436 208 3496 listischer
249 3438 382 3498 Hinsicht
423 3436 447 3496 in
492 3439 615 3499 gleicher

681 3440 872 3500 mesenhaftes
906 3439 1082 3499 Verhältnis
1116 3441 1178 3501 hat,
1202 3442 1254 3502 daß
1288 3444 1336 3504 er,
1360 3442 1403 3502 der
1437 3443 1513 3503 einer
1542 3446 1618 3506 Idee
1647 3445 1709 3505 lebt

86 3477 105 3537 l,
136 3474 171 3534 ist
202 3474 308 3534 typisch
344 3474 395 3534 für
431 3474 501 3534 diese
538 3477 618 3537 Zeit,

687 3480 740 3540 und
777 3480 813 3540 an
855 3480 936 3540 einen
972 3479 1104 3539 Himmel
1141 3480 1208 3540 über
1245 3480 1290 3540 sich
1331 3480 1449 3540 glaubt,
1477 3482 1531 3542 das
1568 3483 1708 3543 ideenlose

78 3515 110 3575 st;
133 3513 201 3573 denn
238 3513 375 3573 während
403 3513 512 3573 andere
540 3513 613 3573 Per¬

684 3519 824 3579 Genügen
861 3517 889 3577 in
927 3521 983 3581 rein
1020 3520 1151 3580 irdischem
1198 3521 1361 3581 Spieltrieb
1399 3521 1473 3581 nicht
1502 3520 1548 3580 als
1582 3523 1707 3583 Vorbild

81 3552 94 3612 se
130 3552 178 3612 der
214 3552 400 3612 befreundete
436 3553 521 3613 Hugo
561 3555 609 3615 von

684 3558 842 3618 empfinden
889 3558 982 3618 kann.
1025 3558 1099 3618 Beim
1146 3558 1243 3618 Ethos
1281 3558 1355 3618 liegt
1389 3558 1435 3618 die
1473 3561 1701 3621 Entscheidung.

74 3591 229 3651 George
259 3591 319 3651 und
349 3594 499 3654 schließ.ich
534 3593 618 3653 sogar

687 3597 742 3657 Und
780 3597 821 3657 die
855 3599 939 3659 Zeit,
962 3598 1004 3658 die
1038 3597 1093 3657 mit
1122 3597 1168 3657 dem
1215 3598 1490 3658 Expressionismus
1528 3599 1570 3659 ihm
1617 3603 1701 3663 gegen

81 3631 127 3691 die
164 3632 357 3692 Flüchtigkeit
394 3630 440 3690 der
478 3630 503 3690 so
540 3633 618 3693 ganz

681 3636 732 3696 den
765 3636 882 3696 Dichter
915 3636 1002 3696 Recht
1027 3636 1101 3696 gab,
1125 3637 1175 3697 hat
1204 3638 1278 3698 einen
1311 3639 1404 3699 Toten
1442 3637 1493 3697 auf
1517 3638 1568 3698 der
1596 3641 1707 3701 Strecke

109 3675 179 3735 Zeit
213 3675 327 3735 wußten
371 3673 425 3733 und
464 3674 501 3734 sie
535 3672 615 3732 dem¬

684 3678 823 3738 gelassen,
856 3678 943 3738 einen
981 3680 1100 3740 vielfach
1138 3679 1288 3739 gefeierten
1333 3681 1445 3741 Toten,
1478 3682 1565 3742 dessen
1609 3684 1700 3744 Leben

1780 1862 1834 1922 nur
1869 1865 1927 1925 noch
1962 1867 2001 1927 ein
2036 1870 2138 1930 Schein
2173 1874 2246 1934 war,
2271 1875 2315 1935 als
2346 1877 2389 1937 er,
2409 1878 2458 1938 der
2488 1881 2585 1941 solchen
2620 1884 2723 1944 Schein
2758 1885 2802 1945 oft

1780 1904 1938 1964 gepriesen,
1962 1907 2079 1967 wirklich
2112 1910 2205 1970 starb.
2239 1913 2294 1973 Die
2323 1915 2435 1975 Sterne
2463 1919 2570 1979 jedoch,
2594 1922 2678 1982 gegen
2716 1922 2795 1982 deren

1781 1942 1888 2002 sanftes
1930 1945 2070 2005 Leuchten
2117 1947 2158 2007 die
2201 1951 2350 2011 blitzenden
2393 1957 2555 2017 Irrlichter
2598 1959 2644 2019 des
2691 1960 2788 2020 müden

1785 1980 1916 2040 Spielers
1954 1983 2112 2043 verblassen
2150 1988 2281 2048 müssen,
2309 1990 2366 2050 sind
2398 1995 2472 2055 ewig
2510 1996 2562 2056 und
2600 1999 2641 2059 die
2674 1999 2800 2059 Gottea¬

1779 2022 1867 2082 augen
1907 2023 1975 2083 übex
2001 2024 2079 2084 einer
2110 2029 2247 2089 gottlosen
2282 2029 2370 2089 Welt.
