3392 4352
201 308 321 368 12.

933 298 980 358 s
1039 300 1269 360 Death

410 303 777 363 Schnitzl

400 542 496 602 Die
534 542 955 602 Schnitzler-Feier
1008 542 1044 602 im
1112 543 1259 603 Burg-

753 609 928 669 theater

438 652 451 712 *
494 662 555 722 Die
593 664 874 724 Schnitzler-Feier
926 661 982 721 des
1024 663 1268 723 Burgthea¬

405 700 499 760 ters
530 702 623 762 findet
650 702 683 762 am
727 702 860 762 Sonntag
903 700 954 760 den
1003 700 1053 760 15.
1075 700 1109 760 d.
1144 700 1268 760 mittags

408 739 500 799 statt.
519 742 576 802 Das
603 740 766 800 Programm
807 739 930 799 umfaßt
949 737 1138 797 einleitende
1161 737 1275 797 Musik,

404 777 453 837 die
500 777 550 837 die
596 777 863 837 Philharmoniker
905 777 996 837 unter
1039 774 1164 834 Leitung
1214 774 1268 834 von

409 816 546 876 Clemens
578 816 724 876 Krauß
756 816 893 876 spielen,
934 814 1018 874 dann
1067 813 1151 873 folgt
1200 813 1266 873 eine

408 855 696 915 Gedächtnisrede,
740 855 789 915 die
834 852 918 912 Felix
958 852 1112 912 Salten
1166 852 1267 912 halten

408 894 474 954 wird
511 894 586 954 Eine
613 894 804 954 Aufführung
836 892 885 952 des
907 892 1076 952 Einakters
1103 891 1272 951 „Letzte

405 933 603 993 Masken“
635 933 692 993 aus
719 933 771 993 dem
816 930 931 990 Zyklus
958 930 1152 990 „Lebendige
1179 927 1275 987 Stun-

404 969 481 1029 den“
520 968 610 1028 unter
645 968 696 1028 der
731 971 825 1031 Regie
860 968 967 1028 Albert
998 965 1161 1025 Heines
1196 965 1264 1025 wird

410 1008 453 1068 die
489 1010 573 1070 Feier
604 1008 815 1068 beschließen.
843 1006 895 1066 Die
922 1005 1028 1065 beiden
1064 1004 1266 1064 Hauptrollen

410 1048 530 1108 werden
561 1047 617 1107 von
643 1046 747 1106 Raoul
765 1046 894 1106 Aslan
925 1046 980 1106 und
1011 1043 1119 1103 Albert
1141 1043 1274 1103 Heine

405 1088 538 1148 gespielt
565 1085 703 1145 werden.
726 1085 889 1145 Sämtliche
916 1082 1019 1142 Rollen
1050 1082 1103 1142 des
1130 1082 1281 1142 Stückes,

405 1127 483 1187 auch
525 1126 571 1186 die
618 1124 788 1184 kleinsten,
822 1123 888 1183 sind
935 1121 988 1181 mit
1026 1121 1126 1181 ersten
1160 1121 1276 1181 Schau¬

408 1165 537 1225 spielern
571 1162 626 1222 des
660 1162 886 1222 Burgtheaters
916 1159 1054 1219 besetzt.

446 1202 548 1262 Anton
581 1201 804 1261 Wildgans
837 1198 935 1258 wollte
968 1198 1187 1258 unsprünglich
1225 1195 1271 1255 die

408 1237 809 1297 Schnitzler-Gedenkrede
862 1235 960 1295 selbst
1010 1237 1116 1297 halten
1197 1234 1276 1294 doch

408 1280 514 1340 wegen
550 1279 651 1339 soiner
682 1276 889 1336 Erkrankung
925 1276 1000 1336 kann
1036 1274 1066 1334 er
1098 1276 1159 1336 dies
1186 1273 1274 1333 nicht

405 1318 477 1378 tun.
501 1318 582 1378 Felix
614 1317 787 1377 Salten,
815 1315 897 1375 einer
924 1315 978 1375 der
1007 1312 1134 1372 Wiener
1157 1312 1279 1372 Künst¬

406 1358 466 1418 ler,
492 1356 547 1416 der
578 1355 758 1415 Schnitzler
789 1353 819 1413 am
871 1351 1017 1411 nächsten
1056 1352 1168 1412 stand,
1199 1350 1267 1410 wird

405 1395 462 1455 bei
498 1395 551 1455 der
592 1392 805 1452 Gedenkfeier
846 1391 921 1451 über
962 1389 1059 1449 Artur
1104 1389 1277 1449 Schnitzler

403 1437 585 1497 sprechen.

368 1934 1079 1994 OBSERVER

452 1986 478 2046 l.
492 1989 611 2049 österr.
625 1996 772 2056 behördl.
786 2005 1083 2065 konzessioniertes

398 2029 639 2089 Unternehmen
672 2038 717 2098 für
740 2048 1127 2108 Zeitungs-Ausschnitte

449 2086 601 2146 WIEN,
630 2097 678 2157 I.,
706 2106 990 2166 WOLLZEILE
1033 2115 1081 2175 11

547 2148 765 2208 TELEPHON
798 2157 973 2217 R-23-0-43

662 2250 815 2310 XCEME
840 2249 987 2309 ZEBEUR

350 2282 564 2342 Ausschnitt
590 2288 676 2348 dus:

776 2380 826 2440 6.
844 2388 973 2448 NOV.
991 2388 1101 2448 1937

368 2547 447 2607 Post
476 2549 630 2609 mortem.
654 2544 693 2604 M.
717 2547 842 2607 Arthur
865 2550 1123 2610 Schnitzler,
1141 2553 1232 2613 dessen

304 2592 383 2652 letzte
415 2592 632 2652 Lebensjahre
659 2592 827 2652 verbittert
854 2592 981 2652 waren,
1013 2593 1092 2653 weil
1119 2593 1150 2653 er
1182 2595 1229 2655 sich

304 2632 357 2692 von
394 2634 443 2694 den
489 2635 643 2695 Bühnen,
666 2634 833 2694 besonders
870 2634 897 2694 in
933 2637 1064 2697 Berlin,
1092 2638 1232 2698 vernach¬

308 2679 410 2739 lässigt
434 2679 578 2739 glaubte,
602 2679 658 2739 soll
686 2679 854 2739 demnächst
883 2679 966 2739 durch
1000 2679 1064 2739 eine
1098 2682 1233 2742 Gedenk¬

311 2722 376 2782 feier
405 2725 454 2785 des
482 2724 675 2784 Staatlichen
704 2724 997 2784 Schauspielhauses
1025 2727 1135 2787 geehrt
1158 2727 1235 2787 wer¬

308 2765 376 2825 den.
419 2765 482 2825 Bei
509 2765 661 2825 Lebzeiten
699 2765 735 2825 ist
757 2766 789 2826 er
816 2766 847 2826 an
884 2767 979 2827 dieser
1006 2768 1111 2828 Stätte
1143 2768 1233 2828 wohl

306 2808 353 2868 nie
392 2810 445 2870 zur
484 2810 690 2870 Aufführung
735 2811 879 2871 gelangt.
922 2812 1004 2872 Auch
1038 2813 1230 2873 Barnowsky

307 2855 395 2915 zeigt,
428 2856 618 2916 wenigstens
651 2855 702 2915 für
730 2855 781 2915 den
819 2855 907 2915 Buß=
931 2855 991 2915 und
1024 2855 1074 2915 den
1112 2858 1228 2918 Toten¬

310 2900 449 2960 sonntag,
492 2900 561 2960 eine
604 2900 906 2960 Wiederaufnahme
944 2900 1000 2960 des
1047 2902 1228 2962 „Professor

307 2943 504 3003 Bernhardi“
542 2941 603 3001 an.
632 2938 645 2998 —
707 2943 754 3003 In
801 2941 890 3001 einer
919 2944 1229 3004 Neueinstudierung

302 2986 357 3046 von
395 2986 544 3046 Schillers
582 2986 820 3046 „Wallenstein“
853 2986 885 3046 am
933 2986 1081 3046 Berliner
1115 2989 1231 3049 Schau¬

307 3029 461 3089 spielhaus
509 3031 561 3091 gab
606 3031 793 3091 Schnitzlers
837 3030 927 3090 Sohn
977 3034 1120 3094 Heinrich
1174 3034 1226 3094 den

304 3075 504 3135 schwedischen
541 3076 769 3136 Hauptmann.
806 3072 851 3132 Er
888 3073 947 3133 hat
979 3076 1033 3136 da,
1066 3076 1157 3136 wenn
1198 3077 1230 3137 er

302 3118 353 3178 vom
400 3118 573 3178 Heldentod
611 3121 690 3181 Max
719 3118 953 3178 Piccolominis
991 3121 1150 3181 berichtet,
1183 3121 1229 3181 die

309 3161 407 3221 Worte
436 3164 463 3224 zu
497 3164 656 3224 sprechen:
680 3164 788 3224 „Viele
816 3162 872 3222 sind
906 3162 952 3222 bei
981 3163 1060 3223 uns,
1079 3165 1126 3225 die
1155 3165 1234 3225 seine

301 3207 468 3267 Großmut
507 3207 567 3267 und
609 3207 712 3267 seiner
755 3207 857 3267 Sitten
895 3207 1147 3267 Freundlichkeit
1185 3208 1231 3268 er¬

303 3249 427 3309 fahren,
457 3252 514 3312 und
553 3252 610 3312 alle
640 3252 750 3312 rührte
784 3251 841 3311 sein
876 3252 1033 3312 Geschick.“
1087 3252 1159 3312 Nur
1193 3253 1221 3313 zu

299 3294 492 3354 begreiflich,
511 3297 562 3357 daß
596 3297 675 3357 viele
704 3297 750 3357 bei
774 3297 868 3357 dieser
897 3297 995 3357 Stelle
1019 3297 1160 3357 weniger
1188 3298 1226 3358 an

300 3338 351 3398 den
381 3338 552 3398 gefallenen
587 3338 796 3398 Reiteroberst
823 3338 869 3398 als
904 3338 938 3398 an
972 3340 1019 3400 den
1058 3341 1126 3401 eben
1161 3341 1229 3401 ver¬

299 3383 454 3443 storbenen
487 3383 609 3443 Dichter
638 3383 694 3443 mit
723 3383 873 3443 Wehmut
897 3383 1038 3443 dachten.

340 3469 392 3529 pn.
419 3470 541 3530 Arthur
568 3473 752 3533 Schnitzlers
780 3476 1092 3536 literarischer
1119 3478 1213 3538 Nach

298 3512 364 3572 laß
399 3513 455 3573 hat
475 3515 522 3575 sich
552 3515 599 3575 bei
624 3518 795 3578 genauerer
825 3518 991 3578 Durchsicht
1016 3519 1082 3579 noch
1116 3522 1226 3582 reicher

297 3553 464 3613 erwiesen,
488 3557 536 3617 als
572 3559 637 3619 man
674 3559 771 3619 zuerst
793 3562 1023 3622 angenommen
1060 3565 1156 3625 hatte.
1184 3563 1192 3623 E

304 3598 407 3658 fanden
449 3601 494 3661 sich
531 3602 607 3662 nicht
635 3604 775 3664 weniger
808 3604 853 3664 als
890 3607 966 3667 neun
1003 3608 1117 3668 fertige
1149 3610 1207 3670 Ein

299 3643 394 3703 akter,
421 3646 570 3706 darunter
603 3649 688 3709 „Das
725 3649 847 3709 Wort“,
870 3649 924 3709 das
956 3651 1010 3711 den
1047 3653 1137 3713 Kreis
1169 3654 1209 3714 um

304 3688 392 3748 Peter
421 3691 589 3751 Altenberg
622 3691 805 3751 behandelt,
829 3696 931 3756 „Haus
965 3697 1151 3757 Delorme“,
1171 3700 1226 3760 das

299 3732 425 3792 zugleich
458 3732 516 3792 mit
544 3735 593 3795 dem
639 3735 783 3795 „Grünen
820 3738 965 3798 Kakadu“
992 3740 1128 3800 entstand
1160 3743 1218 3803 und

293 3776 347 3836 vor
375 3775 471 3835 vielen
508 3780 632 3840 Jahren
683 3780 751 3840 kurz
784 3783 839 3843 vor
867 3782 921 3842 der
949 3786 1224 3846 Erstaufführung

297 3817 350 3877 von
381 3819 430 3879 dem
474 3822 593 3882 Dichter
625 3826 854 3886 zurückgezogen
890 3828 1009 3888 wurde,
1032 3830 1089 3890 und
1121 3831 1160 3891 ein
1191 3831 1217 3891 in

295 3860 398 3920 Versen
431 3867 615 3927 abgefaßtes
644 3870 742 3930 Spiel
761 3870 817 3930 aus
846 3870 897 3930 dem
941 3875 1218 3935 Dreißigjährigen

293 3906 391 3966 Krieg.
439 3911 519 3971 Drei
548 3912 660 3972 Bände
689 3915 925 3975 Aphorismen,
954 3917 1071 3977 „Kunst
1095 3917 1123 3977 im
1171 3916 1227 3976 all¬

296 3950 493 4010 gemeinen",
512 3954 596 4014 „Zum
639 3956 741 4016 Wesen
775 3956 826 4016 der
855 3959 971 4019 Kritik“
995 3961 1056 4021 und
1089 3962 1131 4022 die
1164 3962 1220 4022 aus

293 3995 343 4055 der
371 3996 552 4056 Kriegszeit
580 4001 771 4061 stammende
799 4004 999 4064 Sammlung
1036 4007 1122 4067 „Und
1154 4007 1222 4067 ein¬

298 4037 360 4097 mal
384 4038 456 4098 wird
485 4043 599 4103 wieder
629 4046 738 4106 Friede
763 4049 920 4109 werden",
940 4049 1026 4109 sollen
1060 4049 1126 4109 bald
1156 4049 1203 4109 ver

294 4082 468 4142 öffentlicht
492 4087 632 4147 werden.
656 4091 712 4151 Die
735 4094 932 4154 Tagebücher
955 4094 1102 4154 umfassen
1136 4094 1220 4154 mehr

294 4124 346 4184 als
373 4127 440 4187 zehn
478 4132 602 4192 Bände.

1508 297 1628 357 box
1706 300 1888 360 44/1

2558 1198 2626 1258 NN

1637 1288 1651 1348 *
1691 1291 1721 1351 In
1753 1292 1798 1352 der
1823 1294 2287 1354 Artur-Schnitzler-Gedenkfeier,
2304 1297 2349 1357 die
2373 1295 2420 1355 das
2444 1296 2575 1356 Doutscho
2599 1298 2753 1358 Künsfler¬

1586 1324 1703 1384 Theater
1727 1324 1805 1384 heute
1832 1326 1859 1386 7½
1903 1329 1957 1389 Uhr
1981 1329 2032 1389 mit
2052 1328 2098 1388 der
2126 1329 2294 1389 Aufführung
2322 1330 2368 1390 von
2396 1330 2556 1390 „Professor
2576 1333 2732 1393 Bernhardi

1582 1361 1605 1421 in
1633 1358 1890 1418 dergeszenierung
1918 1362 2007 1422 Victor
2031 1362 2210 1422 Barnowskys
2234 1363 2343 1423 begeht,
2363 1365 2397 1425 ist
2417 1365 2491 1425 Fritz
2515 1365 2631 1425 Kortner
2655 1366 2674 1426 in
2698 1365 2745 1425 der

1582 1395 1723 1455 Titelrolle
1749 1396 1925 1456 beschäftigt.
1959 1400 2008 1460 Die
2030 1400 2209 1460 Gedenkrede
2231 1398 2293 1458 hält
2311 1401 2364 1461 Dr.
2382 1401 2448 1461 Egon
2478 1401 2611 1461 Friedell.

1721 1686 1996 1746 Schnitzler-Feier
2024 1689 2045 1749 im
2089 1691 2256 1751 Deutschen
2289 1695 2576 1755 Künstlertheater.
2614 1697 2673 1757 Zum
2717 1697 2775 1757 Ge¬

1609 1730 1748 1790 dächtnis
1775 1730 1890 1790 Arthur
1910 1733 2101 1793 Schnitalers
2127 1734 2328 1794 veranstaltet
2354 1736 2404 1796 das
2429 1739 2585 1799 Deutsche
2611 1740 2776 1800 Künstler¬

1610 1771 1724 1831 theater
1758 1773 1786 1833 am
1830 1774 1978 1834 Busstag,
2002 1774 2049 1834 18.
2074 1776 2260 1836 November,
2289 1780 2341 1840 und
2375 1781 2618 1841 Totensonntag,
2643 1784 2690 1844 22.
2714 1783 2771 1843 No¬

1611 1816 1749 1876 vember,
1769 1818 1797 1878 je
1827 1819 1893 1879 eine
1922 1819 2118 1879 Aufführung
2147 1821 2200 1881 von
2234 1823 2415 1883 „Professor
2440 1827 2631 1887 Bernhardi“
2660 1828 2683 1888 in
2717 1829 2769 1889 der

1613 1861 1827 1921 Inszenierung
1855 1860 1956 1920 Victor
1980 1864 2182 1924 Barnowskys
2211 1867 2267 1927 mit
2284 1868 2368 1928 Fritz
2392 1871 2521 1931 Kortner
2550 1873 2572 1933 in
2601 1873 2656 1933 der
2680 1872 2775 1932 Titel¬

1612 1903 1702 1963 rolle.

1654 1965 1670 2025 *
1716 1964 1834 2024 Camille
1857 1966 2004 2026 Hammes,
2021 1967 2072 2027 der
2095 1968 2196 2028 zuletzt
2219 1970 2242 2030 in
2276 1971 2321 2031 der
2350 1973 2501 2033 „Dubarry“
2536 1975 2558 2035 im
2593 1977 2711 2037 Theater
2740 1980 2762 2040 im

1589 2001 1837 2061 Admiralspalast
1858 2004 1979 2064 auftrat,
1996 2004 2043 2064 ist,
2059 2004 2085 2064 42
2112 2004 2190 2064 Jahre
2212 2008 2264 2068 alt,
2281 2010 2438 2070 gestorben.

1719 2152 1975 2212 BERLINER
2014 2159 2338 2219 TAGVETTT

2111 2346 2209 2406 91.
2230 2334 2359 2394 UKT.
2380 2320 2478 2380 1637

1889 2703 1951 2763 10
2096 2716 2157 2776 11
2303 2731 2464 2791 1981

2138 2983 2351 3043 Vorträge.

1862 3058 2107 3118 Schnitzlerfeier.
2147 3052 2186 3112 In
2216 3050 2259 3110 der
2284 3047 2396 3107 Urania
2426 3044 2461 3104 ist
2486 3041 2588 3101 gestern
2618 3037 2706 3097 abend

1785 3100 1833 3160 von
1865 3100 1913 3160 ihr
1940 3096 1997 3156 und
2024 3094 2068 3154 der
2099 3091 2298 3151 „Concordia“
2330 3085 2379 3145 das
2410 3082 2560 3142 Andenken
2596 3074 2711 3134 Arthur

1790 3137 2035 3197 Schnitzlers
2072 3131 2121 3191 auf
2149 3127 2281 3187 würdige
2314 3125 2368 3185 und
2400 3120 2628 3180 eindrucksvolle
2660 3111 2719 3171 Art

1790 3177 1889 3237 geehrt
1926 3173 2061 3233 worden.
2107 3167 2170 3227 Der
2203 3168 2338 3228 Dichter,
2375 3162 2461 3222 dessen
2512 3156 2615 3216 Stücke
2661 3150 2715 3210 wie

1787 3215 1908 3275 überall
1931 3210 1994 3270 auch
2027 3210 2053 3270 in
2090 3208 2166 3268 Prag
2199 3205 2243 3265 oft
2267 3206 2388 3266 gespielt
2416 3198 2529 3258 worden
2565 3194 2624 3254 sind
2656 3191 2710 3251 und

1792 3255 1873 3315 dessen
1905 3252 1991 3312 Prosa
2019 3248 2046 3308 zu
2074 3246 2119 3306 dem
2156 3246 2310 3306 Schönsten
2338 3241 2456 3301 gehört,
2475 3236 2519 3296 das
2547 3234 2597 3294 vom
2638 3231 2711 3291 alten

1786 3294 1967 3354 Oesterreich
2000 3288 2237 3348 übriggeblieben
2284 3282 2335 3342 ist,
2368 3280 2423 3340 hat
2461 3276 2488 3336 in
2526 3273 2610 3333 Prag
2657 3270 2717 3330 eine

1786 3332 1874 3392 treue
1901 3326 2076 3386 Gemeinde.
2099 3325 2173 3385 Nach
2204 3322 2283 3382 einer
2314 3318 2520 3378 musikalischen
2552 3311 2723 3371 Introduk¬

1795 3372 1848 3432 tion
1897 3369 1940 3429 D.
1976 3365 2170 3425 Winters
2219 3360 2302 3420 hörte
2342 3359 2408 3419 man
2457 3354 2536 3414 einen
2585 3350 2717 3410 Vortrag

1796 3409 1958 3469 Johannes
1991 3403 2209 3463 Urzidils,
2237 3401 2288 3461 der
2321 3395 2497 3455 persönliche
2530 3389 2724 3449 Erinnerun¬

1793 3451 1842 3511 gen
1883 3447 1914 3507 an
1951 3445 2109 3505 Schnitzler
2142 3440 2318 3500 weitergab.
2364 3435 2431 3495 Das
2464 3432 2531 3492 Bild
2563 3428 2613 3488 des
2645 3425 2721 3485 toten

1802 3489 1933 3549 Dichters
1961 3485 1996 3545 ist
2015 3485 2038 3545 in
2070 3482 2156 3542 diesen
2188 3477 2443 3537 Aufzeichnungen
2475 3470 2607 3530 überaus
2634 3464 2729 3524 leben¬

1800 3531 1840 3591 dig
1868 3524 2071 3584 festgehalten.
2117 3519 2244 3579 Sodann
2281 3515 2407 3575 brachten
2444 3511 2507 3571 Else
2539 3507 2724 3567 Arnold¬

1799 3565 1999 3625 Schauer,
2027 3561 2130 3621 Franz
2163 3556 2335 3616 Bäuml,
2363 3550 2480 3610 Walter
2517 3548 2624 3608 Beck,
2648 3544 2736 3604 Arch.

1802 3606 1932 3666 Reich,
1955 3601 2081 3661 Richard
2114 3596 2295 3656 Schauer
2329 3592 2384 3652 und
2422 3589 2505 3649 Kurt
2529 3586 2728 3646 Weichert

1801 3645 1981 3705 Schnitzlers
2015 3640 2229 3700 „Paracelsus"
2270 3635 2297 3695 zu
2343 3631 2596 3691 wirkungsvollem
2648 3622 2732 3682 Vor¬

1804 3687 1891 3747 trag.
