3392 4384
164 402 206 462 2

1414 401 1545 461 box
1622 407 1861 467 43/20

307 407 896 467 Schnitzler's
957 409 1195 469 Deatl

142 981 852 1041 DBSERVER“

143 1047 165 1107 l.
180 1047 302 1107 österr.
311 1047 461 1107 behördl.
475 1044 770 1104 konzessioniertes

140 1088 331 1148 ternehmen
359 1085 409 1145 für
432 1082 819 1142 Zeitungs-Ausschnitte

141 1148 295 1208 WIEN,
324 1151 372 1211 I.,
402 1145 683 1205 WOLLZEILE
733 1146 774 1206 11

230 1199 454 1259 TELEPHON
492 1196 668 1256 R-23-0-43

137 1340 275 1400 chnitt
298 1340 385 1400 aus:

242 1450 393 1510 Bladet:

397 1509 770 1569 Plitiken

263 1736 402 1796 gkriver
422 1736 488 1796 den
536 1736 621 1796 2.7
650 1734 762 1794 DKI
800 1732 923 1792 1931

813 1784 1009 1844 27—10—31

1100 1784 1280 1844 Siddende
1303 1786 1314 1846 i
1347 1784 1388 1844 sin
1421 1786 1506 1846 dybe
1539 1785 1699 1845 Klubstol
1722 1784 1773 1844 vir

243 1787 493 1847 „Politikende
525 1787 668 1847 Kronik.

1822 1784 1881 1844 min
1912 1784 2012 1844 Side.
2043 1784 2093 1844 Da
2124 1787 2185 1847 han
2216 1787 2306 1847 atter
2327 1787 2467 1847 svarede
2488 1786 2547 1846 her
2600 1786 2649 1846 den
2681 1788 2781 1848 sidste
2812 1790 2841 1850 en
2883 1792 2963 1852 Bog,
2995 1793 3044 1853 der
3065 1793 3185 1853 syntes
3206 1792 3306 1852 samle

1036 1845 1116 1905 kede
1145 1844 1214 1904 Dr.
1238 1844 1445 1904 Schnitzler,
1469 1844 1514 1904 som
1562 1844 1619 1904 han
1654 1844 1780 1904 yndede
1816 1844 1896 1904 paa,
1920 1844 1983 1904 var
2013 1843 2047 1903 vi
2071 1844 2151 1904 uden
2186 1844 2220 1904 at
2244 1844 2365 1904 mærke
2395 1844 2446 1904 det
2475 1845 2532 1905 kom

2584 1845 2650 1905 Ord
2689 1847 2740 1907 for
2771 1847 2839 1907 Ord
2877 1850 2914 1910 ge
2937 1850 2996 1910 nem
3042 1850 3312 1910 Aarhundreder

1034 1906 1071 1966 at
1104 1903 1276 1963 benævnes
1308 1903 1397 1963 (man
1436 1904 1550 1964 kaldte
1583 1903 1646 1963 ham
1692 1902 1787 1962 uvil-
1813 1902 1876 1962 met
1896 1901 1946 1961 ind
1973 1901 1985 1961 i
2005 1902 2036 1962 en
2062 1904 2381 1964 Korrespondance,
2401 1904 2445 1964 som
2484 1904 2547 1964 med
2586 1904 2668 1964 „das
2701 1904 2790 1964 Buch
2829 1906 2885 1966 der
2918 1907 3064 1967 Sprüche
3097 1907 3160 1967 und
3199 1908 3301 1968 Beden

1036 1961 1191 2021 kaarligt
1215 1960 1406 2020 „Mester“,
1424 1960 1487 2020 men
1523 1960 1574 2020 den
1604 1960 1695 2020 Titel
1719 1960 1765 2020 fra

1810 1962 1846 2022 et
1877 1959 1989 2019 enkelt
2012 1960 2101 2020 Aars
2132 1962 2334 2022 Afbrydelse
2365 1963 2484 2023 varede
2515 1963 2559 2023 til
2590 1960 2671 2020 ken“
2702 1962 2716 2022 —
2762 1963 2829 2023 kan
2860 1963 2926 2023 man
2957 1963 3069 2023 tenke
3092 1966 3196 2026 sterre
3227 1966 3301 2026 Mod

1811 2020 1895 2080 hans
1922 2017 2012 2077 Dod.
2033 2019 2045 2079 I
2078 2019 2183 2079 denne
2210 2020 2470 2080 Brevskrivning
2503 2023 2554 2083 val

1043 2021 1135 2081 lagde
1165 2020 1228 2080 han
1257 2020 1303 2080 sig
1339 2020 1408 2080 med
1444 2020 1512 2080 stor
1542 2020 1774 2080 Bestemthed)

2589 2022 2784 2082 sæetninger,
2811 2023 2837 2083 og
2873 2023 2899 2083 er
2926 2023 2988 2083 der
3007 2023 3131 2083 noget,
3149 2023 3201 2083 der
3229 2023 3307 2083 bedr

305 2035 531 2095 Arthur
598 2035 888 2095 Schnitz

1038 2079 1087 2139 som
1145 2078 1339 2138 Imperator
1383 2077 1401 2137 i
1440 2077 1596 2137 Aandens
1641 2077 1785 2137 Verden,
1817 2078 1873 2138 det
1899 2077 1930 2137 en
1962 2077 2137 2137 Selvfolge
2163 2077 2200 2137 og
2232 2077 2263 2137 en
2301 2080 2476 2140 stiltiende
2502 2080 2552 2140 Af

2597 2080 2716 2140 maaler
2752 2082 2888 2142 Arthur
2914 2083 3128 2143 Schnitzlers
3180 2083 3299 2143 veeldig

1036 2137 1231 2197 Samtalens
1256 2134 1421 2194 suveræne
1451 2137 1652 2197 Behersker,
1671 2137 1705 2197 og
1736 2137 1770 2197 de

1813 2137 1896 2197 tale,
1918 2137 1945 2197 at
1967 2137 2029 2197 han
2058 2137 2113 2197 kun
2142 2137 2274 2197 kastede
2303 2138 2351 2198 den
2380 2140 2463 2200 Pind
2492 2140 2554 2200 paa
2583 2139 2828 2199 vidtfavnende
2856 2140 2975 2200 Aand!

347 2184 644 2244 personlig
696 2181 960 2241 Erindring

1034 2196 1205 2256 endskent
1231 2193 1286 2253 han
1317 2193 1373 2253 var
1399 2194 1484 2254 mere
1505 2193 1581 2253 tavs
1602 2193 1656 2253 end
1688 2193 1768 2253 talen

1812 2195 1927 2255 Ilden,
1956 2193 2014 2253 der
2050 2195 2159 2255 kunde
2195 2196 2293 2256 holde
2328 2196 2386 2256 den
2421 2197 2438 2257 i
2467 2197 2559 2257 Live.

2642 2195 2719 2255 Min
2759 2199 3052 2259 Korrespondance
3092 2199 3151 2259 med
3191 2199 3297 2259 Arthu

1037 2255 1093 2315 de.
1119 2253 1415 2313 Hemmeligheden
1453 2253 1515 2313 var
1547 2253 1629 2313 den,
1655 2253 1692 2313 at
1717 2253 1779 2313 han

1816 2253 1910 2313 Hans
1940 2253 2028 2313 Svar
2058 2253 2117 2313 var
2147 2253 2259 2313 korte,
2289 2256 2442 2316 præcise,
2466 2255 2536 2315 bela

2592 2256 2778 2316 Schnitzler
2804 2257 2860 2317 var
2885 2256 2933 2316 fra
2959 2256 3015 2316 min
3049 2256 3121 2316 Side
3147 2258 3236 2318 halvt
3261 2258 3308 2318 so.

483 2310 591 2370 Karen
617 2307 744 2367 Stampe
770 2308 904 2368 Bendix,
924 2310 968 2370 som
1001 2310 1013 2370 1
1039 2311 1102 2371 var
1141 2314 1180 2374 en
1225 2313 1384 2373 ypperlig
1417 2310 1576 2370 Tilhorer
1615 2312 1659 2372 af
1698 2310 1787 2370 disse
1820 2312 1941 2372 rende;
1961 2311 1998 2371 de
2018 2310 2069 2370 lod
2095 2312 2164 2372 ofte
2184 2313 2280 2373 vente
2294 2313 2472 2373 Maaneder
2498 2314 2555 2374 pas

2584 2316 2623 2376 en
2656 2314 2816 2374 Dagbog,
2841 2316 2936 2376 halvt
2969 2315 3032 2375 var
3066 2315 3113 2375 det
3146 2316 3201 2376 som
3250 2316 3305 2376 her

428 2363 460 2423 en
504 2358 672 2418 Aarrakke
717 2358 770 2418 var
809 2358 939 2418 knyttet
978 2358 1004 2418 ti

1037 2370 1177 2430 sjældne
1201 2370 1228 2430 og
1257 2370 1433 2430 kostelige,
1450 2370 1506 2430 der
1529 2370 1609 2430 uden
1637 2370 1671 2430 at
1688 2370 1784 2430 lukke

1817 2371 1882 2431 sig,
1895 2370 1961 2430 men
1992 2370 2028 2430 de
2047 2370 2185 2430 udeblev
2210 2372 2337 2432 aldrig,
2356 2374 2385 2434 og
2417 2372 2452 2432 de
2471 2372 2549 2432 inde

2595 2372 2710 2432 vendte
2734 2373 2780 2433 jeg
2805 2373 2873 2433 mig
2898 2372 2943 2432 til
2960 2372 2990 2432 en
3022 2372 3270 2432 Skriftefader,
3286 2378 3301 2438 c

424 2408 552 2468 Arthur
594 2405 775 2465 Schnitzler
817 2405 886 2465 med
928 2405 998 2465 Ven

1038 2429 1178 2489 karrigt
1198 2429 1235 2489 af
1255 2429 1299 2489 for
1326 2429 1370 2489 sig
1397 2429 1460 2489 selv
1480 2429 1588 2489 straks
1614 2427 1786 2487 indstiller
1813 2429 1914 2489 holdt
1934 2429 2030 2489 netop
2056 2429 2113 2489 den
2139 2429 2241 2489 Spore
2268 2431 2312 2491 til
2332 2432 2363 2492 at
2383 2431 2548 2491 fortsatte

2587 2429 2718 2489 hvilken
2742 2431 2998 2491 Skriftefader!
3030 2432 3131 2492 Han,
3147 2433 3193 2493 som
3232 2435 3309 2495 jong

428 2456 647 2516 skabsbaand,
677 2456 878 2516 fremdrager
915 2456 931 2516 i
962 2454 1002 2514 ne

1037 2491 1084 2551 sig
1120 2489 1184 2549 paa
1220 2489 1266 2549 sin
1302 2486 1390 2546 Gæst
1426 2489 1461 2549 og
1497 2487 1590 2547 soger
1621 2486 1655 2546 at
1685 2486 1785 2546 lokke
1816 2487 1874 2547 der
1904 2486 1962 2546 var
1998 2488 2186 2548 nodvendig
2222 2489 2274 2549 for
2311 2489 2345 2549 at
2375 2489 2445 2549 man
2481 2490 2557 2550 ikke

2591 2489 2700 2549 lerede
2734 2489 2803 2549 med
2843 2489 2969 2549 Ordet,
3001 2490 3135 2550 legende
3167 2491 3238 2551 let,

427 2504 645 2564 denstaaende
671 2504 796 2564 Artikel
828 2504 858 2564 en
900 2504 1014 2564 Række

432 2556 559 2616 Minder
582 2555 616 2615 om
653 2555 702 2615 den
738 2555 873 2615 beremte
895 2551 1016 2611 Kunst-
1045 2547 1144 2607 hende
1173 2546 1222 2606 til
1245 2546 1279 2606 at
1309 2546 1372 2606 tale
1402 2546 1444 2606 om
1488 2546 1558 2606 sine
1588 2544 1786 2604 Interesser,
1816 2545 1936 2605 skulde
1965 2546 2093 2606 trække
2122 2548 2171 2608 sig
2208 2549 2386 2609 beskedent
2415 2549 2564 2609 tilbage,
2594 2549 2814 2609 syneladende
2857 2547 3092 2607 overfladick;
3128 2550 3213 2610 han,
3256 2549 3305 2609 son

429 2606 489 2666 ner
522 2605 555 2665 og
583 2605 715 2665 forseger
743 2605 776 2665 at
793 2602 864 2662 give
887 2603 919 2663 en
942 2604 1013 2664 psy-
1041 2605 1108 2665 men
1141 2605 1201 2665 ger
1230 2602 1284 2662 det
1313 2602 1362 2662 saa
1395 2604 1483 2664 fint,
1506 2605 1571 2665 med
1605 2603 1660 2663 saa
1693 2602 1787 2662 kloge

1817 2602 1883 2662 Thi
1898 2603 1964 2663 Dr.
1987 2605 2193 2665 Schnitzler,
2209 2605 2268 2665 der
2291 2605 2416 2665 hadede
2439 2605 2498 2665 selv
2528 2606 2557 2666 at
2587 2605 2742 2665 spottede
2773 2605 2823 2665 det
2854 2608 2979 2668 hellige
3002 2608 3038 2668 og
3076 2608 3223 2668 blottede
3246 2608 3312 2668 hve

429 2656 566 2716 kologisk
595 2653 721 2713 Analyse
745 2653 772 2713 af
797 2653 1002 2713 Familie-Tra

1037 2665 1075 2725 og
1109 2662 1324 2722 forstaaende
1352 2662 1513 2722 Stikord,
1536 2662 1568 2722 at
1596 2662 1668 2722 man
1702 2663 1790 2723 tror,

1814 2662 2027 2722 brevskrive,
2043 2664 2073 2724 og
2104 2663 2172 2723 hvis
2196 2665 2425 2725 Haandskrift
2449 2665 2502 2725 var
2526 2666 2563 2726 af
2587 2663 2662 2723 lille
2687 2663 2961 2723 Næste-Svaghed
2992 2665 3060 2725 med
3092 2665 3122 2725 en
3153 2667 3282 2727 Kynism

433 2707 545 2767 gedien
573 2707 578 2767 i
600 2706 672 2766 hans
693 2704 793 2764 sidste
814 2704 966 2764 Leveaar.

1043 2724 1095 2784 det
1120 2722 1148 2782 er
1173 2722 1266 2782 ham,
1285 2722 1338 2782 der
1362 2722 1455 2782 forer
1480 2722 1786 2782 Konversationen,
1817 2722 1852 2782 en
1888 2722 1958 2782 rent
1994 2723 2028 2783 ud
2065 2722 2212 2782 genialsk
2254 2725 2495 2785 Ulæselighed,
2519 2722 2548 2782 el

2585 2725 2627 2785 en
2662 2722 2866 2782 Frivolitet,
2894 2725 2935 2785 som
2987 2725 3021 2785 er
3047 2724 3157 2784 blevet
3192 2724 3311 2784 Dogme

2590 2783 2653 2843 var
2700 2780 2717 2840 i
2746 2782 3004 2842 Virkeligheden
3042 2782 3189 2842 Verdens
3236 2782 3290 2842 me

317 2790 393 2850 Der
422 2788 456 2848 er
492 2786 708 2846 Mennesker,
737 2785 793 2845 der
822 2785 905 2845 helst
934 2786 1010 2846 skal
1046 2783 1094 2843 som
1137 2781 1171 2841 en
1208 2781 1326 2841 udsogt
1355 2781 1487 2841 Danser
1516 2782 1789 2842 tilsyneladende
1818 2779 1915 2839 skede
1937 2781 1971 2841 at
2000 2782 2049 2842 faa
2084 2782 2196 2842 Breve.
2218 2782 2295 2842 Han
2323 2782 2372 2842 lod
2401 2784 2456 2844 dem
2499 2785 2533 2845 om

1821 2839 1988 2899 byggeligt
2019 2838 2148 2898 sortere
2179 2840 2216 2900 og
2255 2841 2483 2901 katalogisere
2515 2843 2552 2903 og
2591 2841 2780 2901 nensomme
2820 2840 2857 2900 og
2896 2841 3131 2901 forstaaende,
3163 2839 3238 2899 mest

259 2851 310 2911 ses
351 2846 512 2906 staaende
553 2844 633 2904 eller
674 2844 840 2904 gaaende.
876 2841 1007 2901 Arthur
1043 2839 1135 2899 forer
1159 2838 1204 2898 sin
1234 2838 1331 2898 Dame
1355 2838 1435 2898 ved,
1453 2838 1533 2898 uden
1562 2838 1596 2898 at
1614 2838 1677 2898 hun
1706 2838 1786 2898 aner

2587 2898 2696 2958 sidigt
2722 2898 2879 2958 vidende,
2896 2898 2981 2958 mest
2998 2898 3139 2958 dedsens
3165 2898 3290 2958 alvorli

1818 2898 1940 2958 syslede
1972 2898 1983 2958 i
2015 2898 2051 2958 de
2082 2898 2186 2958 sidste
2218 2900 2285 2960 Aar
2316 2900 2383 2960 med
2421 2901 2549 2961 Tanker

262 2906 453 2966 Schnitzler
478 2904 599 2964 skulde
630 2903 713 2963 helst
744 2900 797 2960 ses
834 2901 1015 2961 siddende.
1046 2898 1117 2958 det,
1136 2898 1281 2958 smidigt
1311 2898 1341 2958 at
1372 2898 1461 2958 folge
1493 2898 1618 2958 hendes
1643 2898 1787 2958 mindste

1044 2955 1257 3015 Intentioner
1292 2955 1331 3015 og
1377 2958 1535 3018 saaledes
1575 2955 1784 3015 umærkeligt
1818 2955 1851 3015 om
1892 2955 1925 3015 at
1954 2955 2072 3015 udgive
2101 2956 2129 3016 en
2157 2958 2310 3018 Samling
2344 2958 2378 3018 af
2401 2958 2434 3018 de
2457 2958 2547 3018 inter

2592 2955 2784 3015 Menneske.
2833 2958 2937 3018 Hans
2970 2958 3057 3018 Spot
3090 2957 3153 3017 var
3187 2958 3218 3018 jo
3251 2956 3298 3016 ku

261 2966 331 3026 Saa
356 2964 532 3024 forsvandt
556 2961 756 3021 Indtrykket
780 2961 815 3021 af
834 2961 915 3021 hans
934 2961 992 3021 paa

1044 3015 1115 3075 lade
1151 3015 1252 3075 hende
1284 3015 1375 3075 fore.

1812 3015 2011 3075 essanteste.
2046 3015 2205 3075 Allerede
2226 3018 2274 3078 for
2302 3018 2349 3078 tre
2371 3018 2440 3078 Aar
2461 3018 2550 3078 siden
2592 3015 2750 3075 maskeret
2779 3015 2929 3075 Smerte,
2951 3015 3033 3075 huns
3062 3015 3274 3075 tilsynelader

261 3024 426 3084 faldende
457 3021 533 3081 lille
564 3021 700 3081 Statur,
724 3021 759 3081 og
795 3019 866 3079 man
902 3019 1020 3079 opfat¬

1097 3072 1167 3132 Mit
1221 3074 1460 3134 Bekendtskab
1520 3074 1589 3134 med
1655 3074 1784 3134 Arthur

2592 3074 2720 3134 Kulde,
2748 3074 2836 3134 hans
2871 3074 3006 3134 kyniske
3048 3074 3129 3134 Form
3185 3074 3245 3134 kun

1821 3074 1908 3134 skrev
1942 3074 2003 3134 han
2037 3074 2230 3134 personligt
2264 3075 2368 3135 rundt
2396 3074 2446 3134 til
2474 3074 2529 3134 dem

261 3083 337 3143 tede
362 3083 432 3143 blot
463 3082 492 3142 et
511 3079 712 3139 pragtfuldt
737 3077 878 3137 Hoved,
897 3077 950 3137 saa
974 3077 1003 3137 le

2590 3132 2676 3192 Skal
2692 3134 2742 3194 som
2779 3134 2807 3194 et
2830 3134 2909 3194 ydre
2931 3134 3019 3194 Værn
3041 3134 3077 3194 om
3114 3134 3142 3194 et
3165 3134 3287 3194 emfind

267 3143 386 3203 vende,
411 3142 446 3202 at
477 3140 530 3200 det
561 3139 681 3199 ligesom
729 3135 873 3195 svævede
904 3135 969 3195 frit
994 3134 1011 3194 i
1043 3131 1235 3191 Schnitzler
1259 3133 1337 3193 gaar
1368 3134 1397 3194 en
1428 3132 1505 3192 halv
1530 3131 1613 3191 Snes
1638 3132 1710 3192 Aar
1734 3131 1794 3191 til-
1819 3131 1879 3191 han
1909 3131 2017 3191 havde
2042 3134 2203 3194 udvalgt,
2222 3136 2257 3196 og
2288 3134 2348 3194 bad
2378 3134 2414 3194 om
2457 3134 2540 3194 Tilla

1038 3193 1121 3253 bage
1143 3191 1154 3251 i
1171 3191 1265 3251 Tiden
1293 3191 1325 3251 og
1348 3191 1403 3251 har
1426 3193 1469 3253 sin
1492 3191 1691 3251 egenartede
1714 3191 1774 3251 For

1818 3191 1901 3251 delse
1927 3191 1971 3251 til
1991 3191 2022 3251 at
2042 3192 2278 3252 offentliggore
2304 3192 2336 3252 et
2356 3194 2495 3254 Uddrag
2522 3194 2559 3254 af
2586 3192 2655 3252 ligt
2682 3191 2783 3251 Sind.

260 3200 389 3260 Luften
418 3200 457 3260 og
486 3194 830 3254 midtpunktsamlede
859 3194 926 3254 Ens
950 3194 994 3254 Op

1041 3248 1200 3308 historie.
1222 3250 1269 3310 Et
1297 3250 1476 3310 dramatisk
1514 3250 1657 3310 Arbejde
1685 3250 1790 3310 havde

2650 3248 2712 3308 F'or
2734 3250 2827 3310 mig,
2839 3250 2890 3310 som
2923 3250 3110 3310 merkeligt
3132 3250 3183 3310 nok
3206 3250 3278 3310 aldr

1814 3248 1906 3308 deres
1943 3248 2046 3308 Breve
2078 3249 2093 3309 —
2145 3250 2181 3310 en
2223 3250 2471 3310 Henvendelse,
2503 3250 2559 3310 der

265 3256 502 3316 mærksomhed
538 3256 550 3316 i
580 3256 609 3316 et
634 3253 734 3313 Blik,
758 3253 811 3313 der
842 3250 948 3310 havde
978 3253 1007 3313 er

1042 3307 1122 3367 vakt
1150 3307 1230 3367 hans
1257 3307 1549 3367 Opmærksomhed
1576 3309 1613 3369 og
1641 3307 1786 3367 bezæget
1819 3307 2029 3367 naturligvis
2057 3307 2154 3367 foltes
2176 3309 2224 3369 som
2268 3310 2299 3370 en
2327 3310 2472 3370 litterer
2494 3307 2542 3367 Ud

2588 3307 2694 3367 havde
2722 3307 2768 3367 set
2795 3307 2942 3367 Billeder
2969 3308 3008 3368 af
3030 3310 3122 3370 ham,
3143 3310 3229 3370 intet
3256 3307 3296 3367 vi

267 3316 482 3376 besynderlig
511 3313 676 3373 mærkelig
711 3311 826 3371 Magt.
849 3310 910 3370 Saá
944 3310 987 3370 ma

2593 3368 2636 3428 ste
2665 3367 2701 3427 om
2738 3367 2824 3427 hans
2854 3369 3026 3429 Udseende
3049 3367 3085 3427 og
3122 3367 3237 3427 Alder,
3266 3367 3301 3427 vo

262 3378 326 3438 ham
362 3374 509 3434 saaledes
534 3373 633 3433 forste
657 3373 775 3433 Gang,
793 3370 910 3430 husker
929 3369 999 3429 man
1041 3368 1099 3428 ham
1147 3367 1193 3427 til
1224 3367 1258 3427 at
1288 3367 1447 3427 tilskrive
1477 3367 1541 3427 mig
1572 3367 1671 3427 nogle
1701 3367 1789 3427 elsk-
1813 3367 1984 3427 mærkelse
2020 3367 2055 3427 af
2091 3368 2178 3428 Rang
2220 3370 2273 3430 som
2321 3370 2403 3430 selve
2439 3370 2544 3430 Nobel

1043 3425 1191 3485 værdige
1223 3425 1287 3485 Ord
1319 3426 1387 3486 med
1425 3427 1626 3487 Indbydelse
1658 3425 1705 3485 til
1732 3426 1785 3486 ved

2581 3427 2643 3487 han
2693 3427 2927 3487 efterhaanden
2971 3427 3081 3487 blevet
3116 3427 3150 3487 et
3186 3424 3310 3484 Symbe

1823 3426 1949 3486 prisen.

266 3436 329 3496 ham
366 3433 451 3493 altid
478 3433 525 3493 som
563 3432 685 3492 Buste;
701 3430 738 3490 og
765 3428 791 3488 en
823 3429 940 3489 Bustes
962 3429 998 3489 un

1042 3486 1217 3546 Lejlighed
1263 3483 1302 3543 at
1342 3483 1461 3543 besoge
1502 3483 1563 3543 ham
1620 3485 1637 3545 i
1683 3483 1789 3543 Wien.

1865 3483 1910 3543 En
1942 3483 2044 3543 anden
2071 3483 2147 3543 ikke
2174 3486 2301 3546 ringere
2328 3486 2552 3546 Udmærkelse
2578 3486 2616 3546 og
2655 3485 2725 3545 vort
2752 3483 2860 3543 fjerne
2893 3485 3034 3545 Forhold
3066 3486 3162 3546 noget
3188 3483 3290 3543 luftig

266 3492 521 3552 derforstaaede
543 3489 711 3549 Skikkelse
734 3486 793 3546 har
815 3486 907 3546 ingen
934 3486 1004 3546 Hoj

1049 3543 1139 3603 Mere
1179 3543 1241 3603 end
1286 3543 1370 3603 hans
1411 3542 1669 3602 anerkendende
1715 3541 1782 3601 Ord
1817 3541 1878 3601 var
1907 3542 1940 3602 at
1969 3543 2019 3603 faa
2054 3543 2138 3603 hans
2167 3546 2279 3606 nyeste
2308 3543 2369 3603 Bog
2404 3544 2544 3604 tilsendt

2587 3543 2907 3603 uhaandgribeligt,
2927 3543 2976 3603 som
3021 3545 3070 3605 jeg
3102 3541 3208 3601 mente
3234 3543 3303 3603 vile

266 3554 324 3614 de,
342 3552 423 3612 eller
447 3549 634 3609 forestiller
658 3548 728 3608 man
758 3547 804 3607 sig
828 3546 862 3606 en
892 3546 1003 3606 Hojde

1048 3600 1280 3660 interesserede
1313 3602 1376 3662 mig
1413 3603 1471 3663 dog
1509 3602 1540 3662 en
1572 3600 1693 3660 kritisk
1731 3600 1772 3660 Re

1822 3600 1878 3660 Den
1917 3602 2121 3662 næstsidste,
2147 3603 2210 3663 han
2243 3603 2377 3663 sendte,
2403 3603 2460 3663 var
2492 3603 2549 3663 den
2588 3602 2690 3662 briste
2716 3600 2766 3660 som
2812 3602 2843 3662 en
2876 3603 2990 3663 Boble,
3010 3601 3086 3661 hvis
3112 3600 3162 3660 det
3189 3600 3258 3660 blev

264 3614 304 3674 er
335 3612 390 3672 den
426 3607 664 3667 imponerende
695 3605 730 3665 og
761 3604 877 3664 svarer
908 3605 953 3665 til
979 3606 1009 3666 er

2593 3660 2749 3720 Realitet.
2778 3660 2849 3720 Det
2871 3660 2920 3720 kom
2964 3660 3071 3720 derfor
3093 3660 3142 3720 som
3178 3660 3206 3720 en
3236 3657 3299 3717 Bor

1042 3663 1133 3723 plik,
1160 3660 1214 3720 der
1247 3660 1300 3720 var
1333 3661 1408 3721 dybt
1441 3660 1630 3720 rammende
1657 3660 1689 3720 og
1722 3660 1781 3720 gav
1819 3660 2018 3720 henrivende
2046 3660 2186 3720 Novelle
2214 3662 2310 3722 „Frl.
2332 3660 2450 3720 Else“,
2473 3661 2547 3721 skre

265 3669 404 3729 statelig
461 3666 678 3726 Fremtoning
730 3666 801 3726 med
852 3663 991 3723 plastisk

2586 3720 2646 3780 be,
2664 3719 2698 3779 da
2725 3719 2786 3779 ban
2813 3719 2970 3779 meddelte
2997 3721 3083 3781 mig,
3101 3719 3127 3779 at
3155 3718 3214 3778 han
3242 3716 3293 3776 skt

1044 3719 1237 3779 Anledning
1268 3719 1310 3779 til
1335 3721 1365 3781 en
1396 3719 1546 3779 skriftlig
1578 3719 1705 3779 Duplik
1735 3719 1789 3779 fra

1822 3719 1868 3779 vet
1896 3719 1935 3779 og
1970 3719 2043 3779 last
2070 3720 2083 3780 i
2110 3722 2143 3782 et
2191 3721 2304 3781 eneste
2338 3719 2538 3779 Aandedrag

267 3733 306 3793 og
341 3728 529 3788 fornemme
558 3722 780 3782 Bevægelser.
