3436 4320
221 231 247 291 2

369 243 956 303 Schnitzlers
1024 243 1259 303 beath

325 492 435 552 Latralt
456 491 486 551 de

325 560 439 620 Adresse

319 667 400 727 Date

659 684 791 744 PARIS

331 738 410 798 Signe

494 742 500 802 -
554 749 593 809 Le
634 754 802 814 romnneier
838 752 870 812 et
906 757 996 817 poète
1032 764 1196 824 autriehen

478 789 593 849 Arthur
613 792 795 852 Schnitzler,
807 795 886 855 dont
903 795 946 855 les
966 798 1057 858 livres
1073 804 1196 864 avaient

478 828 581 888 aequis
607 828 657 888 une
686 834 862 894 renommée
888 837 1096 897 européenne,
1114 843 1200 903 vient

482 867 516 927 de
547 870 662 930 mourir

363 1651 1083 1711 OBSERVER

445 1703 470 1763 I.
484 1703 604 1763 österr.
614 1705 765 1765 behördl.
775 1704 1082 1764 konzessiontertes

403 1745 637 1805 Unternehmen
669 1745 717 1805 für
740 1745 1129 1805 Zeitungs-Ausschnitte

453 1803 598 1863 WIEN.
633 1808 679 1868 I.,
707 1808 993 1868 WOLLZEILE
1040 1808 1080 1868 11

550 1858 767 1918 TELEPHON
806 1858 986 1918 R-23-0-43

350 2000 574 2060 Ausschnitt
602 2002 690 2062 aus:

243 2268 560 2328 FMaNLEUROPE
606 2265 845 2325 NOUVELIE,

245 2332 451 2392 bis,
485 2326 591 2386 Quai
626 2323 845 2383 d'Oraay,

1069 2345 1282 2405 NOVEMBRE

620 2375 754 2435 PARIS
793 2380 843 2440 7.

1114 2411 1229 2471 1931

248 2449 332 2509 Date

257 2520 341 2580 Sent

791 2661 969 2721 Arthur
1010 2664 1291 2724 Schnitzler.

257 2732 394 2792 Arthur
424 2730 620 2790 Schnitzler
650 2727 748 2787 vient
773 2727 812 2787 de
857 2727 1048 2787 s'éteindre
1088 2728 1102 2788 d
1152 2728 1284 2788 Vienne

226 2778 316 2838 dans
343 2778 374 2838 sa
402 2775 721 2835 soirante-dirième
749 2774 875 2834 année.
898 2772 938 2832 La
970 2769 1168 2829 littérature
1204 2771 1289 2831 olle¬

228 2823 353 2883 mande
382 2823 465 2883 perd
498 2823 577 2883 avec
605 2820 656 2880 lut
684 2820 749 2880 l'un
783 2820 824 2880 de
852 2818 908 2878 ses
936 2817 1080 2877 auteurs
1118 2817 1168 2877 les
1206 2818 1284 2878 plus

228 2865 404 2925 illustres.

266 2910 329 2970 Son
364 2910 507 2970 masque
532 2906 748 2966 tourmenté,
768 2906 896 2966 ravagé
931 2903 1206 2963 d'intelligence,
1226 2903 1285 2963 son

228 2954 351 3014 regard
385 2954 413 3014 si
433 2954 691 3014 curieusement
711 2950 835 3010 pesant
859 2948 887 3008 et
912 2948 1050 3008 réveur,
1070 2949 1121 3009 son
1156 2948 1289 3008 sourtre

221 2999 373 3059 c'ironie
402 2999 430 3059 et
450 2999 487 3059 de
512 2996 635 3056 bonté,
655 2995 678 3055 la
707 2993 797 3053 mort
817 2995 864 3055 les
889 2994 902 3054 a
932 2993 1045 3053 glacés
1070 2991 1174 3051 d'une
1199 2990 1289 3050 séré¬

229 3042 300 3102 nité
324 3041 386 3101 qui
406 3041 477 3101 leur
501 3041 553 3101 fut
578 3038 683 3098 sertes
707 3036 908 3096 étrangère.

267 3086 330 3146 Les
354 3083 517 3143 premiers
540 3084 658 3144 succès
682 3082 718 3142 de
741 3082 937 3142 Schnitzler
960 3079 1155 3139 remontent
1179 3077 1187 3137 à
1215 3076 1292 3136 près

228 3127 268 3187 de
296 3128 468 3188 quarante
496 3128 577 3188 ans,
596 3127 735 3187 lorsque
764 3124 813 3184 ses
845 3124 1017 3184 comédies
1045 3122 1171 3182 comme
1203 3123 1298 3183 Ana¬

232 3175 317 3235 tole,
341 3172 538 3232 Amourette
572 3171 671 3231 (pour
706 3172 748 3232 ne
777 3170 863 3230 citer
897 3169 959 3229 que
993 3169 1040 3229 les
1084 3166 1165 3226 plus
1208 3165 1294 3225 célè¬

235 3219 342 3279 bres),
366 3218 393 3278 le
421 3215 617 3275 dlassèrent
641 3216 803 3276 d'emblée
831 3214 952 3274 parmi
976 3214 1026 3274 les
1055 3211 1217 3271 parrains
1245 3210 1282 3270 du

229 3261 465 3321 naturalisme
494 3258 686 3318 allemand.

266 3306 300 3366 Il
325 3306 487 3366 affectait
507 3305 600 3365 alors
626 3303 664 3363 un
694 3304 802 3364 genre
827 3303 940 3363 léger,
960 3300 1049 3360 mais
1074 3299 1103 3359 il
1123 3299 1167 3359 ne
1192 3300 1285 3360 tarda

230 3353 295 3413 pas
324 3352 337 3412 à
370 3348 505 3408 évoluer
538 3347 612 3407 verr
640 3347 706 3407 une
734 3346 957 3406 padlosophie
1000 3345 1074 3405 plus
1117 3342 1288 3402 complexe

235 3396 316 3456 faite
348 3393 573 3453 d'amertume
605 3393 636 3453 et
664 3391 930 3451 d'indulgence.
953 3390 1043 3450 C'est
1066 3387 1156 3447 dans
1202 3387 1287 3447 cette

233 3440 304 3500 voie
332 3439 418 3499 qu'i.
441 3438 554 3498 donna
587 3437 681 3497 toute
709 3435 736 3495 sa
768 3434 904 3494 mesure
931 3434 1013 3494 avec
1050 3432 1108 3492 des
1145 3432 1289 3492 romans

231 3482 362 3542 comme
385 3481 643 3541 Mademoiselle
666 3479 743 3539 Else
766 3481 793 3541 et
816 3477 984 3537 Thérèse,
998 3478 1079 3538 avec
1102 3476 1161 3536 des
1179 3474 1292 3534 pièces

235 3527 362 3587 comme
393 3527 432 3587 La
464 3526 560 3586 route
588 3524 763 3584 solltatre,
781 3525 825 3585 Le
852 3522 1054 3582 profasseur
1081 3521 1297 3581 Bernhardi,

233 3571 468 3631 L'interluds,
483 3572 526 3632 Le
551 3569 651 3629 jeune
681 3566 815 3626 Médard

275 3617 317 3677 Le
341 3615 455 3675 public
480 3614 532 3674 fut
556 3614 627 3674 lent
651 3614 660 3674 à
690 3612 718 3672 le
747 3611 971 3671 cemprendre
1000 3611 1028 3671 et
1053 3611 1066 3671 à
1096 3610 1124 3670 le
1148 3608 1262 3668 suivre

228 3659 323 3719 dans
346 3661 377 3721 ce
405 3659 545 3719 profond
573 3656 808 3716 psychézogue
831 3656 890 3716 qui
913 3656 945 3716 se
968 3653 1090 3713 livrait
1113 3653 1194 3713 avec
1217 3655 1294 3715 tant

233 3705 273 3765 de
300 3703 454 3763 maîtrise
482 3703 495 3763 à
522 3703 549 3763 la
581 3700 762 3760 dissection
794 3700 830 3760 de
858 3700 884 3760 la
916 3697 1038 3757 pensée
1066 3697 1246 3757 humaine,
1270 3697 1292 3757 il

235 3748 292 3808 eut
319 3748 415 3808 peine
447 3748 459 3808 à
491 3748 711 3808 reconnaître
738 3746 764 3806 le
796 3744 892 3804 poète
919 3744 1043 3804 enjoué
1070 3742 1127 3802 des
1154 3742 1294 3802 amours

235 3790 455 3850 viennoises.

278 3835 365 3895 Mais
391 3835 582 3895 Schnitzler
609 3833 691 3893 finit
718 3832 779 3892 par
806 3831 992 3891 s'imposer
1008 3829 1023 3889 ;
1039 3829 1064 3889 il
1085 3829 1137 3889 fut
1163 3829 1297 3889 traduit

237 3879 327 3939 dans
350 3879 458 3939 toutes
486 3879 530 3939 les
553 3877 715 3937 langues,
734 3876 761 3936 il
779 3877 833 3937 fut
852 3874 1014 3934 apprécié
1037 3872 1122 3932 dans
1145 3872 1222 3932 tous
1245 3873 1294 3933 les

241 3926 345 3986 pays,
368 3923 591 3983 noiamment
618 3920 650 3980 en
696 3921 832 3981 France
873 3919 914 3979 où
960 3918 1051 3978 nous
1088 3917 1237 3977 aimions
1279 3915 1296 3975 d

236 3966 415 4026 retrouver
446 3966 531 4026 dans
561 3966 612 4026 ses
643 3966 780 4026 œuvres
810 3964 887 4024 d'un
921 3963 1096 4023 carartère
1127 3961 1293 4021 pourtant

238 4014 391 4074 original
415 4014 630 4074 l'empreinte
663 4011 845 4071 indélébile
874 4010 911 4070 de
939 4008 1042 4068 notre
1070 4008 1219 4068 culture.

1475 243 1594 303 box
1678 248 1909 308 43/18

2026 204 2137 264 Fatrait
2154 206 2185 266 de

2024 273 2138 333 Adresse

2018 381 2096 441 Date

2023 452 2103 512 Signé
2119 452 2134 512 :

2704 616 2829 676 ues.

1898 625 2025 685 rane
2055 623 2170 683 guerre
2200 622 2210 682 e
2252 619 2524 679 daesruvu

2675 688 2708 748 le
2743 685 2771 745 15
2801 685 2930 745 janvier
2960 685 3027 745 1850

1932 692 2043 752 Vierre
2072 691 2217 751 PAlis,
2237 691 2275 751 ne
2300 691 2314 751 à
2339 691 2455 751 Jtodez
2484 690 2624 750 (Aveyro

1895 748 2017 808 décédé
2047 748 2057 808 à
2092 748 2219 808 Madrid
2250 745 2279 805 le
2304 744 2338 804 20
2368 742 2500 802 oétobre
2530 742 2604 802 1031
2629 742 2643 802 ;
2663 737 2830 797 directeur
2860 739 2894 799 de
2925 739 2949 799 la
2979 739 3062 799 Casa

1906 800 2088 860 Velasquez
2122 801 2135 861 ;
2154 801 2276 861 autour
2304 798 2341 858 de
2370 798 2515 858 travaux
2543 795 2772 855 historiques.

1933 868 2070 928 thur
2102 870 2387 930 SCIINIIZLEI,
2409 867 2450 927 né
2483 867 2519 927 en
2556 865 2651 925 1862,
2673 865 2799 925 décédé
2832 864 2841 924 à
2884 864 3010 924 Vienne
3043 861 3068 921 le

1890 926 1937 986 21
1967 925 2100 985 octobre
2135 926 2207 986 1031
2238 925 2250 985 ;
2273 924 2466 984 romancler
2496 921 2530 981 et
2552 920 2775 980 drumaturge
2810 918 3016 978 autrichien.

1943 980 1985 1040 De
2020 978 2097 1038 race
2132 979 2299 1039 israélite,
2326 977 2454 1037 comme
2489 975 2515 1035 le
2545 975 2747 1035 philosophe
2782 975 2815 1035 de
2850 974 2875 1034 la
2915 972 3078 1032 sexualité

1919 1032 2104 1092 Weininger
2132 1031 2163 1091 et
2186 1031 2209 1091 le
2237 1029 2413 1089 biologiste
2441 1028 2472 1088 de
2501 1028 2527 1088 la
2555 1028 2722 1088 sexualité
2750 1025 2877 1085 Freud,
2896 1025 3077 1085 Schnitzler

1909 1088 1951 1148 fut
1982 1088 2007 1148 le
2038 1088 2228 1148 romancier
2259 1085 2297 1145 de
2332 1085 2357 1145 la
2388 1085 2556 1145 sexualité
2587 1083 2621 1143 et
2647 1082 2686 1142 de
2716 1082 2902 1142 l'érotisme
2932 1080 2945 1140 ;
2967 1079 3078 1139 toutes

1906 1141 1954 1201 ses
1983 1142 2118 1202 cuvres
2151 1142 2228 1202 sont
2253 1140 2310 1200 des
2339 1142 2412 1202 plus
2442 1139 2695 1199 pernicieuses.

1835 1189 2062 1249 Aussemmt
2089 1193 2177 1253 aus:

1869 1249 2127 1309 omola,
2173 1258 2256 1318 Pa.

2097 1372 2352 1432 Dezonber
2401 1378 2518 1438 1931

1829 1410 1950 1470 vom:

1796 3984 1859 4044 haut
1874 3984 1898 4044 en
1918 3985 1977 4045 ba»,
1992 3986 2001 4046 à
2022 3986 2227 4046 pauhe.Le
2247 3987 2326 4047 pte
2351 3986 2458 4046 fmand
2483 3987 2620 4047 Ravmond
2645 3984 2811 4044 lerman,
2821 3984 2900 4044 thu
2940 3984 3086 4044 Schnitler
3106 3987 3154 4047 qui

1820 4023 1860 4083 et
1879 4026 1947 4086 mort
1962 4026 1991 4086 au
2021 4026 2141 4086 moment
2156 4026 2181 4086 ou
2207 4026 2250 4086 son
2273 4026 2378 4086 dernier
2397 4026 2407 4086 i
2429 4026 2484 4086 man
2507 4026 2641 4086 paraiseait
2660 4024 2805 4084 *Venne;
2820 4025 2842 4085 le
2864 4025 3013 4085 romancier
3032 4026 3152 4086 polanai-

1826 4065 1964 4125 Veueslas
1985 4065 2077 4125 letent
2185 4065 2250 4125 it
2298 4068 2330 4128 Le
2344 4066 2423 4126 prand
2444 4065 2589 4125 humaniste
2604 4065 2676 4125 Vto
2710 4065 2822 4125 Berard,
2837 4065 2849 4125 M
2890 4065 2982 4125 Lucien
3009 4065 3121 4125 Deave

1826 4106 1981 4166 ur
2016 4103 2191 4163 Chardne.
2205 4106 2320 4166 eur
2334 4104 2367 4164 e
