3392 4384
449 506 694 566 eus
730 504 881 564 Ierele
930 509 1128 569 Lesrn

1613 518 1693 578 23.
1714 518 1856 578 Oktober
1892 518 1999 578 1931.

2311 524 2375 584 Ne.
2384 521 2481 581 24116

663 694 827 754 Der
921 699 1115 759 Tod
1209 704 1586 764 Arthur
1664 709 2284 769 Schniblers.

561 809 648 869 Die
682 812 866 872 hentige
907 814 1220 874 Leichenfeier.

1484 814 1795 874 Verwertung
1830 814 1876 874 des
1906 817 2316 877 interessantesten
2351 819 2611 879 Makerials

1484 859 1566 919 vor
1614 859 1796 919 Ablauf
1844 859 1920 919 der
1968 863 2162 923 nächsten
2216 864 2422 924 dreißig,
2469 865 2510 925 ja
2564 863 2604 923 in

427 872 487 932 Die
515 873 644 933 irdische
671 876 765 936 Hülle
793 877 861 937 Dr.
882 879 1003 939 Arthur
1039 881 1221 941 Schnitzlers
1250 884 1330 944 wird
1365 885 1445 945 heute

1489 907 1676 967 einigen
1707 909 1876 969 Fällen
1907 909 2039 969 sogar
2070 911 2251 971 vierzig
2283 910 2475 970 Jahren.

326 918 454 978 Freitag
492 921 522 981 um
573 924 652 984 ½12
689 924 750 984 Uhr
782 927 966 987 vormittags
997 927 1053 987 vom
1096 931 1311 991 Trauerhause
1343 930 1361 990 in
1398 930 1447 990 der

1645 969 1737 1029 Das
1773 972 1944 1032 Beileid
1987 972 2058 1032 des
2102 975 2458 1035 Burgtheaters.

329 969 630 1029 Sternwartestraße
663 969 714 1029 auf
740 971 791 1031 den
830 972 1100 1032 Zentralfriedhof
1126 978 1177 1038 (1.
1203 978 1279 1038 Tor)
1306 981 1446 1041 gebracht

328 1012 387 1072 und
424 1013 478 1073 auf
508 1014 556 1074 dem
605 1017 809 1077 israelitischen
852 1020 1002 1080 Friedhof
1033 1022 1195 1082 beigesetzt.

1584 1024 1649 1084 Der
1679 1026 1826 1086 Direktor
1851 1026 1904 1086 des
1935 1029 2177 1089 Burgtheaters,
2201 1031 2314 1091 Hofrat
2338 1029 2444 1089 Anton
2475 1029 2616 1089 Wild¬

416 1056 478 1116 Die
507 1059 676 1119 Beisetzung
710 1063 761 1123 des
790 1064 931 1124 Dichters
960 1064 1072 1124 erfolgt
1102 1068 1123 1128 in
1152 1067 1231 1127 einem
1277 1070 1445 1130 Ehren¬

1492 1073 1627 1133 gans,
1645 1073 1695 1133 hat
1719 1070 1764 1130 sich
1793 1073 1900 1133 gestern
1935 1073 1957 1133 in
1992 1073 2042 1133 das
2071 1076 2264 1136 Sterbehaus
2288 1076 2407 1136 Arthur
2430 1076 2611 1136 Schnitzlers

314 1101 436 1161 grab
468 1104 516 1164 der
541 1108 891 1168 israelitischen
928 1115 1376 1175 Kultusgemeinde,
1401 1116 1443 1176 die

1485 1121 1512 1181 in
1551 1121 1605 1181 der
1638 1118 1931 1178 Sternwartestraße
1965 1121 2111 1181 begeben,
2139 1122 2176 1182 um
2226 1122 2274 1182 dem
2319 1124 2427 1184 Sohne
2466 1122 2519 1182 und
2553 1122 2606 1182 den

320 1148 369 1208 sich
414 1151 619 1211 unmittelbar
658 1152 730 1212 nach
770 1157 946 1217 Einlangen
997 1160 1046 1220 der
1086 1160 1352 1220 Todesnachricht
1391 1163 1446 1223 mit

1487 1166 1615 1226 anderen
1643 1168 1993 1228 Familienmitgliedern
2022 1169 2071 1229 des
2100 1169 2316 1229 Verstorbenen
2345 1169 2400 1229 das
2423 1169 2606 1229 Beileid

318 1195 419 1255 diesem
459 1198 639 1258 Anerbieten
668 1200 701 1260 an
736 1202 781 1262 die
804 1205 939 1265 Familie
968 1206 1114 1266 gewandt
1137 1208 1232 1268 hatte.
1250 1208 1306 1268 Ein
1340 1211 1441 1271 später

1488 1211 1563 1271 des
1599 1214 1948 1274 Burgtheaters
1983 1217 2029 1277 zum
2077 1217 2234 1277 Ausdruck
2269 1217 2298 1277 zu
2327 1217 2479 1277 bringen.
2503 1215 2618 1275 Hofrat

313 1244 560 1304 eingetroffenes
596 1247 779 1307 Anerbieten
815 1250 867 1310 der
897 1253 1151 1313 Gemeinde
1187 1256 1292 1316 Wien,
1322 1259 1439 1319 Arthur

1492 1260 1659 1320 Wildgans
1683 1262 1734 1322 hat
1758 1262 1833 1322 einen
1863 1262 1967 1322 Kranz
1991 1262 2181 1322 überbracht,
2199 1264 2251 1324 der
2269 1262 2321 1322 auf
2339 1262 2431 1322 seinen
2466 1262 2605 1322 Schleifen

316 1286 485 1346 Schnitzler
514 1288 536 1348 in
571 1292 649 1352 einem
690 1294 740 1354 von
774 1294 825 1354 der
848 1295 1012 1355 Gemeinde
1046 1300 1289 1360 beizustellenden
1323 1303 1441 1363 Ehren¬

1495 1305 1632 1365 folgende
1664 1306 1815 1366 Inschrift
1847 1309 1960 1369 trägt:
1992 1306 2186 1366 „Seinem
2231 1311 2393 1371 großen
2432 1309 2613 1369 Dichter

321 1335 391 1395 grab
433 1335 456 1395 zu
492 1337 662 1397 bestatten,
687 1341 792 1401 mußte
822 1342 880 1402 mit
910 1342 1004 1402 Danä
1040 1346 1204 1406 abgelehnt
1234 1347 1375 1407 werden,
1399 1349 1434 1409 da

1494 1351 1531 1411 in
1564 1353 1634 1413 den
1667 1354 1839 1414 Jahren
1872 1354 1987 1414 1895
2013 1354 2083 1414 bis
2116 1357 2231 1417 1931
2270 1357 2347 1417 das
2379 1358 2615 1418 dankbare

322 1381 401 1441 schon
438 1382 546 1442 vorher
576 1386 626 1446 der
656 1388 779 1448 Antrag
816 1390 866 1450 der
896 1393 1179 1453 Kultusgemeinde
1209 1395 1433 1455 angenommen

1489 1402 1838 1462 Burgtheater.

317 1426 438 1486 worden
470 1429 554 1489 war.

402 1477 484 1537 Wir
510 1477 641 1537 erhalten
680 1480 818 1540 folgende
850 1483 950 1543 Zeilen
989 1484 1039 1544 vom
1084 1486 1196 1546 Sohne
1222 1490 1442 1550 Schnitzlers:

1581 1503 1640 1563 Ein
1667 1503 1813 1563 Anschlag
1840 1505 1859 1565 im
1900 1506 2105 1566 Buretheater
2126 1506 2191 1566 teilt
2218 1504 2264 1564 den
2292 1506 2490 1566 Mitgliedern
2517 1506 2609 1566 dieser

320 1521 537 1581 „Verehrliche
568 1524 780 1584 Redaktion:
811 1527 865 1587 Ich
902 1528 1023 1588 ersuche
1054 1533 1089 1593 um
1145 1533 1332 1593 freundliche
1363 1536 1441 1596 Ver¬

1493 1548 1603 1608 Bühne
1634 1551 1676 1611 die
1708 1551 1830 1611 Stunde
1855 1552 1904 1612 des
1941 1554 2279 1614 Leichenbegängnisses
2316 1551 2371 1611 mit
2402 1553 2457 1613 und
2494 1551 2610 1611 fordert

318 1569 538 1629 öffentlichung
570 1571 618 1631 der
650 1575 858 1635 beifolgenden
889 1577 1091 1637 letztwilligen
1123 1582 1368 1642 Verfügungen,
1393 1584 1442 1644 die

1493 1601 1530 1661 sie
1550 1599 1618 1659 auf,
1638 1599 1687 1659 der
1714 1600 2034 1660 Trauerkundgebung
2060 1604 2109 1664 für
2135 1602 2248 1662 Arthur
2274 1602 2438 1662 Schnitzler
2463 1602 2613 1662 möglichst

318 1614 368 1674 sich
406 1617 430 1677 im
481 1617 644 1677 Nachlasse
676 1620 795 1680 meines
827 1620 946 1680 Vaters
984 1626 1191 1686 vorgefunden
1230 1629 1348 1689 haben,
1380 1629 1411 1689 un

1493 1644 1651 1704 vollzählig
1684 1647 1915 1707 beizuwohnen.

317 1663 393 1723 bitte
423 1662 446 1722 im
494 1665 611 1725 Namen
647 1665 723 1725 aller
754 1668 1024 1728 Hinterbliebenen
1060 1672 1107 1732 die
1137 1676 1266 1736 gesamte
1296 1677 1437 1737 Oeffent¬

311 1710 452 1770 lichkeit,
478 1711 548 1771 diese
581 1713 728 1773 Wünsche
761 1715 813 1775 des
839 1717 1038 1777 Verewigten
1071 1720 1102 1780 zu
1135 1721 1250 1781 achten.

1564 1718 1896 1778 Jonruglisten-
1930 1718 2012 1778 und
2046 1719 2519 1779 Schriftstellerverein

936 1772 1079 1832 Heinrich
1107 1781 1373 1841 Schnitzler.

1872 1778 2228 1838 „Concordia“.

1568 1827 1655 1887 Unser
1683 1829 1905 1889 Ehrenmitglied
1933 1833 2007 1893 Herr
2035 1832 2095 1892 Dr.
2116 1832 2223 1892 Arthur
2251 1832 2481 1892 Schnitzler
2502 1834 2541 1894 ist
2556 1832 2589 1892 am

443 1841 517 1901 Die
556 1841 697 1901 letzten
736 1846 942 1906 Wünsche
981 1849 1056 1909 des
1095 1850 1320 1910 Dichters.

1476 1877 1541 1937 21.
1562 1875 1595 1935 d.
1617 1877 1756 1937 gestorben

405 1900 540 1960 „Wien,
567 1898 624 1958 29.
651 1901 747 1961 April
774 1904 877 1964 1912.

1564 1922 1629 1982 Das
1660 1925 1931 1985 Leichenbegängnis
1956 1925 2045 1985 findet
2070 1925 2178 1985 Freitog
2209 1925 2256 1985 den
2288 1926 2341 1986 93.
2360 1928 2389 1988 d.
2408 1927 2443 1987 um
2480 1927 2516 1987 12
2546 1926 2606 1986 Uhr

410 1954 687 2014 Bestimmungen,
706 1957 750 2017 die
769 1960 812 2020 ich
840 1960 911 2020 nach
930 1960 1045 2020 meinem
1091 1963 1215 2023 Ableben
1243 1966 1269 2026 zu
1297 1966 1421 2026 erfüller

1482 1969 1601 2029 mittags
1632 1970 1679 2030 auf
1704 1972 1746 2032 dem
1795 1972 2054 2032 Zentralfriedhofe
2079 1973 2127 2033 (1.
2145 1974 2223 2034 Tor)
2248 1974 2295 2034 von
2326 1975 2374 2035 der
2399 1973 2609 2033 Zeremonien¬

313 1999 396 2059 bitte

1477 2017 1561 2077 halle
1589 2017 1640 2077 aus
1666 2015 1744 2075 stact.

403 2050 647 2110 Herzstich,

1564 2064 1624 2124 Die
1645 2062 1752 2122 Herren
1781 2065 2031 2125 Vereinskollegen
2066 2065 2167 2125 werden
2202 2065 2330 2125 gebeten,
2344 2069 2398 2129 sich
2426 2068 2473 2128 zum
2514 2068 2601 2128 ketzten

404 2093 552 2153 Keine
577 2097 763 2157 Kränze

1480 2107 1594 2167 Geleite
1625 2111 1757 2171 zahlreich
1794 2113 1987 2173 einzufinden.

2224 2113 2309 2173 Der
2340 2115 2572 2175 Vorstand.

392 2140 537 2200 Keine
565 2143 744 2203 Parte!
771 2143 856 2203 Auch
890 2146 916 2206 in
950 2146 1002 2206 der
1037 2149 1168 2209 Zeitung
1202 2149 1288 2209 nicht

1495 2182 1615 2242 Eine
1648 2186 2163 2246 Beileidshundgebung
2204 2189 2381 2249 Schalom
2446 2187 2590 2247 Asch'.

404 2187 680 2247 Begräbnis
718 2193 878 2253 letzter
909 2194 1106 2254 Klasse!
1137 2196 1210 2256 Das
1242 2197 1334 2257 durch
1371 2198 1420 2258 Be

312 2233 439 2293 folgung
481 2235 575 2295 dieser
610 2236 859 2296 Bestimmungen
902 2238 1056 2298 erübrigte
1091 2242 1172 2302 Geld
1214 2241 1247 2301 ist
1281 2244 1429 2304 Spitals¬

1559 2239 1623 2299 Der
1649 2239 1765 2299 Dichter
1798 2241 1921 2301 Schalom
1973 2242 2056 2302 Isch
2090 2242 2141 2302 hat
2167 2241 2199 2301 en
2238 2241 2283 2301 den
2323 2241 2438 2301 Wiener
2472 2242 2607 2302 Penklub

308 2280 439 2340 zwecken
478 2280 697 2340 zuzuwenden.

1481 2286 1532 2346 das
1562 2286 1688 2346 folgende
1712 2289 2036 2349 Kondolenztelegramm
2077 2289 2232 2349 gerichtet:

403 2325 550 2385 Keine
580 2331 768 2391 Reden!

1563 2334 1651 2394 „Das
1675 2335 1887 2395 österreichische
1912 2336 2070 2396 Schrifttum
2113 2334 2165 2394 wie
2184 2334 2230 2394 das
2260 2335 2301 2395 der
2325 2334 2426 2394 ganzen
2456 2335 2538 2395 Welt
2556 2334 2608 2394 hat

407 2372 614 2432 Vermeidung
647 2377 767 2437 allen
800 2378 934 2438 rituellen
967 2378 1167 2438 Beiwerkes.
1184 2381 1431 2441 (Insbesondere

1480 2378 1562 2438 durch
1602 2378 1645 2438 den
1679 2378 1811 2438 Hintritt
1845 2378 1889 2438 des
1923 2379 2027 2439 großen
2066 2379 2193 2439 Dichters
2232 2379 2342 2439 Arthur
2376 2379 2602 2439 Schnitzler

314 2417 570 2477 Leichenwächter
600 2420 687 2480 usw.)

1479 2423 1561 2483 einen
1598 2423 1799 2483 unerseyzlichen
1841 2423 1959 2483 Verlust
1991 2423 2120 2483 erlitten.
2151 2423 2187 2483 Im
2240 2423 2347 2483 Namen
2389 2424 2430 2484 des
2467 2424 2600 2484 jüdischen

403 2465 551 2525 Keine
578 2468 761 2528 Trauer
788 2468 884 2528 tragen
920 2469 998 2529 nach
1025 2471 1138 2531 meinem
1183 2472 1287 2532 Tode,
1315 2474 1409 2534 absolu

1480 2471 1634 2531 Penklubs
1668 2468 1722 2528 und
1756 2470 1783 2530 in
1823 2471 1927 2531 meinem
1977 2471 2088 2531 eigenen
2127 2470 2231 2530 spreche
2260 2469 2298 2529 ich
2348 2471 2430 2531 hnen
2470 2471 2508 2531 die
2541 2469 2607 2529 auf¬

307 2510 413 2570 keine,

1477 2519 1621 2579 richtigste
1641 2517 1845 2577 Anteilnahme
1865 2519 1937 2579 aus.

2228 2519 2410 2579 Schalzm
2440 2519 2554 2579 Asch.

1021 2519 1145 2579 Arthur
1176 2522 1380 2582 Schnitzler."

399 2567 466 2627 Die
489 2567 548 2627 hier
572 2570 706 2630 gesperrt
730 2573 902 2633 gedruckten
925 2573 1037 2633 Worte
1060 2573 1113 2633 sind
1144 2574 1165 2634 in
1196 2575 1240 2635 der
1264 2579 1428 2639 Original¬

1483 2593 1815 2653 Trauersitzung
1848 2590 1916 2650 des
1948 2593 2343 2653 Schuhverbandes
2375 2595 2591 2655 deutscher

307 2612 500 2672 handschrift
529 2617 755 2677 unterstrichen.

1680 2650 1993 2710 Schriftsteller
2030 2650 2065 2710 in
2111 2650 2400 2710 Oesterreich.

2735 2653 2808 2713 (Die
2843 2656 2948 2716 letzten
2982 2659 3173 2719 Wänsche.)
3206 2662 3281 2722 Man
3314 2662 3366 2722 erin

306 2687 392 2747 Der
422 2690 692 2750 literarische
723 2692 906 2752 Nachlaß
936 2693 1109 2753 Arthur
1140 2698 1430 2758 Schnitzlers.

1558 2703 1626 2763 Der
1652 2701 1789 2761 Vorstand
1821 2701 1864 2761 des
1890 2704 2146 2764 Schutzverbandes
2178 2705 2315 2765 deutscher
2340 2704 2540 2764 Schriftsteller
2566 2703 2590 2763 in
2628 2701 2678 2761 der
2703 2701 2815 2761 Trauer
2847 2703 2897 2763 mit
2922 2705 3084 2765 besonderer
3110 2707 3247 2767 Vorliebe
3267 2710 3372 2770 daran,

1480 2745 1651 2805 Oesterreich
1679 2746 1734 2806 trut
1762 2746 1865 2806 gestern
1893 2746 1920 2806 zu
1955 2746 2030 2806 einer
2058 2749 2272 2809 Trauersitzung
2300 2749 2437 2809 anläßlich
2466 2747 2513 2807 des
2541 2745 2602 2805 Ab-
2631 2745 2748 2805 Arthur
2769 2749 2913 2809 Schnitzler
2941 2751 2988 2811 zeit
3010 2752 3099 2812 seines
3121 2753 3216 2813 Lebens
3244 2757 3298 2817 mit
3320 2758 3360 2818 dem

391 2755 513 2815 Arthur
534 2755 702 2815 Schnitzler
722 2755 774 2815 hat
794 2757 819 2817 in
853 2759 944 2819 seinem
984 2758 1159 2818 Testament
1179 2761 1269 2821 seinen
1303 2764 1419 2824 Sohr

1481 2787 1573 2847 lebens
1606 2786 1714 2846 Arthur
1741 2786 1909 2846 Schnitzlers
1937 2791 2115 2851 zusammen.

2630 2794 2659 2854 er
2684 2795 2725 2855 sich
2750 2795 2857 2855 immet
2870 2796 2966 2856 wieder
2984 2799 3092 2859 mühte,
3111 2801 3224 2861 Freund
3243 2803 3309 2863 Hein
3339 2803 3369 2863 di

296 2802 510 2862 Heinrich
556 2805 634 2865 zum
687 2804 959 2864 alleinigen
1006 2811 1415 2871 Testamentsvell

1557 2829 1604 2889 O.
1640 2826 1692 2886 M.
1728 2829 1928 2889 Fontana
1976 2829 2123 2889 würdigte
2165 2829 2206 2889 die
2254 2829 2601 2889 Gesamtpersönlichkeit,

2633 2839 2691 2899 Der
2716 2838 2781 2898 Stil
2799 2840 2840 2900 des
2864 2844 3106 2904 Vermächtnisses
3131 2846 3296 2906 Schnitzlers
3320 2847 3349 2907 an

303 2848 482 2908 strecher
507 2849 584 2909 und
621 2850 886 2910 Verwalter
917 2853 1067 2913 seines
1098 2856 1422 2916 liteiarischen

1475 2868 1587 2928 Erhard
1616 2871 1825 2931 Buschbeck
1854 2871 1899 2931 den
1928 2871 2086 2931 führenden
2115 2874 2160 2934 1.
2178 2871 2307 2931 matiker
2330 2874 2511 2934 Oesterreichs
2540 2871 2596 2931 und

2630 2886 2673 2946 der
2696 2886 2823 2946 Mensch.
2840 2888 2879 2948 Er
2901 2889 2962 2949 will
2979 2889 3006 2949 es
3029 2889 3050 2949 im
3089 2892 3161 2952 Tode
3184 2894 3255 2954 nicht
3278 2895 3360 2955 ander

295 2895 571 2955 Nachlasses
602 2898 843 2958 bestimmt.
874 2898 933 2958 Als
964 2898 1096 2958 Berater
1127 2901 1199 2961 wird
1236 2901 1278 2961 ihm
1326 2903 1404 2963 dabe

1470 2910 1619 2970 Sonka
1662 2910 1709 2970 den
1752 2913 1921 2973 väterlichen
1969 2913 2089 2973 Berater
2132 2916 2185 2976 und
2223 2917 2342 2977 Freund
2391 2916 2439 2976 des
2481 2916 2583 2976 Schutz

2625 2929 2694 2989 Nur
2718 2931 2775 2991 kein
2804 2934 2920 2994 Lärm!
2938 2934 3001 2994 Nur
3030 2937 3088 2997 bein
3117 2939 3285 2999 Aussehen!
3303 2943 3360 3003 Die

296 2940 384 3000 einem
443 2942 644 3002 letztwilligen
692 2946 839 3006 Wunsche
887 2946 940 3006 des
982 2946 1058 3006 toten
1106 2947 1253 3007 Dichters
1301 2954 1430 3014 zufolge,

1473 2953 1629 3013 verbandes
1664 2955 1803 3015 deutscher
1832 2955 2040 3015 Schriftsteller
2076 2959 2098 3019 in
2134 2958 2319 3018 Oesterreich,
2349 2958 2394 3018 dem
2442 2960 2597 3020 Schnitzler

2627 2979 2724 3039 Zeiten
2756 2979 2801 3039 der
2828 2979 2998 3039 Gentleman
3029 2982 3116 3042 unter
3143 2985 3183 3045 den
3215 2988 3353 3048 Literaten

290 2986 431 3046 Richard
461 2991 868 3051 Beer-Hoffmann
904 2994 950 3054 zur
980 2994 1069 3054 Teite
1099 2994 1210 3054 stehen.
1234 2997 1316 3057 Eine
1346 2999 1410 3059 ober

1479 2997 1525 3057 seit
1553 2994 1639 3054 seiner
1660 2997 1827 3057 Gründung
1855 2997 2014 3057 angehörte

2625 3026 2671 3086 sich
2695 3024 2741 3084 den
2771 3027 2898 3087 füncbren
2928 3029 3015 3089 Pomp
3045 3029 3085 3089 der
3115 3032 3242 3092 „schönen
3266 3034 3341 3094 Leich

294 3033 455 3093 flächliche
484 3035 634 3095 Sichtung
675 3037 726 3097 des
762 3038 976 3098 vorhandenen
1017 3041 1189 3101 Materials
1225 3041 1340 3101 ergab,
1369 3045 1421 3105 daß

1551 3036 1618 3096 Der
1647 3036 1788 3096 Vorstand
1817 3038 1958 3098 beschloß,
1981 3042 2009 3102 zu
2038 3041 2133 3101 Ehren
2168 3038 2213 3098 des
2242 3041 2371 3101 Dichters
2401 3039 2462 3099 eine
2485 3038 2597 3098 Toten¬

2626 3070 2682 3130 und
2711 3071 2840 3131 nirgends
2869 3074 2908 3134 der
2937 3074 3089 3134 Neugierde
3118 3077 3162 3137 der
3186 3079 3286 3139 Menge
3315 3082 3371 3142 Kon

1475 3077 1542 3137 feier
1565 3079 1593 3139 zu
1622 3080 1830 3140 veranstalten.
1848 3080 1954 3140 Weiter
1983 3081 2079 3141 wurde
2103 3082 2125 3142 im
2165 3080 2266 3140 Sinne
2289 3083 2396 3143 Arthur
2425 3080 2593 3140 Schnitzlere

301 3080 368 3140 eine
399 3082 571 3142 ungeheure
609 3083 731 3143 Anzahl
763 3084 811 3144 von
855 3089 1113 3149 Aufzeichnungen
1151 3089 1175 3149 im
1225 3089 1421 3149 Schreibtisch

2625 3116 2672 3176 hat
2702 3116 2749 3176 sich
2780 3119 2946 3179 eifersüchtig
2977 3122 3029 3182 dat
3060 3122 3149 3182 Richt
3173 3123 3227 3183 auf
3257 3126 3322 3186 seine

1463 3119 1653 3179 beschlossen,
1669 3121 1716 3181 dem
1754 3122 2081 3182 Unterstützungssonds
2108 3123 2150 3183 des
2177 3123 2430 3183 Schutzverbandes
2457 3126 2594 3186 beutscher

299 3128 349 3188 des
384 3127 525 3187 Dichters
554 3131 746 3191 aufbewahrt
775 3133 893 3193 waren.

1473 3164 1676 3224 Schriftsteller
1700 3164 1722 3224 in
1752 3167 1920 3227 Oesterreich
1944 3167 2002 3227 eine
2026 3168 2147 3228 größere
2172 3168 2293 3228 Summe
2317 3167 2520 3227 zuzuwenden.

2625 3161 2679 3221 Die
2706 3164 2809 3224 konnte
2837 3167 2896 3227 man
2930 3167 2956 3227 in
2989 3169 3076 3229 seinen
3104 3170 3228 3230 Werken
3256 3173 3358 3233 ausgez

387 3176 435 3236 Es
467 3176 570 3236 fanden
608 3176 657 3236 sich
688 3179 884 3239 verschiedene
910 3182 1254 3242 Novellenfragmente,
1273 3185 1426 3245 darunter

2621 3206 2652 3266 er
2685 3209 2865 3269 verpflichtet
2897 3212 2950 3272 sei,
2977 3212 3024 3272 als
3051 3215 3221 3275 Draufgobe
3258 3218 3327 3278 auch

295 3225 362 3285 eine
399 3224 577 3284 halbsertige
615 3227 756 3287 Novelle,
788 3227 836 3287 für
867 3227 978 3287 welche
1009 3229 1064 3289 der
1095 3230 1218 3290 Dichter
1256 3230 1304 3290 als
1342 3233 1427 3293 Titel

1538 3236 1797 3296 Kondolenz
1832 3237 1906 3297 der
1949 3239 2251 3299 französischen
2303 3239 2529 3299 Antoren.

2614 3256 2718 3316 großen
2746 3256 2850 3316 Menge
2867 3259 3091 3319 preiszugeben,
3103 3262 3151 3322 das
3174 3265 3223 3325 hat
3240 3265 3267 3325 er
3289 3266 3349 3326 niem

296 3271 413 3331 „Der
450 3271 756 3331 Sekundant"
793 3272 933 3332 gewählt
970 3274 1070 3334 hatte.
1100 3274 1182 3334 Auch
1218 3277 1307 3337 Teile
1343 3276 1424 3336 eines

1553 3289 1614 3349 Die
1645 3289 1822 3349 Sociité
1854 3292 1920 3352 des
1958 3292 2153 3352 Auteurs
2185 3292 2221 3352 ei
2252 3292 2589 3352 Compositeurs
2626 3298 2681 3358 Die
2712 3299 2828 3359 Wiener
2853 3303 2939 3363 haben
2976 3306 3018 3366 ihm
3062 3308 3202 3368 verzeihen
3240 3313 3337 3373 müssen

295 3319 404 3379 großen
438 3316 581 3376 Romans
615 3319 670 3379 und
704 3319 764 3379 eine
793 3322 880 3382 große
909 3322 1102 3382 Sammlung
1130 3322 1185 3382 von
1213 3324 1417 3384 Aphorismen

1471 3338 1790 3398 Dramatique=
1826 3337 1873 3397 de
1909 3337 2079 3397 France
2120 3337 2171 3397 hat
2198 3337 2306 3397 gestern
2337 3337 2424 3397 abend
2466 3337 2501 3397 an
2538 3337 2584 3397 den

2615 3346 2756 3406 Lebzeiten
2788 3348 2818 3408 um
2862 3349 2992 3409 manches
3019 3355 3186 3415 Spektakel
3207 3357 3338 3417 betrogen

282 3364 392 3424 waren
437 3366 601 3426 darunter.
630 3367 729 3427 Unter
768 3367 817 3427 den
862 3370 1166 3430 unveröffentlichten
1211 3372 1420 3432 dramatischen

1468 3382 1628 3442 Syndikus
1672 3384 1722 3444 der
1761 3385 1998 3445 Genossenschaft
2038 3385 2242 3445 dramatischer
2281 3385 2490 3445 Schriftsteller
2535 3385 2567 3445 um

2615 3391 2700 3451 bleibt
2722 3391 2748 3451 er
2775 3394 2833 3454 auch
2861 3397 2887 3457 im
2919 3397 2999 3457 Tode
3021 3398 3095 3458 treu.
3117 3400 3175 3460 Vom
3218 3403 3335 3463 Rituale

284 3412 487 3472 Dichtungen
537 3415 646 3475 wurde
691 3415 733 3475 ein
783 3415 986 3475 Schauspiel,
1024 3418 1146 3478 betitelt
1190 3421 1301 3481 „Jug
1351 3418 1430 3478 der

1470 3430 1697 3490 Komponisten,
1722 3431 1782 3491 Dr.
1807 3433 1926 3493 Philipp
1957 3433 2131 3493 Silber,
2150 3433 2191 3493 ein
2222 3433 2420 3493 Radiogramm
2463 3433 2595 3493 gesandt,
2626 3437 2716 3497 nichts
2734 3441 2842 3501 wissen.
2861 3442 2921 3502 Auf
2939 3445 3053 3505 Kränze
3072 3446 3216 3506 verzichtet
3235 3450 3264 3510 er
3283 3451 3336 3511 und

295 3460 552 3520 Schatten",
578 3461 799 3521 sichergestellt,
824 3463 879 3523 das
917 3463 1027 3523 bereits
1058 3464 1150 3524 fertig
1182 3466 1218 3526 ist
1249 3464 1304 3524 und
1341 3465 1427 3525 sogar

1470 3477 1496 3537 in
1536 3477 1579 3537 dem
1630 3477 1668 3537 die
1701 3477 1883 3537 Gesellschaft
1911 3479 1938 3539 zu
1977 3480 2021 3540 dem
2071 3480 2253 3540 Hinscheiden
2287 3480 2330 3540 des
2364 3480 2468 3540 großen
2502 3480 2573 3540 öster

2619 3481 2698 3541 Wert
2726 3484 2842 3544 darauf,
2864 3487 2906 3547 daß
2939 3489 2970 3549 an
3003 3489 3082 3549 seinem
3125 3492 3220 3552 Grabe
3248 3495 3268 3555 so
3295 3495 3327 3555 un

293 3506 372 3566 schon
412 3506 541 3566 mehrere
576 3510 660 3570 Male
689 3508 914 3568 umgearbeitet
943 3510 1061 3570 wurde.
1090 3510 1169 3570 Aber
1198 3510 1287 3570 selbst
1316 3510 1344 3570 in
1378 3511 1423 3571 der

1465 3525 1626 3585 reichischen
1668 3526 1800 3586 Dichters
1836 3528 1950 3588 Arthur
1980 3528 2136 3588 Schnitzler
2171 3529 2217 3589 ihr
2253 3528 2443 3588 tiefgefühltes
2479 3528 2588 3588 Beileid

2620 3531 2669 3591 daß
2698 3531 2725 3591 er
2748 3531 2869 3591 „unser"
2897 3533 2946 3593 sei.
2964 3534 3035 3594 Man
3063 3537 3140 3597 kann
3169 3541 3218 3601 sich
3246 3543 3367 3603 unschwe

295 3553 390 3613 letzten
421 3555 553 3615 Fassung
584 3556 668 3616 hatte
693 3555 722 3615 es
747 3555 801 3615 der
825 3556 951 3616 Dichter
970 3558 1036 3618 noch
1067 3558 1150 3618 nicht
1169 3558 1217 3618 für
1242 3555 1289 3615 die
1314 3557 1422 3617 Bühne

1473 3574 1521 3634 zum
1569 3573 1713 3633 Ausdruck
1746 3575 1858 3635 dringt.

2624 3578 2911 3638 seingeschwungenen
2938 3582 3041 3642 Lippen
3069 3585 3106 3645 ein
3134 3586 3253 3646 Lächeln
3281 3589 3367 3649 kräuf

293 3600 462 3660 bestimmt.
485 3603 632 3663 Daneben
666 3603 728 3663 sind
762 3603 824 3663 noch
858 3603 976 3663 weitere
1005 3603 1202 3663 dramatische
1237 3606 1422 3666 Fragmente

2613 3621 2656 3681 dem
2700 3624 2781 3684 Tode
2809 3624 2857 3684 auf
2880 3624 2912 3684 du
2950 3627 3004 3687 und
3032 3628 3064 3688 du
3097 3630 3195 3690 stand,
3217 3634 3265 3694 sich
3293 3634 3336 3694 die

1615 3641 1804 3701 Weitere
1842 3645 2447 3705 Beileidskundgebungen.

296 3650 490 3710 vorhanden,
509 3651 585 3711 deren
615 3651 768 3711 Ordnung
792 3652 851 3712 viel
870 3654 940 3714 Zeit
958 3654 981 3714 in
1011 3654 1164 3714 Anspruch
1188 3654 1306 3714 nehmen
1336 3654 1406 3714 wird

2615 3669 2901 3729 vergegenwärtigte,
2917 3672 2995 3732 durch
3022 3675 3094 3735 deren
3126 3677 3220 3737 eifrige
3246 3681 3360 3741 Uebung

1550 3695 1593 3755 Im
1637 3695 1733 3755 Hause
1761 3695 1934 3755 Schnitzlers
1967 3697 2063 3757 häufen
2102 3698 2145 3758 sich
2178 3698 2220 3758 die
2254 3698 2507 3758 Kondolenzbriefe
2535 3698 2588 3758 und

2619 3710 2666 3770 des
2683 3715 2842 3775 Mysterium
2880 3716 2921 3776 der
2938 3719 3129 3779 Vernichtung
3156 3723 3341 3783 versöhnliche

330 3722 733 3782 Veröffentlichung
778 3725 852 3785 des
898 3727 1383 3787 autobiographischen

1465 3741 1638 3801 depeschen.
1660 3743 1790 3803 Gerhart
1812 3743 2088 3803 Hauptmann
2121 3746 2332 3806 telegraphierte
2360 3746 2413 3806 aus
2442 3745 2565 3805 Locarno

2619 3756 2702 3816 Messe
2725 3761 2791 3821 wird
2814 3762 2874 3822 man
2903 3764 3014 3824 singen,
3031 3767 3125 3827 keinen
3148 3769 3270 3829 Kadosch
3288 3772 3354 3832 wirk

467 3782 719 3842 Materials
765 3782 801 3842 in
847 3783 1010 3843 nierzig
1048 3785 1248 3845 Jahren.

1466 3791 1725 3851 „Tiefschmerzlich
1758 3792 1890 3852 ergriffen
1935 3791 1984 3851 vom
2029 3794 2194 3854 Verlöschen
2228 3791 2310 3851 dieses
2350 3794 2410 3854 mir
2438 3794 2460 3854 so
2493 3792 2581 3852 naher

2610 3803 2655 3863 der
2678 3806 2798 3866 Dichter
2833 3809 2878 3869 sich
2919 3809 2976 3869 mit
3005 3815 3130 3875 strengem
3177 3815 3262 3875 Ernst
3303 3819 3354 3879 aus

1464 3833 1596 3893 Dichter=
1630 3836 1685 3896 und
1725 3837 1996 3897 Kämpferdaseins,
2035 3839 2134 3899 drücke
2168 3839 2206 3899 ich
2246 3840 2345 3900 Ihnen
2384 3839 2506 3899 zugleich
2545 3840 2572 3900 im

379 3837 445 3897 Der
482 3838 620 3898 Nachlaß
664 3836 711 3896 des
755 3837 900 3897 Dichters
943 3839 1070 3899 enthält
1108 3842 1179 3902 auch
1223 3842 1289 3902 eine
1332 3844 1422 3904 große

2616 3851 2772 3911 begängnis
2800 3854 2898 3914 dritter
2925 3857 3023 3917 Klasse
3046 3860 3159 3920 ordnete
3181 3863 3208 3923 er
3235 3866 3284 3926 an.
3306 3866 3360 3926 Wo

1464 3882 1576 3942 Namen
1615 3883 1723 3943 meiner
1750 3885 1826 3945 Frau
1875 3884 1989 3944 innige,
2022 3885 2119 3945 wahre
2152 3885 2325 3945 Teilnahme
2352 3885 2439 3945 aus."
2482 3887 2584 3947 Stefan

287 3885 376 3945 Zahl
413 3885 466 3945 von
509 3887 743 3947 Tagebüchern,
780 3886 864 3946 deren
913 3886 1147 3946 Gesamtinhalt
1184 3886 1243 3946 eine
1286 3886 1406 3946 Auto

2616 3896 2671 3956 soll
2688 3896 2732 3956 den
2760 3899 2892 3959 Kranken
2926 3902 2976 3962 und
3004 3905 3048 3965 den
3076 3907 3253 3967 Bresthaften
3281 3912 3347 3972 zugi

287 3934 576 3994 biographie
618 3930 690 3990 des
739 3932 950 3992 Dichters
986 3931 1143 3991 darstellt.
1168 3931 1348 3991 Allerdings
1391 3932 1426 3992 ist

1462 3932 1611 3992 Zweig
1633 3928 1732 3988 sandte
1754 3929 1803 3989 aus
1833 3932 1974 3992 Salzburg
2004 3931 2145 3991 folgendes
2175 3934 2495 3994 Beileidstelegramm:
2517 3936 2580 3996 „In
2617 3942 2866 4002 Trauerkleidung
2888 3948 3030 4008 untersagt
3052 3951 3080 4011 er
3102 3952 3186 4012 seinen
3209 3955 3336 4015 Freunde

292 3979 354 4039 mit
390 3979 470 4039 einer
505 3979 788 4039 Veröffentlichung
829 3978 927 4038 dieser
962 3979 1228 4039 Autobiographie
1263 3982 1418 4042 vorläufig

1465 3976 1545 4036 tiefer
1573 3978 1794 4038 Erschütterung
1822 3979 1864 4039 bin
1892 3979 1929 4039 ich
1957 3980 2053 4040 Ihnen
2081 3979 2107 4039 in
2135 3979 2178 4039 der
2205 3982 2318 4042 Trauer
2340 3982 2372 4042 um
2411 3982 2496 4042 diesen
2524 3982 2572 4042 ver

2613 3988 2694 4048 Arm,
2717 3989 2777 4049 aber
2800 3993 2882 4053 dafür
2904 3994 2936 4054 um
2970 3997 3041 4057 lorte
3064 3997 3178 4057 Augen.
3201 4000 3267 4060 Kein
3295 4002 3349 4062 Tra

284 4030 375 4090 nicht
406 4030 436 4090 zu
475 4030 619 4090 rechnen,
650 4028 718 4088 denn
757 4027 817 4087 das
849 4027 1031 4087 Testament
1062 4027 1305 4087 verbietet
1344 4027 1420 4087 die
1466 4027 1603 4087 ehrtesten
1642 4027 1763 4087 Dichter
1802 4027 1854 4087 und
1893 4029 2045 4089 Menschen
2092 4030 2281 4090 verbunden."
2328 4031 2396 4091 Vom
2442 4031 2586 4091 Verleger
2618 4033 2731 4093 Trauer
2755 4036 2777 4096 in
2801 4037 2846 4097 den
2877 4040 2998 4100 Herzen.
3014 4045 3082 4105 Das
3106 4046 3174 4106 kann
3205 4048 3257 4108 ung
3281 4048 3349 4108 auch

2620 4082 2769 4142 Nonthen.

1637 4170 1690 4230 S.
1711 4167 1873 4227 Fischer
1914 4167 1967 4227 aus
2002 4167 2103 4227 Berlin
2144 4167 2245 4227 langte
2279 4164 2427 4224 folgendes
2469 4164 2637 4224 Telegramm
2692 4164 2759 4224 ein:
