3392 4352
1029 141 1083 201 e
1120 143 1146 203 a
1293 148 1436 208 dan
1464 151 1627 211 danmale
1664 151 1681 211 u

424 174 592 234 novelist,
612 177 721 237 whose
745 179 862 239 death,
874 182 909 242 at
933 183 987 243 the
1011 183 1061 243 age
1085 185 1120 245 of
1140 189 1339 249 sixty-nine,
1363 194 1425 254 was
1449 195 1562 255 briefly
1582 195 1734 255 reported

427 219 454 279 in
475 219 535 279 our
556 222 620 282 last
645 225 762 285 week's
783 228 892 288 issue,
900 228 956 288 had
985 229 993 289 a
1017 235 1264 295 distinguished
1288 239 1418 299 carcer,
1430 240 1507 300 first
1523 240 1547 300 in
1576 238 1737 298 medicine

429 266 487 326 and
515 266 589 326 then
617 269 644 329 in
672 273 867 333 literature,
879 273 906 333 in
930 275 1032 335 which
1056 277 1091 337 he
1115 281 1204 341 came
1225 282 1248 342 to
1272 282 1302 342 be
1326 285 1439 345 known
1467 285 1502 345 as
1522 285 1573 345 the
1597 285 1737 345 German

423 309 467 369 De
491 314 730 374 Maupassant.
770 319 822 379 IIe
847 320 908 380 was
933 321 1005 381 born
1034 321 1057 381 in
1087 326 1207 386 Vienna
1240 327 1268 387 in
1305 329 1394 389 May,
1410 330 1503 390 1862,
1515 331 1572 391 and
1601 330 1661 390 was
1685 330 1737 390 the

425 356 476 416 son
504 356 538 416 of
555 359 683 419 Johann
711 364 923 424 Schnitzler,
935 365 946 425 a
970 368 1143 428 Professor
1163 371 1194 431 of
1214 373 1464 433 Laryngology,
1477 375 1547 435 who
1567 374 1633 434 won
1665 374 1719 434 con

424 401 590 461 siderable
613 406 769 466 renown,
784 409 841 469 and
868 410 936 470 who
959 412 1049 472 made
1069 413 1118 473 his
1141 417 1235 477 home
1258 419 1266 479 a
1293 421 1550 481 meeting-place
1574 421 1622 481 for
1642 421 1736 481 many

416 446 578 506 literary,
591 451 737 511 musical
762 454 820 514 and
854 458 987 518 artistic
1013 458 1159 518 friends.
1201 464 1292 524 Thus
1322 465 1430 525 young
1460 467 1651 527 Schnitzler
1677 467 1731 527 had

425 493 683 553 opportunities
706 497 753 557 for
773 499 854 559 wide
874 503 1057 563 discussion
1081 505 1143 565 and
1167 510 1323 570 reading.
1351 511 1393 571 Ile
1417 512 1546 572 studied
1573 512 1733 572 medicine

418 536 455 596 at
472 537 525 597 the
559 541 684 601 Vienna
714 545 921 605 University,
930 548 1009 608 and,
1026 550 1109 610 after
1126 553 1326 613 graduating
1343 555 1376 615 at
1398 556 1447 616 the
1468 556 1522 616 age
1547 556 1580 616 of
1598 556 1718 616 twenty

419 581 536 641 three,
560 584 649 644 went
665 586 696 646 to
723 589 860 649 London
892 591 1000 651 where
1028 592 1067 652 he
1094 598 1219 658 walked
1250 598 1305 658 the
1337 601 1500 661 hospitals
1528 601 1555 661 in
1586 601 1683 661 order
1703 602 1730 662 to

420 629 492 689 gain
520 629 737 689 experience,
754 634 810 694 and
843 636 927 696 later
948 637 1060 697 settled
1089 640 1112 700 in
1145 643 1265 703 Vienna
1298 646 1330 706 as
1359 646 1370 706 a
1395 646 1632 706 practitioner.
1673 649 1733 709 Hlis

416 673 548 733 passion
593 678 645 738 for
682 680 863 740 literature
904 683 964 743 and
1013 682 1069 742 the
1118 688 1251 748 drama,
1291 691 1464 751 however,
1497 694 1545 754 led
1590 694 1642 754 him
1699 694 1731 754 to

414 718 534 778 devote
567 723 656 783 more
688 725 749 785 and
782 729 870 789 more
895 729 975 789 time
1008 729 1036 789 to
1069 732 1202 792 writing
1231 736 1291 796 and
1328 736 1360 796 to
1389 736 1445 796 the
1474 739 1668 799 production
1705 739 1736 799 of

413 763 509 823 those
542 768 634 828 plays
670 770 730 830 and
772 773 872 833 books
909 774 985 834 that
1018 775 1134 835 reveal
1167 778 1219 838 him
1272 780 1308 840 as
1341 781 1352 841 a
1389 783 1514 843 master
1551 783 1586 843 of
1619 783 1727 843 subtle

415 810 477 870 and
510 811 664 871 forceful
685 818 988 878 characterisation
1026 821 1096 881 with
1142 825 1196 885 the
1229 828 1391 888 slightest
1425 828 1458 888 of
1491 829 1649 889 material
1683 829 1732 889 for

414 858 503 918 plot.
562 856 613 916 He
644 860 722 920 soon
762 864 894 924 became
922 869 1113 929 recognised
1160 870 1191 930 as
1227 871 1242 931 a
1281 873 1437 933 supreme
1477 876 1667 936 delineator
1699 873 1734 933 of

418 901 589 961 Viennese
620 904 675 964 life
697 907 756 967 and
792 911 963 971 portrayed
998 912 1053 972 the
1084 915 1195 975 gaiety
1221 917 1281 977 and
1316 921 1603 981 irresponsibility
1634 921 1667 981 f
1689 921 1732 981 its

421 946 565 1006 pre-war
594 950 770 1010 pleasures
803 955 875 1015 with
908 956 919 1016 a
952 957 1166 1017 remarkable
1190 962 1323 1022 insight
1347 965 1407 1025 and
1444 965 1597 1025 brilliant
1621 965 1737 1025 irony.

419 987 477 1047 lis
510 994 702 1054 analytical
739 998 797 1058 and
843 1001 1072 1061 constructive
1115 1007 1205 1067 mind
1248 1007 1343 1067 made
1381 1010 1435 1070 his
1472 1012 1572 1072 short
1602 1013 1734 1073 novels,

406 1038 633 1098 artistically,
655 1043 710 1103 the
740 1045 830 1105 most
852 1047 1031 1107 satisfying
1062 1049 1096 1109 of
1126 1052 1177 1112 his
1216 1052 1344 1112 works.
1383 1055 1417 1115 It
1443 1057 1507 1117 was
1538 1058 1606 1118 said
1649 1058 1726 1118 that

410 1084 633 1144 Schnitzler's
655 1088 796 1148 interest
813 1091 837 1151 in
863 1094 1041 1154 medicine,
1050 1095 1154 1155 which
1179 1097 1212 1157 he
1229 1097 1286 1157 had
1312 1100 1524 1160 throughout
1541 1103 1586 1163 his
1603 1103 1735 1163 career,

410 1129 638 1189 maintaining
664 1133 672 1193 a
697 1136 800 1196 small
813 1137 959 1197 practice
984 1139 1009 1199 to
1034 1140 1084 1200 the
1109 1143 1188 1203 end,
1205 1143 1263 1203 was
1284 1143 1346 1203 less
1363 1146 1388 1206 in
1409 1147 1463 1207 the
1484 1147 1613 1207 science
1634 1147 1729 1207 itself

410 1174 486 1234 than
513 1174 542 1234 in
572 1176 623 1236 the
649 1180 734 1240 light
748 1181 850 1241 which
876 1183 927 1243 his
948 1185 1042 1245 study
1064 1186 1093 1246 of
1111 1189 1290 1249 pathology
1312 1191 1448 1251 onabled
1474 1192 1525 1252 him
1564 1192 1589 1252 to
1615 1195 1709 1255 tbrow

411 1219 446 1279 on
471 1221 596 1281 human
621 1225 761 1285 motives
778 1226 834 1286 and
863 1229 1020 1289 conduct.
1041 1231 1052 1291 A
1078 1234 1222 1294 number
1243 1234 1275 1294 of
1296 1239 1513 1299 Schnitzler's
1530 1240 1618 1300 plays
1643 1240 1723 1300 have

410 1262 487 1322 been
509 1267 676 1327 produced
698 1270 723 1330 in
745 1272 877 1332 London
899 1276 1066 1336 including
1109 1279 1280 1339 Professor
1302 1285 1516 1345 Bernhardi,"
1538 1285 1636 1345 which
1662 1285 1726 1345 wes

403 1311 585 1371 presented
610 1314 647 1374 by
677 1316 730 1376 the
756 1318 880 1378 Jewish
913 1321 1029 1381 Drama
1055 1326 1187 1386 League
1208 1327 1270 1387 last
1291 1329 1419 1389 March.
1461 1330 1527 1390 The
1549 1333 1727 1393 deceased,

400 1355 528 1415 though
559 1357 592 1417 he
619 1359 691 1419 took
717 1361 755 1421 no
777 1362 880 1422 active
902 1367 979 1427 part
996 1368 1022 1428 in
1048 1369 1172 1429 Jewish
1194 1373 1309 1433 affairs
1327 1374 1391 1434 was
1413 1374 1421 1434 a
1447 1375 1545 1435 proud
1571 1377 1721 1437 member

403 1401 440 1461 of
453 1401 502 1461 his
523 1404 593 1464 race
614 1404 672 1464 and
697 1406 759 1466 was
780 1408 896 1468 keenly
913 1413 1095 1473 interested
1116 1415 1145 1475 in
1166 1416 1220 1476 the
1237 1419 1332 1479 broad
1353 1422 1481 1482 aspects
1502 1422 1531 1482 of
1548 1422 1597 1482 the
1618 1422 1718 1482 Jew's

400 1447 495 1507 place
516 1448 545 1508 in
566 1449 620 1509 the
641 1449 748 1509 secial
765 1454 952 1514 organism.
994 1458 1027 1518 In
1048 1460 1119 1520 1926
1144 1462 1177 1522 he
1194 1464 1343 1524 declined
1364 1466 1389 1526 to
1410 1467 1501 1527 write
1518 1467 1551 1527 or
1568 1470 1663 1530 speak
1688 1471 1709 1531 in

403 1492 564 1552 Hungary
586 1495 722 1555 because
747 1497 784 1557 be
814 1501 967 1561 refused,
988 1503 1021 1563 on
1055 1509 1237 1569 principle,
1254 1509 1283 1569 to
1312 1512 1440 1572 lecture
1470 1513 1494 1573 in
1528 1514 1544 1574 a
1574 1514 1715 1574 country

400 1535 532 1595 where,
550 1539 583 1599 he
610 1541 695 1601 said,
708 1538 806 1598 The
836 1544 943 1604 White
973 1550 1093 1610 Terror
1119 1553 1178 1613 has
1200 1554 1294 1614 raged
1320 1556 1452 1616 against
1470 1557 1525 1617 the
1547 1556 1632 1616 Jews
1654 1559 1713 1619 and

403 1581 510 1641 where
536 1586 747 1646 anti-Jewish
781 1591 1047 1651 discrimination
1085 1596 1110 1656 is
1139 1598 1214 1658 still
1239 1601 1434 1661 practised."
1493 1604 1717 1664 Schnitzler's

396 1628 545 1688 attitude
571 1630 599 1690 to
621 1631 674 1691 his
695 1634 807 1694 people
833 1636 882 1696 can
912 1637 982 1697 best
1003 1640 1032 1700 be
1053 1642 1203 1702 summed
1229 1645 1261 1705 up
1287 1646 1311 1706 in
1337 1646 1386 1706 his
1403 1647 1469 1707 own
1491 1649 1615 1709 words,
1628 1651 1652 1711 in
1678 1652 1711 1712 au

398 1668 569 1728 interview
599 1671 637 1731 he
659 1679 809 1739 recently
831 1682 967 1742 granted
994 1683 1019 1743 te
1041 1685 1053 1745 a
1075 1688 1203 1748 forcigu
1229 1691 1451 1751 newspaper:

469 1712 508 1772 To
529 1716 561 1776 be
581 1717 593 1777 a
618 1718 670 1778 Jew
698 1719 726 1779 is
743 1720 754 1780 a
779 1721 847 1781 very
868 1723 924 1783 fine
944 1727 1008 1787 art.
1041 1727 1073 1787 It
1098 1730 1194 1790 needs
1219 1732 1231 1792 a
1263 1735 1352 1795 great
1376 1733 1448 1793 denl
1469 1736 1501 1796 of
1521 1737 1630 1797 ability
1654 1739 1706 1799 and

391 1751 478 1811 much
501 1755 769 1815 understanding.
808 1759 898 1819 Many
922 1761 1005 1821 Jews
1024 1764 1099 1824 have
1122 1766 1133 1826 a
1157 1768 1243 1828 habit
1259 1768 1293 1828 of
1312 1771 1490 1831 constantly
1509 1773 1706 1833 proclaiming

400 1791 484 1851 pride
504 1789 528 1849 in
548 1791 636 1851 being
661 1792 669 1852 a
693 1793 777 1853 Jew.
814 1795 886 1855 This
907 1797 918 1857 1
935 1798 1035 1858 detest
1047 1800 1059 1860 ;
1076 1801 1103 1861 it
1120 1801 1144 1861 is
1160 1803 1188 1863 as
1204 1806 1433 1866 objectionable
1454 1809 1482 1869 as
1502 1807 1550 1867 the
1571 1811 1707 1871 boasting

398 1825 428 1885 of
447 1827 529 1887 some
553 1828 662 1888 people
681 1831 775 1891 about
794 1834 873 1894 their
892 1837 1069 1897 greatness.
1107 1839 1190 1899 Then
1221 1843 1326 1903 again,
1345 1843 1431 1903 there
1462 1845 1511 1905 are
1538 1846 1620 1906 Jews
1643 1846 1707 1906 who

393 1866 426 1926 go
446 1864 472 1924 to
495 1864 543 1924 the
567 1865 653 1925 other
672 1867 812 1927 extreme
835 1870 865 1930 of
884 1873 1114 1933 endeavouring
1141 1877 1163 1937 to
1186 1879 1254 1939 hide
1273 1879 1356 1939 their
1372 1882 1583 1942 Jewishness.
1625 1885 1704 1945 Such

390 1900 566 1960 cowardice
585 1903 610 1963 is
629 1906 827 1966 abominable
850 1906 875 1966 to
897 1908 956 1968 me.
997 1910 1059 1970 The
1081 1914 1275 1974 enlightened
1302 1915 1463 1975 Jewand
1489 1918 1521 1978 he
1552 1918 1577 1978 is
1603 1920 1658 1980 not
1680 1921 1713 1981 as

388 1936 455 1996 rare
477 1936 504 1996 as
526 1938 611 1998 some
629 1941 919 2001 imaginestands
937 1947 1074 2007 between
1100 1950 1184 2010 these
1206 1950 1262 2010 two
1280 1953 1510 2013 objectionable
1535 1957 1712 2017 extremes.

389 1971 432 2031 He
451 1973 579 2033 regards
601 1977 645 2037 his
668 1978 862 2038 Jewishness
881 1980 914 2040 as
932 1980 943 2040 a
965 1984 1094 2044 natural
1109 1987 1178 2047 part
1194 1989 1226 2049 of
1245 1991 1392 2051 himself,
1403 1992 1429 2052 in
1458 1992 1506 2052 the
1532 1992 1616 2052 same
1642 1996 1704 2056 way

394 2010 428 2070 as
447 2010 454 2070 a
481 2011 545 2071 man
568 2013 602 2073 of
621 2013 677 2073 any
704 2013 795 2073 other
822 2017 1006 2077 nationality
1030 2022 1154 2082 regards
1181 2025 1328 2085 himself.
1363 2027 1408 2087 Ile
1434 2028 1457 2088 is
1484 2028 1578 2088 proud
1609 2031 1638 2091 of
1661 2031 1706 2091 his

391 2045 504 2105 Jewish
531 2050 667 2110 heritage
694 2052 743 2112 but
762 2052 834 2112 does
853 2055 902 2115 not
922 2057 1031 2117 advert
1047 2058 1073 2118 se
1096 2058 1149 2118 the
1169 2061 1248 2121 fact.
1282 2064 1312 2124 If
1335 2064 1380 2124 his
1400 2065 1502 2125 people
1525 2067 1642 2127 require
1665 2067 1710 2127 his

389 2085 585 2145 assistance,
609 2089 646 2149 he
677 2088 763 2148 gives
787 2090 813 2150 it
832 2091 995 2151 according
1025 2094 1051 2154 to
1086 2096 1139 2156 the
1169 2097 1241 2157 best
1264 2100 1294 2160 of
1317 2100 1362 2160 his
1385 2102 1517 2162 ability.
1552 2103 1582 2163 In
1616 2104 1707 2164 other

390 2118 510 2178 words,
537 2123 571 2183 he
601 2123 627 2183 is
658 2126 669 2186 a
692 2124 744 2184 Jew
786 2126 812 2186 in
843 2127 937 2187 deeds
964 2129 1016 2189 aud
1047 2133 1126 2193 feels
1153 2133 1266 2193 Jewish
1300 2136 1352 2196 but
1376 2138 1447 2198 does
1477 2138 1530 2198 not
1553 2140 1583 2200 go
1610 2140 1707 2200 about

387 2156 583 2216 advertising
607 2160 644 2220 it.
678 2162 693 2222 I
709 2162 787 2222 have
818 2163 935 2223 always
962 2165 1037 2225 tried
1064 2168 1090 2228 to
1121 2170 1211 2230 follow
1250 2171 1321 2231 that
1344 2173 1404 2233 line
1431 2174 1499 2234 with
1530 2174 1579 2234 the
1609 2177 1707 2237 result

390 2192 463 2252 that
478 2194 562 2254 some
584 2198 660 2258 have
682 2198 711 2258 at
726 2199 817 2259 times
836 2201 964 2261 accused
990 2204 1033 2264 me
1052 2204 1080 2264 of
1103 2205 1215 2265 having
1238 2210 1387 2270 alienated
1413 2211 1530 2271 myself
1548 2213 1610 2273 from
1651 2213 1701 2273 my

389 2231 517 2291 people.
551 2232 593 2292 Of
609 2234 714 2294 course
734 2235 756 2295 it
771 2236 794 2296 is
809 2237 862 2297 not
874 2238 957 2298 true.
995 2243 1025 2303 It
1037 2243 1059 2303 is
1079 2243 1248 2303 ridiculous
1268 2246 1294 2306 to
1314 2246 1366 2306 say
1389 2247 1457 2307 that
1476 2249 1487 2309 I
1503 2249 1571 2309 hold
1590 2252 1707 2312 myself

390 2268 476 2328 aloof
496 2269 559 2329 from
594 2271 642 2331 my
666 2273 790 2333 people,
801 2275 910 2335 simply
934 2276 1062 2336 because
1085 2279 1096 2339 I
1115 2280 1201 2340 don't
1217 2282 1266 2342 aet
1285 2282 1315 2342 as
1334 2283 1368 2343 an
1394 2287 1586 2347 advertising
1610 2291 1703 2351 agent

389 2303 423 2363 of
442 2304 543 2364 Jews.
593 2306 608 2366 I
639 2307 672 2367 am
718 2309 748 2369 as
786 2312 933 2372 absorbed
972 2314 994 2374 in
1028 2315 1153 2375 Jewis'i
1180 2321 1334 2381 problems
1373 2323 1474 2383 to-day
1512 2324 1550 2384 as
1584 2325 1656 2385 ever

392 2341 468 2401 was.
505 2341 519 2401 I
545 2341 640 2401 never
663 2344 764 2404 forget
787 2347 834 2407 tha
875 2349 944 2409 first
966 2350 1021 2410 and
1047 2352 1204 2412 foremost
1219 2355 1229 2415 1
1244 2356 1277 2416 am
1321 2357 1332 2417 a
1362 2359 1445 2419 Jew.
1482 2361 1533 2421 My
1563 2362 1628 2422 love
1658 2362 1705 2422 for

384 2377 433 2437 my
468 2380 574 2440 people
609 2380 665 2440 has
692 2380 764 2440 been
799 2386 977 2446 intensifled
1012 2388 1045 2448 by
1080 2392 1346 2452 anti-Semitism.

1567 2398 1582 2458 I
1620 2398 1696 2458 soon

1451 2401 1462 2461 *

387 2413 515 2473 became
552 2418 720 2478 convinced
761 2421 834 2481 that
864 2422 980 2482 Jewish
1017 2425 1068 2485 life
1102 2425 1127 2485 to
1149 2427 1207 2487 day
1245 2428 1310 2488 was
1347 2431 1526 2491 dominated
1574 2434 1610 2494 by
1640 2435 1698 2495 two

384 2452 497 2512 factors
516 2452 522 2512 ;
549 2455 776 2515 anti-Semitism
821 2458 875 2518 and
909 2461 1063 2521 Zionism.
1111 2462 1173 2522 Tho
1207 2467 1331 2527 modern
1361 2467 1415 2527 Jew
1457 2471 1511 2531 has
1541 2472 1629 2532 given
1662 2473 1698 2533 up

389 2488 479 2548 many
506 2488 624 2548 Jewish
655 2494 840 2554 traditions,
863 2497 916 2557 but
943 2498 1117 2558 something
1148 2503 1254 2563 vitally
1281 2504 1398 2564 Jewish
1433 2507 1588 2567 remained
1615 2508 1637 2568 in
1660 2509 1705 2569 his

386 2526 472 2586 being
492 2527 503 2587 ;
522 2527 582 2587 this
609 2530 787 2590 something
813 2532 957 2592 together
984 2534 1052 2594 with
1082 2535 1135 2595 the
1162 2538 1358 2598 anti-Jewish
1393 2542 1543 2602 elements
1567 2545 1634 2605 that
1650 2547 1698 2607 are

382 2562 495 2622 abroad
530 2563 593 2623 will
613 2565 733 2625 always
760 2568 866 2628 assure
893 2571 945 2631 the
968 2573 1146 2633 continuity
1177 2574 1207 2634 of
1230 2574 1279 2634 the
1302 2577 1419 2637 Jewish
1449 2580 1574 2640 people.
1612 2582 1702 2642 Anti

385 2598 564 2658 Semitism,
579 2602 677 2662 which
700 2604 776 2664 aims
798 2606 828 2666 at
843 2607 893 2667 the
912 2608 1102 2668 destruction
1124 2610 1157 2670 of
1172 2611 1219 2671 the
1237 2612 1350 2672 Jewish
1373 2615 1497 2675 people,
1512 2617 1698 2677 completely

385 2634 494 2694 misses
520 2637 560 2697 its
586 2640 757 2700 objective.
794 2642 841 2702 Its
867 2643 954 2703 victim
998 2646 1020 2706 is
1046 2646 1100 2706 not
1126 2649 1290 2709 destroyed
1316 2651 1385 2711 but,
1396 2652 1429 2712 on
1458 2652 1509 2712 tho
1539 2656 1702 2716 contrary,

387 2672 529 2732 becomes
559 2676 715 2736 stronger,
730 2679 814 2739 more
840 2681 971 2741 resolute
1000 2683 1051 2743 and
1084 2685 1168 2745 more
1194 2688 1336 2748 diguifled
1365 2688 1438 2748 than
1471 2691 1558 2751 ever.
1595 2693 1635 2753 As
1654 2694 1697 2754 for

382 2709 540 2769 Zionism,
559 2712 574 2772 1
605 2713 638 2773 am
680 2716 846 2776 interested
877 2718 903 2778 in
930 2718 971 2778 it,
994 2720 1047 2780 not
1070 2721 1186 2781 merely
1217 2724 1251 2784 as
1274 2724 1285 2784 a
1311 2724 1444 2784 solution
1467 2726 1493 2786 to
1508 2727 1557 2787 the
1580 2728 1689 2788 Jewish

384 2745 542 2805 problem,
558 2747 611 2807 but
630 2749 660 2809 as
679 2750 686 2810 a
709 2752 849 2812 unifying
872 2753 951 2813 force
970 2756 1000 2816 of
1016 2757 1137 2817 Jewry,
1152 2759 1163 2819 a
1186 2759 1265 2819 force
1285 2760 1356 2820 that
1383 2762 1469 2822 binds
1489 2764 1572 2824 Jews
1591 2764 1636 2824 all
1648 2766 1696 2826 tho

387 2779 475 2839 world
501 2783 573 2843 over
592 2784 617 2844 to
636 2788 730 2848 strive
749 2788 796 2848 for
814 2790 821 2850 a
844 2792 982 2852 common
1011 2795 1091 2855 aim.
1128 2795 1281 2855 Whether
1307 2798 1427 2858 Zionism
1464 2800 1529 2860 will
1544 2801 1624 2861 solve
1646 2801 1693 2861 the

381 2816 494 2876 Jowish
528 2822 653 2882 problem
695 2825 728 2885 or
751 2825 823 2885 not,
839 2828 887 2888 the
918 2828 997 2888 mere
1028 2831 1160 2891 striving
1179 2834 1258 2894 after
1274 2835 1281 2895 a
1304 2836 1391 2896 great
1410 2837 1451 2897 aim
1486 2837 1508 2897 is
1524 2838 1546 2898 in
1569 2840 1656 2900 itself
1671 2840 1701 2900 of

378 2857 465 2917 great
481 2860 678 2920 importance
705 2861 761 2921 and
792 2864 947 2924 exercises
978 2868 989 2928 a
1016 2870 1221 2930 tremendous
1240 2873 1396 2933 influence
1415 2875 1445 2935 on
1469 2876 1514 2936 all
1529 2876 1593 2936 who
1617 2876 1692 2936 work

379 2894 423 2954 for
442 2894 494 2954 the
513 2897 654 2957 common
677 2900 788 2960 cause.

463 2948 533 3008 The
556 2951 696 3011 funeral
718 2954 784 3014 was
816 2956 850 3016 on
886 2958 1004 3018 Friday
1031 2962 1097 3022 last
1129 2962 1155 3022 in
1190 2962 1243 3022 the
1274 2965 1397 3025 Jewish
1433 2968 1564 3028 Section
1591 2971 1621 3031 of
1640 2971 1692 3031 the

383 2994 507 3054 Vienna
532 2998 673 3058 Central
690 3002 881 3062 Cemetery.
918 3005 951 3065 In
989 3007 1192 3067 accordance
1226 3010 1300 3070 with
1334 3014 1562 3074 instructions
1583 3017 1645 3077 left
1662 3019 1687 3079 in

380 3040 441 3100 Dr.
468 3043 688 3103 Schnitzlers
724 3047 811 3107 will,
834 3049 891 3109 the
922 3052 1071 3112 greatest
1098 3057 1283 3117 simplicity
1314 3058 1380 3118 was
1411 3061 1591 3121 observed.
1644 3064 1692 3124 He

380 3085 444 3145 was
466 3088 576 3148 buried
607 3090 632 3150 in
659 3092 671 3152 a
701 3094 803 3154 grave
834 3095 868 3155 of
890 3097 1022 3157 honour
1049 3100 1147 3160 given
1186 3103 1224 3163 by
1246 3103 1301 3163 the
1323 3103 1442 3163 Jewish
1468 3109 1682 3169 Community

375 3130 433 3190 but
454 3134 545 3194 there
571 3136 654 3196 were
679 3138 716 3198 no
746 3140 903 3200 speeches
933 3143 995 3203 and
1021 3145 1033 3205 a
1050 3144 1150 3204 short
1175 3150 1295 3210 prayer
1325 3150 1400 3210 only
1425 3151 1487 3211 was
1508 3153 1629 3213 recited
1654 3154 1691 3214 by

377 3179 428 3239 the
454 3180 595 3240 Cantor.
634 3183 698 3243 Dr.
711 3186 929 3246 Schnitzler's
951 3190 1019 3250 will
1045 3193 1224 3253 requested
1250 3195 1323 3255 that
1344 3197 1378 3257 no
1404 3198 1549 3258 wreaths
1571 3201 1686 3261 should

375 3225 412 3285 be
433 3226 545 3286 placed
570 3228 603 3288 on
633 3231 686 3291 the
707 3234 806 3294 grave
828 3234 885 3294 and
919 3236 993 3296 that
1019 3237 1056 3297 no
1090 3240 1301 3300 notification
1331 3243 1364 3303 of
1381 3243 1430 3303 his
1451 3245 1542 3305 death
1572 3248 1688 3308 should

379 3267 410 3327 be
435 3271 511 3331 sent
531 3273 555 3333 to
580 3274 632 3334 his
652 3277 781 3337 friends
801 3280 833 3340 or
854 3282 1026 3342 published
1052 3285 1083 3345 as
1108 3285 1144 3345 an
1168 3288 1442 3348 advertisement
1462 3291 1486 3351 in
1511 3291 1563 3351 the
1587 3294 1699 3354 Press.

375 3312 422 3372 He
443 3317 580 3377 ordered
606 3320 682 3380 that
700 3323 751 3383 his
772 3324 871 3384 heart
897 3328 1016 3388 should
1038 3329 1072 3389 be
1106 3332 1234 3392 pierced
1269 3335 1384 3395 before
1406 3336 1521 3396 burial
1534 3338 1593 3398 and
1620 3338 1692 3398 that

374 3362 427 3422 the
453 3362 590 3422 funeral
607 3368 723 3428 should
748 3369 785 3429 be
806 3371 839 3431 of
865 3372 918 3432 the
940 3376 1022 3436 typs
1044 3378 1209 3438 arranged
1235 3380 1285 3440 for
1306 3380 1318 3440 a
1343 3380 1422 3440 poor
1443 3382 1534 3442 man,
1551 3383 1692 3443 without

375 3407 551 3467 speeches,
572 3411 656 3471 rites
685 3413 717 3473 or
750 3417 975 3477 ceremonies.
1016 3422 1064 3482 Ile
1097 3423 1165 3483 also
1198 3426 1343 3486 directed
1379 3428 1459 3488 that
1489 3428 1540 3488 the
1573 3430 1685 3490 money

372 3452 467 3512 saved
493 3454 530 3514 on
555 3456 604 3516 bis
626 3459 767 3519 funeral
784 3464 896 3524 should
921 3465 958 3525 be
988 3467 1129 3527 donated
1159 3471 1183 3531 to
1209 3473 1262 3533 the
1284 3474 1454 3534 hospitals
1475 3476 1533 3536 and
1558 3476 1633 3536 that
1650 3476 1687 3536 no

369 3501 547 3561 mourning
585 3506 701 3566 should
735 3508 768 3568 be
801 3509 959 3569 observed
997 3515 1080 3575 after
1114 3517 1200 3577 him.
1243 3518 1350 3578 Large
1380 3520 1508 3580 crowds
1529 3521 1683 3581 attended

371 3546 426 3606 the
457 3547 614 3607 funeral,
636 3553 812 3613 including
842 3555 940 3615 many
970 3557 1008 3617 of
1039 3560 1094 3620 the
1133 3562 1265 3622 leading
1300 3565 1446 3625 writers,
1476 3568 1591 3628 artists
1626 3566 1685 3626 and

369 3592 509 3652 savants
530 3595 561 3655 of
591 3598 735 3658 Vienna,
760 3600 795 3660 as
825 3601 901 3661 well
925 3604 961 3664 as
990 3606 1284 3666 reprosentatives
1313 3611 1349 3671 of
1373 3612 1429 3672 the
1458 3613 1691 3673 Government

368 3639 429 3699 and
456 3641 712 3701 Muuicipality.
752 3646 879 3706 During
911 3650 963 3710 the
994 3652 1170 3712 ceremony
1201 3655 1258 3715 the
1290 3656 1351 3716 flag
1373 3658 1408 3718 at
1431 3659 1483 3719 the
1506 3661 1690 3721 Municipal

371 3685 513 3745 Theatre
541 3685 607 3745 was
629 3691 718 3751 flown
745 3694 941 3754 half-mast.

681 3771 894 3831 Schnitzler
927 3775 971 3835 as
999 3777 1014 3837 a
1048 3780 1178 3840 Jewish
1223 3784 1375 3844 Writer.

779 3822 824 3882 DY
858 3825 1021 3885 CIIARIES
1051 3831 1281 3891 LAANDSTONE.

457 3873 578 3933 Arthur
617 3876 829 3936 Schnitzler,
853 3878 958 3938 whose
997 3882 1088 3942 death
1127 3886 1194 3946 was
1233 3891 1438 3951 announced
1469 3893 1537 3953 last
1576 3894 1689 3954 weck,

364 3916 526 3976 belonged
550 3917 572 3977 to
596 3919 670 3979 that
685 3921 903 3981 prosperous,
913 3925 982 3985 care
1001 3928 1084 3988 frec,
1094 3932 1238 3992 pre-war
1257 3936 1419 3996 Viennese
1439 3938 1559 3998 Jewish
1578 3940 1680 4000 upper

367 3961 489 4021 middie
509 3964 616 4024 class,
626 3965 753 4025 which,
763 3968 851 4028 three
876 3972 1090 4032 generations
1110 3977 1261 4037 removed
1286 3982 1349 4042 from
1389 3983 1442 4043 the
1462 3986 1603 4046 (hetto,
1614 3986 1672 4046 had

363 4007 488 4067 almost
509 4011 674 4071 forgotten
701 4013 780 4073 that
801 4016 880 4076 they
907 4016 986 4076 were
1006 4020 1112 4080 Jews.
1146 4024 1198 4084 Ile
1225 4027 1437 4087 commenced
1464 4030 1490 4090 to
1524 4031 1616 4091 write
1644 4029 1669 4089 in

363 4051 462 4111 1890,
484 4055 547 4115 aud
580 4058 721 4118 reached
759 4058 811 4118 int
833 4063 1012 4123 rnational
1039 4067 1124 4127 fane
1161 4070 1197 4130 as
1230 4073 1287 4133 the
1320 4076 1531 4136 interpreter
1558 4076 1594 4136 of
1626 4076 1678 4136 the

364 4100 453 4160 light
471 4101 606 4161 hearted
635 4106 798 4166 Viennese
821 4106 990 4166 "Suesses
1013 4112 1176 4172 Maedl";
1194 4116 1351 4176 skilfully
1374 4122 1543 4182 portrayed
1572 4122 1594 4182 in
1623 4123 1673 4183 the

356 4147 527 4207 frivolous
587 4153 735 4213 Anatol"
763 4153 821 4213 and
854 4155 907 4215 the
935 4157 1053 4217 sexual
1076 4161 1224 4221 Reigen
1266 4165 1324 4225 a
1347 4168 1419 4228 play
1447 4170 1482 4230 so
1505 4171 1622 4231 daring
1646 4171 1672 4231 iu

1828 169 1909 229 oven
1944 174 1991 234 his
2026 174 2091 234 own
2118 172 2200 232 boiy
2232 178 2265 238 ot
2297 183 2522 243 worshippers
2557 189 2632 249 with
2673 192 2731 252 his
2769 192 2874 252 novel

2934 193 3000 253 The
3041 201 3125 261 Rond

1829 218 1861 278 to
1903 216 1961 276 the
2007 218 2119 278 Open.

2184 222 2211 282 In
2257 225 2325 285 this
2366 228 2471 288 book,
2501 231 2715 291 Schnitzler,
2748 235 2825 295 with
2874 239 2926 299 his
2975 243 3129 303 uncanny

1827 264 1944 324 power
1971 261 2006 321 of
2034 264 2177 324 creating
2209 271 2443 331 atmosphere,
2463 276 2634 336 presented
2665 278 2677 338 a
2709 280 2837 340 lifelike
2865 286 2993 346 picture
3021 288 3051 348 of
3075 291 3129 351 the

1826 309 1894 369 rich
1922 306 2038 366 Jewish
2067 309 2292 369 professional
2309 319 2409 379 class,
2422 321 2490 381 from
2530 321 2630 381 which
2667 323 2703 383 he
2736 326 2876 386 bimself
2901 331 2961 391 had
2993 337 3134 397 sprung.

1838 354 1896 414 l'he
1928 354 2013 414 main
2045 354 2107 414 two
2139 356 2345 416 characters,
2376 365 2501 425 George
2545 369 2727 429 Wergethin
2767 372 2825 432 and
2868 375 2957 435 Anna
2997 380 3137 440 Rosner,

1827 398 1913 458 were
1944 398 2002 458 not
2031 398 2174 458 Jewish,
2186 402 2245 462 but
2273 404 2350 464 they
2374 410 2483 470 moved
2519 411 2546 471 in
2582 413 2616 473 an
2648 416 2796 476 artistie,
2812 420 2992 480 Bohemian
3023 425 3140 485 circle,

1828 444 1933 504 which
1973 446 2039 506 was
2074 446 2199 506 almost
2231 451 2437 511 exclusively
2465 456 2613 516 Jewish.
2649 458 2719 518 The
2750 460 2840 520 story
2876 466 2977 526 opens
3008 470 3039 530 in
3075 471 3129 531 the

1821 491 1912 551 salon
1958 490 1995 550 of
2033 491 2244 551 Ehrenberg,
2275 494 2287 554 a
2337 499 2461 559 Jewish
2507 503 2673 563 munition
2720 507 2853 567 maker.
2911 512 2977 572 The
3019 515 3127 575 father

1827 536 1972 596 delights
2005 536 2030 596 in
2063 537 2229 597 flaunting
2258 539 2312 599 his
2341 544 2478 604 Judaisi
2524 548 2581 608 and
2615 550 2743 610 Zionism
2789 552 2822 612 at
2852 556 2905 616 the
2939 559 3125 619 receptions

1824 583 1914 643 given
1948 583 1982 643 by
2008 581 2060 641 his
2086 583 2158 643 wife
2189 583 2249 643 and
2280 586 2331 646 his
2361 590 2545 650 daughter,
2563 592 2653 652 Elsa,
2670 595 2739 655 who
2761 598 2889 658 fancies
2907 602 3035 662 herself
3057 606 3091 666 as
3113 606 3125 666 a

1824 626 2026 686 patronness
2062 628 2092 688 of
2119 628 2171 688 the
2198 631 2286 691 arts.
2326 633 2392 693 The
2432 636 2484 696 son
2542 637 2664 697 Oscar"
2691 641 2828 701 writhes
2855 645 2889 705 at
2916 647 2968 707 bis
2991 649 3127 709 father's

1825 673 2001 733 malicious
2026 675 2151 735 delight
2170 673 2198 733 in
2227 677 2385 737 speaking
2409 682 2539 742 Yiddish
2572 683 2600 743 in
2628 685 2721 745 front
2749 688 2782 748 of
2801 690 2885 750 him.
2922 693 3039 753 Round
3067 696 3132 756 this

1824 718 1939 778 family
1969 718 2022 778 the
2052 721 2143 781 story
2172 722 2325 782 revolves
2355 726 2417 786 and
2446 729 2545 789 every
2575 730 2786 790 conceivable
2820 735 2894 795 kind
2932 738 2969 798 of
2998 739 3056 799 Jew
3098 741 3122 801 is

1821 763 1997 823 depicted.
2037 765 2103 825 The
2134 765 2226 825 chief
2248 769 2411 829 interest,
2429 774 2516 834 after
2548 774 2600 834 the
2632 776 2706 836 love
2737 777 2824 837 story
2860 780 2891 840 of
2918 783 3040 843 George
3063 786 3119 846 and

1825 811 1933 871 Anna,
1965 810 1991 870 is
2033 812 2163 872 centred
2205 812 2231 872 in
2268 817 2426 877 George's
2454 819 2513 879 two
2549 822 2694 882 friends,
2721 825 2879 885 Heinrich
2916 830 3078 890 Berman,
3106 833 3119 893 a

1809 855 1964 915 novelist
1982 858 2039 918 and
2075 858 2140 918 Leo
2163 859 2348 919 Golowski,
2371 863 2383 923 a
2419 866 2605 926 musician.
2641 867 2707 927 Leo
2738 869 2764 929 is
2796 873 2831 933 an
2866 873 2990 933 ardent
3012 876 3118 936 young

1818 901 1942 961 Jewish
1976 903 2203 963 Nationalist.
2242 905 2289 965 Ile
2319 908 2391 968 sees
2417 910 2473 970 the
2503 915 2700 975 movement
2726 918 2828 978 rising
2863 921 2897 981 as
2923 921 2935 981 a
2974 924 3124 984 message

1822 945 1854 1005 of
1873 948 2105 1008 regeneration
2133 948 2185 1008 for
2213 949 2264 1009 the
2292 953 2413 1013 Jewish
2446 957 2585 1017 people,
2604 959 2688 1019 feels
2711 961 2767 1021 the
2795 962 2846 1022 cry
2875 963 2925 1023 for
2954 968 3121 1028 Palestine

1821 991 1935 1051 within
1966 995 2054 1055 him,
2072 995 2137 1055 like
2164 995 2199 1055 an
2230 998 2362 1058 artistic
2389 1004 2609 1064 inspiration.
2662 1007 2732 1067 But
2764 1008 2899 1068 Berman
2939 1010 3014 1070 will
3036 1013 3119 1073 have

1814 1040 1899 1100 none
1927 1040 1958 1100 of
1972 1040 2017 1100 it.
2054 1040 2098 1100 TTo
2131 1040 2180 1100 him
2226 1042 2276 1102 all
2299 1049 2534 1109 nationalities
2566 1051 2624 1111 and
2657 1052 2707 1112 all
2730 1055 2892 1115 religions
2920 1058 2974 1118 are
2997 1059 3028 1119 as
3051 1058 3128 1118 one.

1819 1084 1863 1144 He
1904 1085 2076 1145 regards
2118 1086 2189 1146 with
2235 1091 2335 1151 anger
2376 1093 2443 1153 an1
2490 1096 2584 1156 scorn
2639 1097 2698 1157 the
2748 1101 2892 1161 attempt
2929 1101 2961 1161 to
3002 1105 3123 1165 collect

1813 1132 1885 1192 from
1937 1133 1984 1193 all
2014 1133 2150 1193 corners
2185 1133 2219 1193 of
2250 1135 2301 1195 the
2340 1138 2459 1198 world,
2489 1142 2656 1202 members
2695 1143 2729 1203 of
2759 1145 2772 1205 a
2811 1146 2883 1206 race
2913 1147 3024 1207 whose
3050 1150 3122 1210 best

1811 1177 1886 1237 men
1917 1177 2000 1237 have
2027 1177 2154 1237 always
2190 1180 2318 1240 merged
2358 1183 2428 1243 into
2468 1186 2524 1246 the
2565 1187 2697 1247 culture
2732 1189 2767 1249 of
2790 1192 2846 1252 the
2873 1193 2943 1253 land
2979 1194 3009 1254 of
3032 1195 3119 1255 their

1814 1222 1989 1282 adoption,
2013 1225 2072 1285 and
2104 1224 2130 1284 to
2158 1224 2234 1284 send
2267 1229 2339 1289 them
2394 1230 2421 1290 to
2457 1231 2471 1291 a
2512 1234 2638 1294 foreign
2675 1236 2775 1296 land,
2793 1237 2806 1297 a
2834 1239 2906 1299 land
2943 1239 2974 1299 to
3011 1240 3115 1300 which

1814 1264 1849 1324 no
1877 1269 1971 1329 home
1999 1270 2153 1330 sickness
2180 1272 2261 1332 calls
2284 1274 2406 1334 them.
2452 1279 2519 1339 And
2556 1281 2700 1341 George,
2719 1282 2773 1342 the
2800 1285 2990 1345 Christian,
3013 1286 3049 1346 as
3077 1286 3117 1346 he

1805 1315 1929 1375 listens
1959 1315 1987 1375 to
2017 1316 2126 1376 them,
2156 1319 2323 1379 realises
2348 1323 2439 1383 some
2468 1324 2540 1384 idea
2570 1326 2608 1386 of
2632 1327 2699 1387 this
2733 1330 2877 1390 people's
2911 1333 3117 1393 mysterious

1809 1359 1962 1419 destiny,
1981 1360 2085 1420 which
2122 1362 2248 1422 always
2276 1367 2447 1427 expresses
2475 1370 2574 1430 itself
2597 1371 2624 1431 in
2660 1374 2755 1434 every
2787 1374 2846 1434 one
2878 1374 2950 1434 who
2982 1379 3113 1439 springs

1810 1404 1879 1464 from
1917 1406 1972 1466 the
1996 1407 2084 1467 race,
2098 1407 2154 1467 not
2173 1408 2237 1468 less
2257 1409 2284 1469 in
2308 1412 2400 1472 those
2424 1416 2499 1476 that
2518 1416 2564 1476 try
2597 1419 2624 1479 to
2653 1419 2769 1479 escape
2797 1422 2866 1482 from
2913 1422 2983 1482 this
3011 1424 3113 1484 origin

1809 1449 1845 1509 of
1869 1452 1989 1512 theirs,
2004 1452 2041 1512 as
2060 1453 2181 1513 though
2214 1455 2241 1515 it
2260 1457 2339 1517 were
2362 1460 2371 1520 a
2395 1462 2567 1522 disgrace,
2586 1464 2599 1524 a
2632 1464 2716 1524 fairy
2749 1466 2814 1526 tale
2842 1467 2944 1527 which
2982 1468 3027 1528 did
3056 1468 3116 1528 not

1804 1497 1943 1557 concern
1972 1498 2046 1558 them
2084 1500 2116 1560 at
2135 1500 2190 1560 all,
2205 1501 2279 1561 than
2308 1504 2330 1564 in
2359 1506 2452 1566 those
2481 1508 2555 1568 who
2588 1512 2793 1572 obstinately
2822 1514 2957 1574 pointed
2985 1515 3059 1575 back
3083 1515 3111 1575 to

1802 1542 1831 1602 it
1851 1542 1885 1602 as
1906 1542 2028 1602 though
2054 1544 2082 1604 to
2108 1544 2117 1604 a
2137 1546 2230 1606 piece
2256 1550 2294 1610 of
2315 1552 2467 1612 destiny,
2487 1555 2526 1615 an
2556 1555 2694 1615 honour
2719 1558 2753 1618 or
2778 1558 2817 1618 an
2852 1559 3034 1619 historical
3049 1561 3118 1621 fach

1808 1588 1907 1648 based
1933 1589 1966 1649 on
2000 1589 2033 1649 an
2063 1590 2259 1650 immovable
2284 1597 2501 1657 foundation.

1896 1637 1923 1697 In
1951 1637 2000 1697 the
2023 1638 2200 1698 character
2218 1639 2251 1699 of
2296 1642 2457 1702 George,"
2474 1646 2684 1706 Schnitzler,
2696 1649 2851 1709 standing
2874 1651 3007 1711 outside
3036 1651 3124 1711 him

1805 1679 1891 1739 self,
1908 1683 2123 1743 undoubted'
2161 1682 2398 1742 endeavoured
2431 1686 2462 1746 to
2496 1685 2598 1745 prohe
2626 1689 2679 1749 his
2706 1691 2776 1751 own
2814 1693 2959 1753 attitude
2992 1691 3024 1751 te
3057 1697 3110 1757 the

1804 1724 1924 1784 Jowish
1953 1728 2223 1788 question,and,
2237 1730 2307 1790 four
2336 1731 2433 1791 years
2452 1733 2559 1793 later,
2574 1730 2596 1790 in
2629 1735 2830 1795 Professor
2853 1737 3114 1797 Bernhardi,a

1807 1772 1876 1832 play
1900 1771 2025 1831 which,
2039 1773 2077 1833 on
2105 1774 2249 1834 account
2272 1774 2309 1834 of
2324 1774 2379 1834 the
2403 1779 2561 1839 religious
2585 1780 2831 1840 controversies
2860 1782 2888 1842 it
2907 1782 3036 1842 raised,
3051 1783 3115 1843 was

1799 1816 1851 1876 for
1880 1816 1975 1876 years
2009 1818 2133 1878 banned
2162 1820 2190 1880 in
2229 1822 2367 1882 Central
2392 1824 2544 1884 Europe,
2564 1823 2601 1883 he
2631 1824 2706 1884 drew
2745 1825 2802 1885 the
2822 1828 2955 1888 picture
2979 1830 3113 1890 (almost

1800 1864 2041 1924 biographical
2055 1866 2087 1926 of
2106 1866 2152 1926 his
2171 1867 2301 1927 father)
2315 1867 2352 1927 of
2366 1868 2380 1928 a
2404 1870 2520 1930 Jewish
2553 1870 2682 1930 doctor,
2692 1871 2757 1931 who
2780 1873 2928 1933 refusing
2952 1876 2984 1936 to
3008 1876 3109 1936 budge

1800 1909 1868 1969 from
1908 1909 2000 1969 what
2021 1910 2054 1970 he
2079 1912 2245 1972 conceives
2270 1912 2294 1972 to
2319 1913 2353 1973 be
2378 1914 2426 1974 his
2452 1914 2535 1974 duty
2555 1916 2589 1976 as
2609 1918 2618 1978 a
2643 1918 2838 1978 physician,
2859 1920 2946 1980 finds
2971 1921 3113 1981 himself

1804 1953 1956 2013 involved
1985 1955 2008 2015 in
2037 1957 2046 2017 a
2071 1956 2223 2016 political
2238 1959 2347 2019 clash,
2362 1959 2505 2019 wherein
2529 1962 2586 2022 the
2610 1963 2843 2023 anti-Semites
2868 1965 3058 2025 endeavour
3077 1965 3105 2025 to

1799 2001 1897 2061 make
1917 2001 1931 2061 a
1956 2002 2132 2062 scapegoat
2148 2004 2182 2064 of
2197 2004 2285 2064 him.
2324 2005 2408 2065 This
2428 2007 2515 2067 play,
2531 2007 2717 2067 translated
2737 2009 2771 2069 by
2791 2010 2889 2070 Hetty
2909 2011 3119 2071 Landston,

1800 2046 1864 2106 was
1888 2046 2051 2106 produced
2084 2048 2120 2108 by
2149 2049 2204 2109 the
2228 2049 2344 2109 Jewish
2372 2052 2493 2112 Drama
2517 2055 2647 2115 League
2666 2055 2703 2115 at
2722 2055 2773 2115 the
2796 2056 2940 2116 Phoenix
2969 2058 3108 2118 Theatre

1796 2091 1862 2151 last
1885 2094 2019 2154 March.

1882 2137 1985 2197 These
2008 2138 2071 2198 two
2095 2141 2217 2201 works,
2231 2144 2290 2204 out
2308 2144 2344 2204 of
2358 2144 2371 2204 a
2394 2144 2480 2204 total
2499 2144 2530 2204 of
2549 2147 2652 2207 about
2671 2147 2757 2207 sixty
2776 2150 2870 2210 plays
2889 2150 2948 2210 and
2980 2150 3115 2210 novels,

1792 2184 2009 2244 represented
2037 2188 2255 2248 Schnitzler's
2278 2189 2345 2249 sole
2373 2189 2568 2249 incursions
2596 2192 2664 2252 into
2696 2192 2709 2252 a
2741 2193 2946 2253 specifical'y
2978 2195 3100 2255 Jewish

1794 2229 1890 2289 field.
1931 2229 2019 2289 They
2045 2234 2133 2294 stand
2160 2234 2305 2294 without
2323 2234 2442 2294 rivals,
2456 2237 2490 2297 as
2508 2237 2561 2297 the
2584 2237 2667 2297 most
2685 2240 2803 2300 skilful
2817 2241 3107 2301 representations

1794 2276 1829 2336 of
1847 2276 1921 2336 that
1948 2277 2093 2337 pre-war
2116 2279 2234 2339 Jewish
2270 2282 2419 2342 element
2446 2282 2476 2342 in
2512 2282 2648 2342 Central
2675 2285 2824 2345 Europe,
2842 2285 2942 2345 which
2969 2287 3101 2347 reigned

1788 2321 1947 2381 supreme
1974 2324 2000 2384 in
2027 2326 2079 2386 art
2097 2327 2155 2387 and
2177 2327 2362 2387 medicine.
2402 2327 2482 2387 From
2522 2330 2579 2390 the
2597 2330 2693 2390 point
2712 2330 2746 2390 of
2764 2330 2835 2390 view
2862 2331 2897 2391 of
2915 2333 3109 2393 literature,

1792 2365 1868 2425 they
1891 2367 1945 2427 are
1968 2371 2199 2431 undoubtedly
2226 2371 2276 2431 his
2303 2372 2366 2432 two
2394 2374 2543 2434 greatest
2566 2374 2670 2434 works
2697 2377 2778 2437 and,
2792 2377 3032 2437 incidentally,
3046 2377 3100 2437 the

1794 2413 1854 2473 two
1880 2413 1905 2473 in
1936 2413 2038 2473 which
2064 2415 2098 2475 he
2120 2417 2261 2477 himself
2275 2419 2343 2479 took
2373 2419 2424 2479 the
2450 2419 2536 2479 most
2553 2419 2660 2479 pride.

1875 2461 2070 2521 Schnitzler
2090 2461 2191 2521 never
2212 2463 2311 2523 really
2337 2466 2442 2526 forgot
2458 2466 2533 2526 that
2554 2467 2588 2527 he
2609 2467 2674 2527 was
2694 2467 2704 2527 a
2724 2467 2809 2527 Jew,
2826 2469 2880 2529 and
2901 2470 2986 2530 after
3036 2470 3101 2530 The

1794 2505 1877 2565 Road
1910 2505 1942 2565 to
1971 2506 2026 2566 the
2060 2508 2143 2568 Open
2195 2508 2255 2568 and
2321 2511 2498 2571 Professor
2535 2512 2754 2572 Bernhardi,"
2783 2515 2838 2575 the
2866 2515 2978 2575 public
3007 2518 3099 2578 could

1785 2550 1847 2610 not
1867 2550 1976 2610 forget
1996 2550 2034 2610 it.
2077 2551 2197 2611 When,
2212 2553 2240 2613 in
2264 2553 2355 2613 1920,
2370 2556 2427 2616 the
2447 2557 2643 2617 production
2672 2559 2705 2619 of
2744 2559 2897 2619 Reigen"
2917 2559 2945 2619 in
2974 2561 3094 2621 Vienna

1789 2595 1920 2655 created
1947 2598 1983 2658 an
2006 2597 2124 2657 outcry
2152 2597 2187 2657 by
2220 2600 2273 2660 the
2306 2604 2509 2664 Churches;
2528 2604 2618 2664 when
2650 2604 2763 2664 armed
2790 2607 2976 2667 policemen
3008 2607 3098 2667 stood

1789 2641 1923 2701 outside
1947 2643 2002 2703 the
2031 2645 2091 2705 box
2120 2645 2207 2705 office
2240 2646 2300 2706 and
2334 2649 2538 2709 scrutinised
2562 2649 2654 2709 every
2678 2652 2855 2712 applicant
2879 2652 2929 2712 for
2958 2652 3064 2712 seats,
3079 2655 3106 2715 it

1791 2686 1857 2746 was
1879 2688 1914 2748 no
1941 2688 2042 2748 shout
2069 2691 2099 2751 of
2121 2691 2196 2751 high
2223 2694 2333 2754 moral
2355 2696 2496 2756 purpose
2523 2697 2623 2757 which
2646 2697 2738 2757 came
2761 2697 2826 2757 from
2871 2697 2928 2757 the
2954 2699 3099 2759 howling

1789 2734 1863 2794 mob
1886 2734 1918 2794 of
1937 2735 2095 2795 students
2115 2738 2137 2798 in
2166 2738 2221 2798 the
2240 2738 2421 2798 streetit
2440 2741 2505 2801 was
2524 2743 2640 2803 simply
2691 2742 2789 2802 Down
2818 2744 2887 2804 with
2915 2745 2970 2805 the
2985 2747 3100 2807 Jews."
