3392 4256
252 256 397 316 12.

447 268 872 328 Schnitzle

987 265 1025 325 s
1095 267 1320 327 Death

383 1672 491 1732 Bühne
519 1673 659 1733 denkend.
701 1672 737 1732 In
770 1670 815 1730 den
847 1671 1083 1731 verschiedensten
1121 1671 1247 1731 Lebens¬

383 1716 487 1776 lagen,
506 1717 569 1777 doch
602 1714 646 1774 nie
674 1714 742 1774 ohne
770 1714 983 1774 Verliebtheit,
1002 1714 1065 1774 auch
1098 1714 1143 1774 nie
1171 1713 1243 1773 ohne

386 1758 690 1818 selbstpersiflierende
742 1756 1009 1816 Schmerzlichkeit,
1057 1756 1131 1816 zeigt
1188 1753 1244 1813 uns

385 1804 543 1864 Schnitzler
571 1801 659 1861 diesen
697 1801 841 1861 eleganten
879 1800 995 1860 Wiener
1028 1801 1172 1861 Jüngling
1205 1796 1218 1856 —

383 1844 435 1904 von
471 1846 559 1906 dessen
599 1843 811 1903 Lebensberuf,
838 1842 908 1902 salls
948 1841 978 1901 er
1023 1843 1102 1903 einen
1147 1843 1235 1903 haben

389 1888 482 1948 sollte,
510 1888 565 1948 wir
594 1888 687 1948 nichts
721 1885 827 1945 ahnen,
851 1885 879 1945 in
916 1885 1005 1945 dessen
1048 1886 1243 1946 leichtbeweg¬

384 1931 487 1991 liches,
508 1932 802 1992 leichtentzündliches
829 1929 900 1989 Herz
927 1929 983 1989 wir
1009 1929 1076 1989 aber
1102 1929 1164 1989 Zug
1190 1928 1241 1988 für

380 2929 441 2989 Zug
468 2927 704 2987 hineinschauen.
741 2926 792 2986 Ein
824 2923 1232 2983 Kaffeehaus=Lebejüngling

261 2932 331 2992 icht.

391 2972 444 3032 mag
477 2971 503 3031 er
531 2970 608 3030 wohl
631 2968 703 3028 sein,
722 2968 798 3028 wenn
836 2969 894 3029 auch
922 2968 976 3028 von
1008 2967 1053 3027 der
1081 2968 1243 3028 verfeiner¬

379 3015 462 3075 testen
500 3013 570 3073 Art.
603 3012 691 3072 Wäre
715 3010 747 3070 er
771 3011 831 3071 dies
860 3010 948 3070 nicht,
968 3010 995 3070 er
1019 3010 1098 3070 wäre
1122 3011 1145 3071 ja
1178 3010 1233 3070 kein

254 3016 326 3076 rzelt

384 3056 469 3116 echter
498 3055 631 3115 Wiener.
675 3055 736 3115 Und
765 3055 794 3115 so
818 3054 856 3114 ist
880 3052 951 3112 denn
985 3052 1046 3112 auch
1080 3052 1232 3112 Schnitzler

385 3100 464 3160 selbst
492 3099 543 3159 von
576 3099 656 3159 einem
698 3097 852 3157 literarisch
881 3095 1091 3155 interessierten
1124 3094 1240 3154 Kaffee¬

384 3141 547 3201 hauskreise
571 3141 715 3201 natürlich
739 3141 823 3201 unter
846 3141 893 3201 den
926 3141 995 3201 (hier
1019 3138 1144 3198 anfangs
1173 3137 1238 3197 leise

233 3145 306 3205 einem

384 3186 661 3246 widerstrebenden)
681 3183 791 3243 Weihen
811 3183 954 3243 Hermann
979 3183 1093 3243 Bahrs,
1108 3180 1237 3240 zunächst

252 3190 322 3250 stets

385 3231 507 3291 entdeckt
537 3228 669 3288 worden.
713 3228 860 3288 Gleichsam
904 3228 948 3288 ein
983 3225 1104 3285 Wiener
1134 3222 1236 3282 Lokal¬

385 3272 534 3332 ereignis.

263 3275 329 3335 dher,

427 3312 491 3372 Doch
521 3314 579 3374 sehr
605 3314 678 3374 rasch
708 3314 796 3374 wuchs
826 3314 850 3374 er
875 3312 944 3372 über
969 3309 1023 3369 das
1048 3309 1151 3369 Lokale
1176 3309 1239 3369 hin¬

254 3317 319 3377 Typ

383 3358 455 3418 aus.
469 3359 505 3419 In
533 3359 632 3419 Berlin
655 3359 732 3419 faßte
750 3357 832 3417 man,
846 3356 918 3416 seine
942 3353 1109 3413 vornehme,
1123 3353 1236 3413 geistige

208 3362 326 3422 ahrhaft

389 3404 527 3464 Qualität
556 3401 728 3461 erkennend,
753 3401 871 3461 alsbald
901 3398 1048 3458 Interesse
1087 3395 1135 3455 für
1178 3395 1245 3455 ihn,

269 3403 321 3463 Er

387 3445 437 3505 und
466 3445 541 3505 ganz
560 3445 746 3505 Deutschland
775 3444 896 3504 stimmte
920 3442 966 3502 dem
1004 3440 1051 3500 zu.
1084 3437 1158 3497 Auch
1182 3436 1242 3496 Pa¬

231 3448 310 3508 einem

280 3490 320 3550 die
384 3490 447 3550 ris,
471 3490 604 3550 London,
628 3487 685 3547 New
726 3487 806 3547 York
830 3487 887 3547 und
917 3486 963 3546 die
993 3485 1113 3545 anderen
1149 3481 1240 3541 Welt¬

218 1779 331 1839 nten.

263 1832 308 1892 um

236 1929 321 1989 ahre

254 1976 327 2036 Ar¬

1547 273 1670 333 box
1749 277 1934 337 42/7

1300 1670 1386 1730 städte
1415 1673 1506 1733 ließen
1540 1673 1583 1733 sich
1617 1670 1665 1730 von
1699 1673 1857 1733 Schnitzler
1896 1673 1986 1733 willig
2025 1673 2169 1733 erobern.

1301 1711 1408 1771 Seinem
1442 1712 1644 1772 bestrickenden
1670 1713 1777 1773 Scharm
1812 1711 1914 1771 konnte
1936 1712 1996 1772 eben
2022 1712 2159 1772 niemand

1299 1756 1502 1816 widerstehen.
1547 1756 1608 1816 Und
1649 1756 1724 1816 seine
1764 1756 1936 1816 kultivierte
1977 1756 2166 1816 vibrierende

1295 1801 1558 1861 Empfindsamkeit
1582 1798 1700 1858 gewann
1732 1801 1772 1861 ihm
1814 1801 1859 1861 die
1882 1801 2009 1861 Herzen,
2028 1799 2164 1859 nament¬

1298 1843 1343 1903 lich
1366 1843 1411 1903 der
1439 1843 1570 1903 Frauen.
1607 1841 1674 1901 Sein
1702 1843 1787 1903 erster
1811 1843 1910 1903 großer
1933 1843 2032 1903 Erfolg
2060 1843 2159 1903 wurde

1302 1885 1397 1945 (1895)
1422 1882 1598 1942 „Liebelei“.
1618 1883 1674 1943 Alle
1699 1885 1909 1945 Eigenschaften
1933 1885 1980 1945 des
2005 1885 2153 1945 Menschen

1298 1929 1349 1989 und
1382 1927 1536 1987 Künstlers
1564 1927 1717 1987 Schnitzler
1746 1927 1852 1987 blitzten
1886 1926 1969 1986 darin
1997 1929 2067 1989 auf,
2086 1928 2160 1988 seine

1296 1974 1384 2034 ganze
1412 1969 1738 2029 Liebenswürdigkeit,
1762 1971 1799 2031 all
1827 1971 1901 2031 seine
1935 1971 2060 2031 Grazie,
2084 1970 2163 2030 nicht

1295 2013 1409 2073 minder
1441 2013 1516 2073 seine
1552 2013 1600 2073 von
1640 2013 1751 2073 Tragik
1787 2013 1986 2073 umwitterte,
2021 2014 2163 2074 ironische

1292 2058 1581 2118 Lebensstimmung.
1619 2055 1693 2115 Aber
1717 2055 1843 2115 darüber
1867 2055 1974 2115 hinaus
1993 2058 2081 2118 zeigte
2105 2058 2165 2118 sich,

1295 2097 1347 2157 wie
1371 2099 1448 2159 sicher
1473 2099 1501 2159 er
1525 2096 1577 2156 das
1603 2098 1751 2158 Szenische
1775 2096 1823 2156 der
1847 2098 1953 2158 Bühne
1977 2099 2164 2159 beherrschte.

1334 2143 1400 2203 Mit
1435 2144 1636 2204 „Freiwild“,
1661 2144 1713 2204 dem
1762 2144 1934 2204 „Einsamen
1973 2144 2078 2204 Weg",
2108 2146 2155 2206 den

1292 2189 1450 2249 Einaktern
1486 2189 1534 2249 des
1570 2189 1710 2249 „Grünen
1750 2189 1904 2249 Kakadu",
1940 2188 2015 2248 dann
2059 2189 2156 2249 später

1294 2232 1340 2292 dem
1382 2234 1518 2294 „Jungen
1551 2231 1761 2291 Medardus",
1785 2231 1836 2291 dem
1887 2231 2013 2291 „Weiten
2047 2231 2163 2291 Land“,

1299 2277 1389 2337 „Fink
1413 2276 1466 2336 und
1490 2273 1728 2333 Fliederbusch",
1743 2276 1776 2336 um
1816 2273 1872 2333 nur
1892 2275 1987 2335 einige
2012 2276 2054 2336 der
2078 2276 2159 2336 wich¬

1291 2317 1384 2377 tigsten
1418 2317 1576 2377 Komödien
1605 2317 1633 2377 zu
1661 2317 1792 2377 nennen,
1806 2319 1885 2379 faßte
1910 2319 2063 2379 Schnitzler
2088 2317 2162 2377 wei¬

1293 2359 1336 2419 ter
1365 2359 1447 2419 festen
1476 2359 1538 2419 Fuß
1577 2359 1630 2419 auf
1654 2357 1702 2417 der
1732 2359 1852 2419 Bühne.
1905 2359 1967 2419 Und
2016 2359 2074 2419 erst
2117 2362 2165 2422 die

1294 2404 1420 2464 neueste,
1439 2404 1527 2464 gewiß
1555 2401 1630 2461 nicht
1649 2401 1802 2461 besonders
1831 2401 1998 2461 erfreuliche
2022 2402 2161 2462 Entwick¬

1294 2444 1363 2504 lung
1392 2446 1442 2506 hat
1466 2446 1512 2506 ihn
1545 2446 1619 2506 einen
1653 2446 1788 2506 seltneren
1821 2446 1895 2506 Gast
1919 2446 1969 2506 auf
1993 2446 2039 2506 den
2072 2446 2160 2506 Bret¬

1296 2487 1349 2547 tern
1391 2487 1499 2547 werden
1540 2488 1644 2548 lassen.
1686 2487 1885 2547 Gelegentlich
1917 2487 1971 2547 gab
2013 2487 2039 2547 es
2090 2489 2153 2549 auch

1296 2529 1395 2589 Streit
1418 2529 1454 2589 um
1495 2529 1535 2589 ihn
1572 2523 1581 2583 —
1631 2529 1712 2589 welch
1740 2529 1825 2589 echtem
1867 2529 2052 2589 Dramatiker
2075 2532 2156 2592 hätte

1293 2571 1340 2631 der
1365 2572 1455 2632 fehlen
1489 2571 1614 2631 dürfen!
1653 2571 1719 2631 Wer
1748 2572 1882 2632 erinnert
1917 2572 1959 2632 sich
1998 2573 2074 2633 nicht
2108 2576 2155 2636 der

1300 2616 1444 2676 Skandale
1468 2616 1522 2676 und
1550 2616 1594 2676 des
1618 2616 1785 2676 Prozesses,
1799 2616 1844 2676 die
1867 2615 1908 2675 sich
1931 2613 1939 2673 —
1986 2615 2067 2675 wann
2094 2619 2157 2679 war

1296 2655 1323 2715 es
1352 2658 1412 2718 doch
1445 2658 1617 2718 eigentlich?
1641 2654 1654 2714 —
1706 2658 1738 2718 um
1780 2658 1826 2718 die
1855 2658 2036 2718 Dialogserie
2079 2661 2153 2721 „Der

1299 2699 1427 2759 Reigen"
1456 2699 1504 2759 bei
1523 2699 1575 2759 uns
1605 2699 1772 2759 entspann?
1806 2699 1901 2759 Lang,
1920 2700 1987 2760 lang
2016 2700 2073 2760 ist's
2102 2702 2164 2762 her,

1299 2744 1399 2804 möchte
1423 2744 1480 2804 man
1509 2746 1609 2806 sagen.
1643 2745 1714 2805 Ach,
1729 2744 1781 2804 und
1810 2744 1839 2804 es
1863 2744 1925 2804 war
1949 2744 2006 2804 doch
2030 2747 2154 2807 beinahe

1294 2786 1480 2846 vorgestern.

1330 2832 1402 2892 Doch
1430 2833 1507 2893 nicht
1530 2831 1575 2891 dem
1617 2832 1803 2892 Dramatiker
1831 2831 1917 2891 allein
1945 2832 2012 2892 darf
2036 2833 2099 2893 man
2131 2835 2153 2895 in

1300 2875 1449 2935 Schnitzler
1481 2875 1639 2935 huldigen.
1685 2875 1725 2935 Er
1758 2875 1816 2935 war
1848 2875 1911 2935 auch
1944 2875 1988 2935 ein
2021 2876 2152 2936 überaus

1297 2917 1385 2977 feiner
1410 2920 1571 2980 Erzähler.
1612 2918 1685 2978 Hier
1715 2917 1783 2977 ganz
1813 2917 1969 2977 besonders
2004 2920 2082 2980 zeigt
2107 2920 2151 2980 sich

1291 2961 1350 3021 eine
1378 2959 1469 3019 seiner
1497 2959 1661 3019 erlesensten
1694 2959 1812 3019 Gaben:
1836 2959 1913 3019 seine
1937 2962 2069 3022 eminent
2092 2959 2160 3019 sub¬

1297 3001 1345 3061 tile
1372 3004 1468 3064 Kunst
1491 3004 1725 3064 zergliedernder
1757 3004 2003 3064 Seelenmalerei.
2048 3004 2162 3064 Zumal

1294 3046 1320 3106 in
1348 3046 1433 3106 seinen
1466 3046 1620 3106 Novellen,
1638 3046 1688 3106 vor
1711 3046 1783 3106 allem
1820 3046 1842 3106 in
1869 3046 2164 3106 „Dämmerseelen“,

1296 3088 1365 3148 dann
1394 3089 1454 3149 auch
1478 3090 1500 3150 in
1529 3088 1664 3148 „Masken
1692 3087 1743 3147 und
1767 3088 1929 3148 Wunder",
1944 3090 2037 3150 „Frau
2065 3087 2158 3147 Beate

1294 3130 1351 3190 und
1375 3131 1422 3191 ihr
1448 3131 1547 3191 Sohn"
1577 3129 1634 3189 und
1663 3130 1759 3190 zuletzt
1783 3129 1845 3189 noch
1874 3132 2032 3192 „Fräulein
2061 3129 2147 3189 Else“

1295 3177 1452 3237 entwickelt
1472 3174 1511 3234 sich
1536 3173 1639 3233 höchste
1659 3171 1869 3231 Meisterschaft
1885 3173 1909 3233 in
1934 3174 2154 3234 prägnantester

1295 3219 1397 3279 Kürze.
1442 3218 1526 3278 Kaum
1571 3216 1682 3276 minder
1723 3216 1855 3276 verraten
1892 3216 2065 3276 Schnitzlers
2096 3216 2162 3276 Ro¬

1296 3260 1394 3320 mane,
1409 3260 1458 3320 vor
1483 3260 1551 3320 allem
1591 3260 1669 3320 „Der
1689 3257 1757 3317 Weg
1782 3260 1826 3320 ins
1851 3258 1973 3318 Freie",
1988 3260 2032 3320 den
2062 3260 2150 3320 hohen

1292 3305 1410 3365 Könner
1461 3302 1519 3362 wie
1551 3302 1665 3362 überall
1697 3302 1760 3362 auch
1793 3302 1842 3362 den
1879 3305 2152 3365 stimmungsvollen

1296 3347 1419 3407 Poeten.
1459 3346 1523 3406 Und
1553 3346 1607 3406 fast
1627 3344 1824 3404 allenthalben
1854 3344 1888 3404 ist
1914 3344 1938 3404 es
1968 3344 2011 3404 die
2037 3347 2159 3407 Wiener

1298 3391 1503 3451 Atmosphäre,
1522 3386 1563 3446 die
1587 3387 1642 3447 uns
1666 3386 1820 3446 umstrickt;
1844 3386 2006 3446 manchmal
2025 3387 2155 3447 gestreift

1292 3432 1340 3492 von
1376 3434 1455 3494 einem
1496 3431 1681 3491 wärmenden
1713 3429 1805 3489 Hauch
1837 3428 1886 3488 des
1913 3430 2054 3490 Südens.
2099 3431 2156 3491 Die

1293 3480 1378 3540 ganze
1403 3476 1565 3536 Klaviatur
1590 3475 1632 3535 des
1662 3474 1852 3534 wienerischen
1882 3472 2078 3532 Empfindens
2102 3472 2154 3532 hat

2217 1667 2246 1727 er
2270 1672 2323 1732 wie
2353 1671 2393 1731 ein
2423 1670 2558 1730 Virtuose
2583 1673 2765 1733 beherrscht,
2784 1676 2859 1736 wohl
2884 1674 2930 1734 hie
2954 1676 3007 1736 und
3037 1675 3066 1735 da

2218 1711 2272 1771 mit
2306 1714 2394 1774 leiser
2434 1714 2655 1774 zweiflerischer
2689 1714 2810 1774 Kühle,
2844 1715 2977 1775 niemals
3016 1715 3076 1775 mit

2217 1756 2332 1816 innerer
2360 1756 2459 1816 Kälte.
2499 1756 2686 1816 Jedenfalls,
2709 1759 2797 1819 unter
2825 1759 2913 1819 allen,
2936 1759 2979 1819 die
3008 1759 3068 1819 nach

2220 1798 2260 1858 ihm
2297 1798 2389 1858 kamen
2421 1798 2441 1858 im
2483 1798 2508 1858 so
2534 1798 2637 1858 reichen
2663 1800 2781 1860 Wiener
2808 1801 2915 1861 Reigen
2947 1801 2993 1861 der
3019 1800 3075 1860 Ta¬

2218 1843 2308 1903 lente,
2331 1842 2394 1902 gibt
2422 1840 2450 1900 es
2485 1840 2599 1900 keinen,
2633 1841 2683 1901 der
2718 1842 2763 1902 ihm
2809 1843 2883 1903 nicht
2912 1843 3076 1903 irgendwie

2219 1885 2354 1945 innerlich
2378 1885 2558 1945 verpflichtet
2582 1885 2700 1945 gewesen
2730 1885 2820 1945 wäre.
2849 1887 2922 1947 Sein
2951 1886 3070 1946 Einfuß

2218 1929 2264 1989 auf
2280 1926 2326 1986 die
2342 1926 2533 1986 Stilbildung
2559 1926 2616 1986 war
2638 1926 2720 1986 wohl
2736 1929 2798 1989 noch
2819 1929 3072 1989 durchgreifenden

2219 1969 2262 2029 als
2284 1971 2332 2031 bei
2349 1968 2603 2028 Hofmannsthal.
2636 1968 2700 2028 Wie
2733 1970 2776 2030 die
2798 1971 2922 2031 gesamte
2944 1972 3068 2032 deutsche

2212 2013 2374 2073 Dichtung,
2394 2012 2418 2072 so
2448 2012 2576 2072 verliert
2601 2012 2812 2072 insbesondere
2842 2013 2920 2073 Wien
2955 2016 2979 2076 in
3014 2015 3058 2075 ihm

2218 2055 2277 2115 eine
2303 2055 2388 2115 seiner
2414 2055 2686 2115 repräsentativsten
2718 2056 2960 2116 Erscheinungen.
2980 2058 3065 2118 Schon

2213 2100 2272 2160 jetzt
2294 2099 2407 2159 planten
2435 2098 2543 2158 manche
2565 2097 2678 2157 Wiener
2700 2099 2819 2159 Bühnen
2847 2099 2873 2159 zu
2901 2099 3068 2159 Schnitzlers

2212 2138 2264 2198 70.
2289 2141 2508 2201 Geburtstage,
2528 2141 2575 2201 den
2609 2141 2637 2201 er
2666 2141 2704 2201 am
2743 2141 2795 2201 15.
2819 2141 2890 2201 Mai
2920 2141 2967 2201 des
2996 2141 3072 2201 kom¬

2217 2183 2332 2243 menden
2363 2183 2468 2243 Jahres
2499 2184 2575 2244 hätte
2601 2183 2681 2243 feiern
2717 2185 2818 2245 sollen,
2843 2183 3065 2243 Aufführungen

2214 2228 2302 2288 seiner
2333 2228 2480 2288 Dramen.
2528 2227 2634 2287 Leider
2664 2228 2776 2288 werden
2812 2230 2841 2290 es
2871 2231 2935 2291 jetzt
2960 2229 3071 2289 Toten¬

2217 2273 2303 2333 feiern
2342 2272 2470 2332 werden.

2676 2314 2822 2374 Fraur
2841 2317 3026 2377 derragk.
