3392 4320
1442 291 1566 351 box
1645 288 1831 348 44/1

136 301 209 361 12

336 300 916 360 Schnitzler's
985 307 1207 367 Death

168 487 225 547 mit
268 488 321 548 der
363 489 473 549 Deka¬

529 491 560 551 er
592 497 661 557 auch
699 499 794 559 Halt=
820 498 882 558 und
914 498 1179 558 Willenlosigkeit
1205 499 1450 559 liebenswürdig
1482 501 1513 561 zu

133 535 206 595 per=
238 532 300 592 und
337 535 468 595 Seelen¬

497 539 643 599 gestalten
685 539 740 599 und
776 540 831 600 der
863 542 1030 602 Dekadenz
1061 544 1137 604 einen
1178 542 1279 602 Hauch
1315 543 1371 603 von
1407 544 1518 604 Poesie

135 576 193 636 xken
233 577 330 637 etwas
375 576 466 636 Mor-

509 583 528 643 zu
569 580 660 640 geben
701 583 801 643 weiß!

133 621 154 681 ht
194 622 331 682 dadurch
376 622 469 682 besser

591 634 683 694 Frisch
720 634 782 694 und
819 637 969 697 natürlich
1006 638 1072 698 ging
1114 637 1170 697 das
1207 639 1306 699 Spiel
1337 640 1508 700 vonstatten

133 664 148 724 n
190 664 282 724 wird.
325 664 371 724 In
413 664 464 724 der

501 674 583 734 dank
609 676 655 736 der
686 679 903 739 Lebendigkeit
929 682 1006 742 aller
1033 682 1218 742 Darsteller.
1250 682 1322 742 Frl.
1343 685 1513 745 Traute

130 706 210 766 eines
246 706 371 766 Werkes
402 709 466 769 war

496 720 708 780 Reimann
749 721 827 781 sand
863 722 911 782 als
952 724 1120 784 Christine,
1155 725 1199 785 als
1239 727 1293 787 das
1333 727 1515 787 betrogene,

138 748 234 808 Geiste
263 750 360 810 seiner
395 754 468 814 Zeit

498 763 552 823 tief
582 763 725 823 liebende
760 766 908 826 Mädchen
948 767 1041 827 Töne
1076 767 1130 827 und
1170 768 1338 828 Gebärden
1373 769 1432 829 von
1472 769 1515 829 er¬

154 792 372 852 Gefangener,
397 793 466 853 nie¬

501 807 671 867 greisender
703 807 940 867 Empfindung.
977 812 1049 872 Ihr
1081 813 1189 873 ganzes
1226 813 1510 873 schauspielerisches

133 837 379 897 Emporführer.
419 835 463 895 Er

501 849 596 909 Wesen
639 849 676 909 ist
703 851 889 911 überhaupt
922 854 974 914 der
1013 854 1092 914 klare
1124 855 1262 915 Spiegel
1295 855 1348 915 für
1380 858 1513 918 einfache

150 879 225 939 etwa
263 880 462 940 Hofmanns-

504 894 610 954 große,
659 897 964 957 unproblematische
1012 897 1172 957 Gefühle.

1229 899 1503 959 Gretelotte

135 924 150 984 n
188 923 294 983 rechten
337 924 454 984 Namen

497 936 666 996 Braris
713 939 775 999 gab
816 939 867 999 als
914 939 996 999 Mizi
1038 942 1192 1002 Schlager
1234 942 1290 1002 das
1332 945 1512 1005 erfahrene,

501 981 723 1041 oherflächliche
754 984 997 1044 Wienermädel
1023 984 1078 1044 mit
1110 984 1160 1044 der
1186 985 1236 1045 ihr
1267 987 1384 1047 eigenen
1420 988 1520 1048 queck¬

499 1025 638 1085 silbernen
685 1025 924 1085 Lebendigkeit.
971 1027 1126 1087 Gediegen
1179 1029 1240 1089 war
1282 1028 1334 1088 die
1371 1030 1515 1090 Darstel¬

138 1061 182 1121 end
228 1064 278 1124 zur
318 1062 464 1122 Auffüh¬

496 1067 567 1127 lung
609 1066 666 1126 der
708 1070 1064 1130 Strumpfwirkersfrau
1111 1072 1198 1132 durch
1240 1073 1317 1133 Frl.
1354 1073 1503 1133 Maria

145 1106 453 1166 liebenswürdigster

495 1112 759 1172 Leininger.
792 1112 882 1172 Diese
909 1115 1131 1175 schnüffelnde,
1152 1116 1327 1176 stichelnde,
1349 1118 1513 1178 rücksichts¬

136 1151 162 1211 sch
195 1151 340 1211 typischer
373 1150 464 1210 Aus¬

492 1154 541 1214 los
577 1155 838 1215 teilnahmsvolle
874 1154 1064 1214 Natgeberin
1105 1160 1179 1220 fand
1215 1161 1240 1221 in
1281 1162 1355 1222 Frl.
1381 1160 1506 1220 Leinin¬

135 1193 256 1253 dichters
282 1194 342 1254 mit
363 1194 459 1254 seiner

496 1197 545 1257 ger
585 1196 648 1256 eine
688 1198 904 1258 lebenswahre
943 1200 1173 1260 Wiedergabe.
1214 1204 1277 1264 Die
1317 1204 1498 1264 männlichen

138 1237 197 1297 tät,
224 1237 273 1297 die
306 1237 371 1297 hier
404 1237 463 1297 mit

501 1240 634 1300 Partner
671 1243 753 1303 Fritz
779 1243 970 1303 Lobheimer
1001 1244 1062 1304 und
1099 1246 1248 1306 Theodor
1285 1246 1393 1306 Kaiser
1424 1245 1506 1305 wur¬

194 1279 283 1339 führt
315 1282 378 1342 uns
421 1281 446 1341 in
484 1281 546 1341 den
579 1283 632 1343 von
664 1285 716 1345 den
743 1285 858 1345 Herren
891 1288 1032 1348 Franz
1054 1290 1223 1350 Dehler
1245 1290 1302 1350 und
1334 1290 1508 1350 Walter

188 1324 300 1384 Wien,
330 1324 391 1384 wie
427 1325 456 1385 es

492 1327 656 1387 Giersch
693 1328 755 1388 aus
797 1327 848 1387 der
885 1330 1102 1390 Atmosphäre
1139 1331 1195 1391 der
1226 1331 1360 1391 Wiener
1397 1333 1505 1393 Sorg¬

225 1369 305 1429 schön
344 1369 461 1429 macht,

490 1372 625 1432 losigkeit
658 1372 777 1432 heraus
816 1374 880 1434 sehr
914 1375 973 1435 gut
1006 1377 1169 1437 gestaltet.
1207 1378 1370 1438 Vielleicht
1403 1377 1500 1437 etwas

148 1412 204 1472 hier
240 1410 271 1470 in
313 1412 451 1472 bitterste
488 1416 518 1476 zu
565 1414 647 1474 stark
683 1416 883 1476 sentimental
920 1419 1115 1479 angehaucht
1157 1419 1223 1479 war
1265 1421 1404 1481 diesmal
1451 1420 1501 1480 der

160 1455 321 1515 Geschichte
365 1456 445 1516 eines
484 1458 580 1518 Hans
614 1459 759 1519 Weiring
797 1461 851 1521 von
889 1461 975 1521 Hrn.
997 1464 1218 1524 Friedrich
1251 1466 1509 1526 Carlmayr.

138 1500 247 1560 Frauen
286 1500 378 1560 steht,
407 1499 455 1559 die

492 1499 548 1559 Die
585 1504 911 1564 Ansteckungsgefahr
948 1505 1000 1565 der
1036 1509 1327 1569 Sentimentalität
1363 1509 1441 1569 liegt
1472 1510 1497 1570 ja

131 1541 235 1601 indere
269 1543 318 1603 als
357 1543 450 1603 Zeit=
490 1543 517 1603 im
573 1545 682 1605 Stück,
722 1547 787 1607 doch
832 1548 914 1608 nicht
953 1548 997 1608 so,
1036 1551 1091 1611 daß
1136 1548 1190 1608 ihr
1229 1550 1273 1610 ein
1318 1551 1345 1611 so

1386 1554 1502 1614 starkes

155 1584 206 1644 der
237 1587 448 1647 leidenschaft=
484 1589 623 1649 Talent,
649 1590 705 1650 wie
737 1590 799 1650 Hr.
825 1592 1015 1652 Carlmayr,
1041 1595 1226 1655 unterliegen
1263 1596 1386 1656 müßte.

1422 1596 1499 1656 Herr

172 1628 197 1688 im
254 1628 357 1688 Duell
395 1631 456 1691 mit

485 1631 611 1691 Ernst
643 1636 906 1696 Holznagel
939 1635 1012 1695 trug
1055 1638 1081 1698 in
1124 1639 1218 1699 seinem
1277 1640 1376 1700 kurzen

1421 1639 1500 1699 Auf¬

131 1673 278 1733 städchen,
305 1675 362 1735 das
389 1676 441 1736 ihn
484 1676 558 1736 tritt
595 1676 642 1736 als
680 1679 864 1739 betrogener
897 1679 1054 1739 Ehegatte
1092 1681 1154 1741 eine
1187 1682 1381 1742 prachtvolle
1414 1681 1503 1741 Kon¬

179 1718 198 1778 in
239 1718 452 1778 Erkenntnis,

487 1721 653 1781 trastfigur
695 1719 720 1779 in
768 1722 814 1782 die
856 1724 1064 1784 leichtsinnige
1106 1725 1298 1785 Stimmung
1346 1727 1397 1787 der

182 1762 326 1822 seelischer
366 1763 449 1823 Ver¬

484 1764 647 1824 pierenden
696 1766 843 1826 Jugend.
892 1769 991 1829 Jeder
1035 1766 1129 1826 Blick,
1161 1770 1246 1830 jedes
1289 1769 1399 1829 Wort,

161 1806 272 1866 konnte
310 1805 369 1865 nur
402 1807 443 1867 ein

490 1808 635 1868 Gebärde
676 1809 741 1869 war
782 1809 827 1869 ein
868 1810 963 1870 Blitz,
999 1812 1054 1872 der
1090 1813 1397 1873 unheilverkündend

140 1851 175 1911 der
206 1849 344 1909 innerlich
385 1848 446 1908 und

479 1852 618 1912 traurige
662 1850 748 1910 Ende
787 1852 912 1912 voraus
956 1853 1152 1913 beleuchtete.
1201 1857 1287 1917 Alles
1331 1857 1354 1917 in
1403 1858 1479 1918 allem

159 1891 213 1951 des
252 1892 438 1952 Leichtsinns
483 1892 551 1952 eine
581 1894 742 1954 wertvolle
777 1896 1002 1956 Aufführung,
1032 1898 1076 1958 die
1110 1900 1169 1960 eine
1204 1901 1384 1961 allgemeine
1414 1903 1497 1963 herz¬

143 1942 235 2002 licher
264 1942 450 2002 Schnitzler,
486 1944 554 2004 liche
590 1942 776 2002 Aufnahme
811 1943 880 2003 beim
927 1945 1084 2005 Publikum
1136 1945 1228 2005 fand.

601 2029 750 2089 WIEN.
777 2032 829 2092 I.,
848 2024 1129 2084 WOLLZEIE

703 2081 915 2141 TELEPHON
953 2074 1128 2134 R-23-0-43

507 2234 728 2294 Ausschnitt
756 2225 847 2285 aus:

763 2326 1258 2386 SVIEEA

866 2400 989 2460 NOV.
1011 2405 1115 2465 1931

510 2452 631 2512 wom.

385 2565 892 2625 Sichnihler=Feier
936 2563 975 2623 in
1043 2560 1335 2620 Aesden.

496 2643 819 2703 Sonntagsmatines
847 2640 873 2700 im
918 2637 1205 2697 Schauspielhaus.

356 2704 423 2764 Aus
469 2703 679 2763 Dresden
726 2698 807 2758 Wird
853 2697 913 2757 und
951 2695 1124 2755 berichtet.
1170 2694 1214 2754 Am
1276 2691 1447 2751 Sonntag¬

241 2754 416 2814 vormittag
456 2753 512 2813 hat
553 2749 609 2809 das
643 2748 916 2808 Schauspielhaus
956 2745 1057 2805 Artur
1092 2745 1341 2805 Schnitzler
1381 2739 1449 2799 eine

248 2803 554 2863 Gedenkseier
577 2799 759 2859 gewidmet,
782 2798 827 2858 die
856 2796 924 2856 reich
953 2796 986 2856 an
1015 2793 1169 2853 seelischen
1198 2790 1339 2850 Klängen
1368 2789 1453 2849 war,

244 2854 300 2914 aus
335 2852 425 2912 denen
460 2850 516 2910 das
551 2848 624 2908 Bild
659 2846 709 2906 des
739 2846 840 2906 seinen
875 2845 931 2905 und
966 2842 1233 2902 melancholischen
1268 2838 1381 2898 Poeten
1421 2837 1443 2897 in

251 2905 307 2965 uns
342 2903 489 2963 aufstieg.
518 2899 608 2959 Zwei
637 2896 727 2956 Sätze
762 2894 823 2954 aus
858 2893 1028 2953 Schuberts
1063 2891 1221 2951 Quartett
1255 2888 1283 2948 in
1318 2885 1453 2945 P-Moll

255 2953 339 3013 „Der
363 2951 430 3011 Tod
459 2950 520 3010 und
549 2947 605 3007 das
634 2942 809 3002 Mädchen"
838 2942 995 3002 spiegelten
1030 2941 1087 3001 das
1116 2937 1211 2997 Wesen
1245 2933 1296 2993 des
1325 2934 1448 2994 Wiener

256 3000 394 3060 Dichters
424 2996 644 3056 eigentümlich
674 2993 789 3053 wider.
813 2993 900 3053 „Der
929 2989 998 3049 Tod
1028 2987 1091 3047 und
1121 2987 1178 3047 das
1208 2981 1381 3041 Mädchen"

256 3052 319 3112 man
360 3047 469 3107 könnte
499 3046 527 3106 es
557 3045 614 3105 wie
644 3043 730 3103 einen
771 3041 968 3101 Widerklang
1003 3039 1054 3099 der
1084 3035 1205 3095 liebsten
1240 3035 1297 3095 und
1333 3032 1442 3092 tiefsten

253 3100 388 3160 Themen
430 3094 683 3154 Schnitzlerscher
720 3089 872 3149 Dichtung
914 3087 1085 3147 verstehen.
1139 3083 1232 3143 Dann
1274 3081 1326 3141 las
1363 3082 1450 3142 Felix

256 3145 493 3205 Steinböck
528 3142 575 3202 die
610 3140 702 3200 frühe
737 3139 871 3199 Novelle
906 3134 1167 3194 „Leutnant
1202 3130 1346 3190 Gustl"
1387 3127 1456 3187 vor,

255 3196 341 3256 jenes
376 3193 606 3253 erschütternde
642 3187 890 3247 Selbstgespräch
931 3184 988 3244 des
1023 3181 1139 3241 jungen
1192 3175 1445 3235 österreichischen

258 3245 425 3305 Offiziers,
444 3245 510 3305 der,
528 3241 612 3301 durch
643 3238 726 3298 einen
757 3236 847 3296 rohen
872 3234 1009 3294 Angriff
1028 3230 1052 3290 in
1082 3229 1178 3289 seiner
1197 3229 1280 3289 Ehre
1299 3226 1461 3286 gekränkt,

256 3293 323 3353 eine
352 3289 447 3349 Nacht
471 3288 617 3348 hindurch
646 3285 702 3345 mit
725 3284 776 3344 dem
822 3282 985 3342 Entschluß
1014 3282 1064 3342 zum
1110 3276 1302 3336 Selbstmord
1330 3276 1459 3336 kämpft.

256 3339 318 3399 Die
347 3338 414 3398 leise
443 3337 505 3397 und
534 3335 709 3395 innerliche
739 3333 840 3393 Kunst
863 3330 1055 3390 Schnitzlers
1084 3324 1186 3384 spürte
1220 3324 1288 3384 man
1323 3323 1390 3383 auch
1425 3323 1452 3383 in

261 3390 311 3450 der
340 3390 390 3450 von
425 3388 526 3448 Georg
561 3385 718 3445 Kiefau
753 3379 1035 3439 neueinstudierten
1069 3372 1272 3432 Aufführung
1301 3372 1351 3432 des
1380 3370 1458 3430 Ein¬

256 3440 354 3500 akters
378 3438 651 3498 „Dieletzten
681 3432 913 3492 Masken",
931 3429 995 3489 eine
1019 3426 1117 3486 Szene
1141 3424 1199 3484 von
1223 3423 1280 3483 fast
1304 3421 1460 3481 grotesker

258 3483 473 3543 Grausigkeit,
496 3481 567 3541 aber
601 3479 628 3539 so
656 3478 739 3538 recht
767 3477 810 3537 ein
844 3476 982 3536 Wagnis
1016 3473 1065 3533 des
1099 3470 1210 3530 Arztes
1238 3470 1287 3530 als
1321 3470 1464 3530 Dichter,

261 3535 306 3595 ein
335 3533 430 3593 Stück
454 3528 504 3588 der
533 3527 679 3587 seelischen
714 3529 877 3589 Heilkunst
901 3522 1104 3582 Schnitzlers.
1127 3518 1194 3578 Wie
1217 3518 1262 3578 sich
1297 3517 1358 3577 hier
1387 3518 1454 3578 lang

263 3583 415 3643 gestauter
444 3581 539 3641 Groll
568 3578 805 3638 „abreagiert",
828 3575 856 3635 so
885 3577 941 3637 daß
976 3573 1082 3633 zuletzt
1111 3569 1161 3629 zur
1191 3566 1360 3626 wirklichen
1394 3561 1461 3621 Ab¬

256 3632 410 3692 rechnung
443 3631 537 3691 nichts
565 3629 647 3689 mehr
676 3627 764 3687 übrig
792 3624 891 3684 bleibt
914 3622 941 3682 in
969 3621 1018 3681 des
1047 3619 1240 3679 Sterbenden
1274 3617 1384 3677 Seele,
1401 3613 1456 3673 das

262 3677 335 3737 wird
373 3677 589 3737 unerbittlich,
616 3675 690 3735 aber
722 3673 870 3733 behutsam
923 3669 981 3729 und
1013 3667 1081 3727 voll
1114 3664 1282 3724 Frfurcht
1309 3663 1367 3723 vor
1399 3662 1451 3722 den

263 3727 381 3787 Dingen
420 3725 522 3785 hinter
555 3725 603 3785 den
642 3721 771 3781 Masien
810 3720 858 3780 des
892 3718 1010 3778 Lebens
1038 3715 1173 3775 gezeigt.
1195 3715 1243 3775 So
1271 3712 1395 3772 spielten
1428 3707 1460 3767 es

263 3778 330 3838 auch
370 3775 471 3835 Louis
506 3774 686 3834 Rainer
727 3770 958 3830 (Journalist),
1004 3769 1094 3829 Erich
1134 3763 1280 3823 Ponto
1326 3760 1461 3820 (Schau¬

268 3826 403 3886 spieler),
428 3824 517 3884 Willi
541 3822 866 3882 Kleinoschegg
902 3816 1068 3876 (Dichter),
1092 3814 1186 3874 scharf
1216 3810 1376 3870 profiliert
1406 3808 1464 3868 alle

268 3878 345 3938 brei,
367 3875 444 3935 trotz
461 3872 510 3932 den
544 3868 681 3928 Lichtern
715 3867 797 3927 eines
826 3867 952 3927 Allegro
980 3864 1134 3924 einzelner
1162 3860 1278 3920 Stellen
1311 3858 1388 3918 ganz
1416 3858 1443 3918 im

263 3926 353 3986 Moll
376 3921 432 3981 des
467 3918 613 3978 Andante
642 3915 698 3975 von
738 3915 907 3975 Schubert.
936 3912 1031 3972 Stella
1066 3909 1235 3969 David,
1264 3909 1308 3969 die
1337 3906 1455 3966 Herren

267 3976 458 4036 Ziegler
483 3968 543 4028 und
568 3967 742 4027 Engels
767 3963 862 4023 gaben
893 3963 934 4023 die
959 3960 1049 4020 stillen
1086 3957 1254 4017 Untertöne
1285 3955 1374 4015 dazu.
1393 3954 1464 4014 Tief

265 4024 327 4084 und
361 4022 440 4082 ernst
463 4019 530 4079 war
559 4016 609 4076 der
638 4014 790 4074 Eindruck
813 4014 863 4074 der
892 4011 1208 4071 kammerspielhaften
1248 4005 1468 4065 Aufführung,

267 4070 321 4130 und
354 4067 537 4127 schweigend
570 4064 727 4124 verließen
760 4062 819 4122 alle
846 4062 901 4122 das
928 4060 1041 4120 Haus,
1064 4062 1106 4122 die
1134 4057 1312 4117 gekommen
1345 4053 1469 4113 waren,

267 4121 323 4181 das
355 4118 512 4178 Gedenken
550 4114 632 4174 eines
664 4112 738 4172 toten
777 4111 915 4171 Dichters
947 4109 977 4169 zu
1004 4106 1122 4166 feiern.

2501 793 2655 853 EE
2692 817 2845 877 NA

2527 885 2586 945 14
2637 895 2767 955 NOV.
2789 902 2887 962 1931

1908 1013 2051 1073 Zwischen
2084 1013 2226 1073 Heinrich
2259 1013 2513 1073 Schnitzler,
2538 1011 2585 1071 dem
2626 1010 2713 1070 Sohn
2745 1010 2800 1070 des
2825 1010 2992 1070 Dichters,

1893 1061 1944 1121 der
1991 1061 2155 1121 Direktion
2197 1058 2248 1118 des
2280 1060 2445 1120 Deutschen
2481 1058 2718 1118 Volkstheaters
2775 1060 2883 1120 wurde
2919 1055 2986 1115 ver¬

1797 1109 1939 1169 einbart,
1968 1109 2022 1169 daß
2062 1109 2105 1169 die
2139 1109 2409 1169 Gedächtnisfeier
2443 1108 2497 1168 für
2531 1108 2630 1168 Artur
2664 1108 2906 1168 Schnitzler
2940 1106 2967 1166 im

1800 1158 1901 1218 Laufe
1930 1157 1981 1217 der
2016 1159 2157 1219 Monate
2186 1159 2332 1219 Februar
2373 1156 2440 1216 oder
2474 1157 2576 1217 März
2610 1157 2684 1217 1932
2718 1154 2910 1214 stattfindet.
2939 1154 2984 1214 In

1797 1207 1939 1267 Aussicht
1968 1207 2149 1267 genommen
2211 1205 2249 1265 ist
2299 1205 2348 1265 die
2399 1206 2758 1266 Uraufführung
2813 1203 2896 1263 eines
2935 1200 2984 1260 der

1801 1255 2043 1315 nachgelassenen
2085 1255 2190 1315 Werke
2221 1255 2332 1315 „Das
2362 1255 2510 1315 Wort"
2546 1252 2616 1312 oder
2653 1254 2758 1314 „Der
2788 1252 2876 1312 Zug
2913 1251 2982 1311 der

1804 1306 2052 1366 Schatten".
2077 1306 2225 1366 Heinrich
2261 1306 2432 1366 Schnitzler
2468 1303 2545 1363 wird
2587 1303 2634 1363 als
2676 1303 2901 1363 Gastregisseur
2937 1303 2983 1363 die

1809 1353 2033 1413 Inszenierung
2066 1353 2226 1413 besorgen.

1911 2008 2623 2068 OBSERVER

1999 2058 2021 2118 I.
2036 2063 2157 2123 österr.
2167 2071 2317 2131 behördl.
2327 2084 2626 2144 konzessioniertes

1951 2103 2183 2163 Unternehmen
2213 2112 2263 2172 für
2287 2125 2668 2185 Zeitungs-Ausschnitte

1998 2162 2143 2222 WIEN.
2172 2171 2226 2231 I.,
2248 2182 2532 2242 WOLLZEILE
2582 2192 2622 2252 11

2092 2221 2303 2281 TELEPHON
2343 2234 2516 2294 R-23-0-43

1885 2357 2106 2417 Ausschnitt
2130 2363 2226 2423 aus:

2213 2411 2317 2471 Kleine
2340 2404 2572 2464 Volkszoitung,
2588 2402 2662 2462 Won

1874 2578 1986 2638 vom:

2233 2609 2317 2669 14.
2337 2602 2469 2662 NOV.
2499 2594 2592 2654 1931

1881 2733 2729 2793 Schnitzler=Gedeukfeier.

1892 2815 1914 2875 J
1998 2803 2178 2863 Peneala
2232 2790 2291 2850 unl
2322 2790 2352 2850 In
2390 2786 2555 2846 Laulen
2586 2782 2691 2842 Pee

2241 2835 2377 2895 theater.

1964 2903 2014 2963 Im
2072 2891 2400 2951 Burgtheater
2446 2880 2548 2940 findet
2594 2873 2741 2933 morgen,

1883 2948 2045 3008 Sonntag,
2076 2942 2152 3002 ½12
2188 2934 2254 2994 Uhr
2285 2929 2477 2989 vormittags
2514 2922 2559 2982 die
2595 2920 2645 2980 von
2687 2917 2737 2977 der

1888 2990 2043 3050 Direktion
2079 2982 2255 3042 gemeinsam
2303 2976 2365 3036 mit
2391 2974 2437 3034 dem
2490 2964 2733 3024 Schutzverband

1886 3035 2039 3095 deutscher
2081 3027 2308 3087 Schriftsteller
2356 3017 2382 3077 in
2435 3010 2619 3070 Oesterreich
2673 3005 2741 3065 ver¬

1888 3076 2052 3136 anstaltete
2100 3069 2306 3129 Gedenkfeier
2360 3059 2412 3119 für
2444 3057 2544 3117 Artur
2577 3049 2740 3109 Schnitzler

1898 3121 1976 3181 statt.
1998 3115 2214 3175 Programm:
2257 3111 2288 3171 1.
2309 3104 2483 3164 Schubert:
2526 3096 2615 3156 Achte
2642 3091 2747 3151 Sym¬

1888 3163 2001 3223 phonie
2022 3158 2296 3218 (Unvollendete),
2313 3149 2436 3209 gespielt
2458 3144 2515 3204 von
2541 3141 2587 3201 den
2619 3136 2743 3196 Wiener

1898 3205 2191 3265 Philharmonikern
2227 3198 2317 3258 unter
2348 3190 2480 3250 Leitung
2511 3186 2566 3246 von
2602 3178 2748 3238 Direktor

1894 3252 2041 3312 Clemens
2086 3247 2229 3307 Krauss.
2264 3240 2303 3300 2.
2338 3234 2534 3294 Gedenkrede
2560 3228 2614 3288 von
2644 3223 2747 3283 Oskar

1896 3294 2042 3354 Maurus
2072 3288 2309 3348 Fontana,
2335 3277 2506 3337 gesprochen
2548 3270 2603 3330 von
2644 3267 2754 3327 Raoul

1895 3339 2011 3399 Aslan.
2028 3337 2064 3397 3.
2081 3334 2181 3394 „Die
2224 3326 2356 3386 etzten
2389 3317 2616 3377 Masken",
2633 3312 2748 3372 Schau¬

1897 3388 1973 3448 spiel
2000 3381 2025 3441 in
2057 3379 2138 3439 einem
2180 3374 2241 3434 Akt
2263 3368 2319 3428 von
2350 3366 2448 3426 Artur
2474 3358 2659 3418 Schnitzler.

1980 3417 2131 3477 Besetzung:
2157 3411 2228 3471 Karl
2254 3404 2431 3464 Rademacher
2461 3401 2469 3461 —
2516 3397 2621 3457 Onno;
2642 3394 2752 3454 Florian

1898 3455 2035 3515 Jackwerth
2061 3449 2069 3509 —
2113 3447 2207 3507 Heim;
2242 3441 2392 3501 Alexander
2414 3435 2551 3495 Weihgast
2585 3429 2598 3489 —
2654 3426 2752 3486 Marr;

1896 3488 1946 3548 Dr.
1984 3483 2185 3543 Halmschläger
2228 3476 2240 3536 —
2299 3473 2475 3533 Hartmann;
2517 3462 2576 3522 Dr.
2614 3458 2689 3518 Tann

1899 3523 2061 3583 Hennings;
2078 3518 2190 3578 Juliane
2216 3509 2361 3569 Paschanda
2386 3504 2398 3564 —
2441 3499 2598 3559 Pünkösdy.

1985 3560 2129 3620 Zwischen
2189 3551 2338 3611 Heinrich
2370 3543 2637 3603 Schnitzler,
2686 3533 2739 3593 dem

1898 3605 1984 3665 Sohn
2015 3605 2066 3665 des
2092 3599 2260 3659 Dichters,
2281 3594 2337 3654 und
2368 3588 2490 3648 Rudolf
2511 3582 2628 3642 Beer
2655 3578 2761 3638 wurde

1905 3647 2101 3707 vereinbart,
2122 3644 2178 3704 daß
2210 3640 2256 3700 die
2283 3632 2551 3692 Gedächtnisfeier
2583 3625 2628 3685 für
2655 3621 2758 3681 Artur

1908 3691 2068 3751 Schnitzler
2102 3687 2123 3747 im
2174 3682 2268 3742 Laufe
2302 3678 2351 3738 der
2380 3675 2518 3735 Monate
2546 3666 2751 3726 Februar

1908 3735 1977 3795 oder
2005 3732 2102 3792 März
2124 3728 2206 3788 1932
2233 3721 2422 3781 stattfindet.
2466 3718 2515 3778 In
2548 3708 2688 3768 Aussicht
2711 3706 2764 3766 ge¬

1905 3778 2050 3838 nommen
2082 3775 2118 3835 ist
2139 3774 2185 3834 die
2207 3762 2575 3822 Uraufführung
2602 3754 2685 3814 eines
2711 3750 2763 3810 der

1912 3823 2157 3883 nachgelassenen
2190 3814 2296 3874 Werke
2323 3808 2413 3868 „Das
2441 3803 2552 3863 Wort"
2585 3800 2653 3860 oder
2686 3793 2765 3853 „Der

1912 3868 1975 3928 Zug
2008 3865 2060 3925 der
2088 3859 2284 3919 Schatten“.
2306 3852 2449 3912 Heinrich
2481 3845 2651 3905 Schnitzler
2683 3838 2757 3898 wird

1912 3911 1957 3971 als
1986 3906 2212 3966 Gastregisseur
2236 3902 2281 3962 die
2304 3896 2542 3956 Inszenierung
2571 3885 2729 3945 besorgen.
