3392 4352
220 248 267 308 2

1482 246 1608 306 box
1688 249 1877 309 43/1

923 250 975 310 S

395 264 775 324 Schnitzl

1197 263 1228 323 t

468 902 1180 962 OBSERVER

558 948 580 1008 I.
593 949 717 1009 österr.
731 950 878 1010 behördl.
892 953 1190 1013 konzessioniertes

508 989 745 1049 Unternehmen
778 990 823 1050 für
847 995 1235 1055 Zeitungs-Ausschnitte

664 1052 705 1112 N.
733 1053 780 1113 I.,
808 1057 1097 1117 WOLLZEILE
1146 1061 1186 1121 11

657 1103 870 1163 TELEPHON
909 1108 1083 1168 R-23-0-43

444 1243 675 1303 Ausschnitt
700 1246 794 1306 aus:

647 1332 1125 1392 PEAPITNATTNZEIIUE

1121 1455 1227 1515 1937

441 1464 499 1524 o

1758 1532 1786 1592 a

1625 1575 1726 1635 weilen
1756 1581 1791 1641 der
1813 1583 1921 1643 graziös
1944 1587 2102 1647 ungetreue
2117 1593 2268 1653 Liebhaber
2283 1598 2304 1658 im
2334 1602 2441 1662 Dialog
2464 1605 2521 1665 mit
2536 1607 2579 1667 dem
2616 1614 2716 1674 grazids
2746 1613 2846 1673 kischer
2869 1613 3136 1673 Empfindsamkeit,
3151 1610 3280 1670 Weniger
3296 1607 3360 1667 ener

754 1610 1227 1670 Arthur-Schnitzler
1257 1624 1322 1684 t.

1623 1627 1779 1687 skeptischen
1801 1631 1935 1691 Freunde
1958 1635 2028 1695 Max
2050 1639 2092 1699 vor
2114 1641 2156 1701 dem
2193 1647 2348 1707 jeweiligen
2371 1655 2656 1715 Liebesverhältnis.
2671 1662 2720 1722 Der
2792 1662 2834 1722 ein
2856 1661 3083 1721 Wedekind,
3098 1658 3133 1718 der
3155 1658 3225 1718 seine
3248 1657 3346 1717 Epoche

530 1671 645 1731 Arthur
668 1680 884 1740 Schnitzler
912 1683 978 1743 starb
1006 1685 1039 1745 am
1078 1690 1238 1750 Mittwoch,
1261 1694 1305 1754 21.
1327 1698 1466 1758 Oktober,
1483 1703 1593 1763 abendt

1617 1671 1683 1731 eine
1709 1676 1807 1736 spricht
1833 1679 1884 1739 von
1922 1685 2008 1745 seiner
2035 1691 2209 1751 bedürftigen
2242 1696 2339 1756 Seele,
2365 1699 2406 1759 die
2432 1703 2473 1763 sich
2504 1704 2592 1764 selber
2623 1709 2700 1769 davon

2744 1712 2754 1772 n
2783 1711 2879 1771 Chaos
2902 1709 2941 1769 des
2965 1709 3060 1769 Leides
3083 1706 3287 1766 umgetrieben,
3304 1706 3354 1766 wie

475 1721 494 1781 6
520 1722 589 1782 Uhr,
605 1725 670 1785 nach
695 1727 771 1787 einem
807 1733 1007 1793 Spaziergang
1033 1736 1052 1796 in
1083 1738 1168 1798 seiner
1194 1741 1283 1801 Stadt
1304 1745 1399 1805 Wien.
1415 1747 1455 1807 Am
1495 1750 1585 1810 Abent

1622 1720 1717 1780 läuft;
1739 1725 1779 1785 der
1801 1728 1910 1788 andere
1931 1732 1993 1792 gibt
2015 1736 2069 1796 klug
2097 1738 2151 1798 wie
2173 1740 2213 1800 ein
2242 1745 2400 1805 Mediziner
2421 1748 2468 1808 den
2497 1757 2717 1817 mephistöpheli-
2752 1761 2779 1821 es
2807 1757 2992 1817 „Fuhrmann
3028 1754 3192 1814 Henschel";
3220 1753 3343 1813 weniger

480 1770 582 1830 vorher
612 1772 671 1832 war
701 1774 730 1834 er
760 1777 819 1837 noch
849 1779 873 1839 im
917 1783 1055 1843 Theater.
1075 1786 1138 1846 Wie
1164 1787 1187 1847 in
1222 1790 1301 1850 einer
1331 1794 1418 1854 seinen
1454 1800 1590 1860 Komödie

1617 1771 1695 1831 schen
1719 1774 1923 1834 Kommentar.
1939 1779 2001 1839 Dr.
2018 1782 2087 1842 med.
2104 1789 2260 1849 Schnitzler
2277 1792 2315 1852 ist
2332 1796 2488 1856 Dichter
2513 1802 2582 1862 und
2615 1807 2716 1867 Arzi:
2748 1807 2896 1867 zädagogtl
2913 1807 2951 1867 der
2976 1804 3038 1864 Zeit
3055 1801 3124 1861 wohl
3149 1804 3281 1864 erfordert
3298 1800 3368 1860 hätte

477 1821 557 1881 „Vom
595 1821 676 1881 Tode
698 1822 747 1882 des
774 1828 919 1888 Dichters"
947 1831 1055 1891 schließt
1082 1835 1163 1895 dieses
1190 1840 1298 1900 Leben,
1321 1844 1395 1904 eines
1423 1846 1471 1906 der
1493 1849 1579 1909 letzten

1619 1816 1648 1876 er
1678 1818 1714 1878 ist
1730 1821 1839 1881 Anatol
1870 1825 1920 1885 und
1951 1828 2038 1888 Max.
2076 1833 2119 1893 Er
2142 1837 2230 1897 spielt
2253 1841 2318 1901 auch
2341 1845 2480 1905 sämtliche
2512 1851 2651 1911 Personen
2681 1857 2702 1917 im
2725 1857 2754 1917 o
2777 1852 2923 1912 deutlicher
2946 1852 2990 1912 den
3013 1852 3167 1912 damaligen
3197 1852 3373 1912 Zeit=Thpnz

473 1867 526 1927 aus
554 1869 602 1929 der
624 1875 781 1935 faustischen
808 1880 916 1940 Epoche
939 1882 1089 1942 Europas.
1106 1885 1165 1945 Das
1193 1891 1359 1951 Abendland
1388 1894 1463 1954 hatte
1485 1898 1511 1958 so
1533 1900 1565 1960 un

1627 1867 1780 1927 „Reigen",
1811 1874 1891 1934 jenem
1929 1880 2149 1940 scheinfrivolen
2187 1888 2333 1948 Karussell
2356 1893 2407 1953 der
2437 1897 2539 1957 Liebe,
2570 1901 2606 1961 wo
2643 1905 2709 1965 jeder
2732 1905 2775 1965 des
2806 1902 2996 1962 hochbegabten
3019 1900 3070 1960 und
3100 1900 3306 1960 hochbelasteten
3329 1895 3350 1955 e

474 1917 578 1977 endlich
618 1921 672 1981 viel
706 1927 905 1987 Philosophie,
933 1932 1105 1992 Juristerei,
1133 1936 1260 1996 Medizin
1311 1941 1360 2001 und
1399 1944 1487 2004 leider
1521 1947 1581 2007 auch

1619 1912 1712 1972 Stand
1742 1919 1799 1979 und
1829 1922 1886 1982 jede
1916 1925 1973 1985 Art
1996 1928 2046 1988 von
2083 1933 2234 1993 Liebhaber
2264 1938 2307 1998 sich
2337 1939 2387 1999 mit
2417 1942 2488 2002 jedem
2533 1947 2626 2007 Stand
2656 1952 2691 2012 un
2728 1951 2829 2011 schwer
2852 1949 2996 2009 belasteten
3026 1947 3170 2007 Erdteils.
3192 1947 3242 2007 Ein
3272 1945 3351 2005 Erde

471 1966 631 2026 Theologie
653 1971 752 2031 hinter
775 1976 835 2036 sich,
858 1977 901 2037 daß
935 1977 979 2037 der
1007 1982 1134 2042 wissende
1162 1986 1239 2046 Geist
1261 1990 1355 2050 ebenso
1383 1995 1504 2055 skeptisch
1532 1996 1581 2056 vor

1616 1965 1687 2025 jeder
1710 1966 1764 2026 Art
1787 1968 1831 2028 von
1865 1974 2046 2034 Liebhaberin
2074 1980 2112 2040 sich
2141 1983 2250 2043 einläßt
2273 1987 2317 2047 zum
2356 1992 2543 2052 Liebesspiel.
2560 1997 2615 2057 In:
2632 2001 2692 2061 Wie

2737 2000 2780 2060 der
2800 1998 2849 2058 sich
2875 1998 2899 2058 im
2938 1995 3193 2055 halbromantischen
3232 1995 3312 2055 Spiel
3338 1992 3350 2052 ü

470 2014 540 2074 allem
589 2019 712 2079 Wandel
746 2022 789 2082 des
822 2025 945 2085 Wissens
979 2029 1087 2089 wurde,
1114 2034 1168 2094 wie
1195 2037 1384 2097 sentimental
1417 2041 1465 2101 vor
1498 2045 1568 2105 allen

1611 2007 1654 2067 des
1682 2014 1715 2074 kin
1743 2016 1770 2076 de
1793 2018 1881 2078 siecle
1904 2022 1953 2082 gab
1982 2022 2009 2082 es
2032 2027 2092 2087 noch
2120 2031 2269 2091 „Stände"
2291 2036 2347 2096 und
2375 2039 2457 2099 daher
2480 2043 2546 2103 auch
2574 2047 2695 2107 Stande¬

2734 2049 2822 2109 gangs
2854 2048 2885 2108 zu
2917 2046 3012 2106 trösten
3044 2045 3157 2105 wußte.
3176 2043 3220 2103 Er
3246 2043 3321 2103 schuf

471 2064 594 2124 Wandel
616 2066 664 2126 der
692 2070 826 2130 Gefühle.
848 2075 907 2135 Nur
935 2076 977 2136 der
1005 2080 1139 2140 deutsche,
1156 2083 1198 2143 der
1226 2087 1425 2147 norddeutsche
1447 2093 1581 2153 Idealis¬

1613 2063 1757 2123 konflikte.
1773 2068 1985 2128 Infolgedessen
2009 2075 2108 2135 konnte
2132 2079 2192 2139 man
2223 2082 2253 2142 um
2292 2087 2375 2147 seiner
2398 2091 2596 2151 Standesehre
2620 2097 2703 2157 willen
2742 2094 3054 2154 Lebens-Ergänzung,
3070 2093 3115 2153 als
3139 2091 3343 2151 Trauin=Glun

474 2115 534 2175 mus
556 2115 628 2175 hielt
650 2117 694 2177 die
717 2121 888 2181 Charaktere
910 2123 971 2183 fest.
988 2126 1042 2186 Der
1065 2132 1236 2192 süddeutsche
1259 2137 1358 2197 Typus
1386 2138 1479 2198 wurde
1502 2141 1579 2201 kriti¬

1614 2110 1755 2170 ernsthaft
1771 2114 1802 2174 an
1834 2119 2015 2179 Selbstmord
2039 2124 2141 2184 denken
2165 2131 2219 2191 wie
2244 2135 2409 2195 „Leutnant
2433 2138 2534 2198 Gustl"
2575 2143 2637 2203 oder
2662 2146 2708 2206 wie
2741 2143 2795 2203 Die
2819 2141 2960 2201 Schrecken
2984 2141 3031 2201 des
3056 2141 3181 2201 Daseins
3205 2138 3314 2198 werden

468 2163 553 2223 scher.
570 2163 629 2223 Der
651 2166 807 2226 südöstliche
829 2172 958 2232 Mensch,
975 2174 1017 2234 der
1045 2177 1174 2237 Wiener,
1191 2182 1282 2242 wurde
1310 2185 1395 2245 labil.
1412 2189 1503 2249 Müde
1525 2191 1573 2251 vor

1607 2159 1633 2219 im
1671 2160 1811 2220 gemeinen
1844 2164 1941 2224 Sinne
1963 2169 2022 2229 auch
2050 2173 2098 2233 das
2125 2177 2303 2237 unglückliche
2331 2186 2509 2246 „Fräulein"
2537 2190 2628 2250 Else".
2650 2198 2703 2258 Daß

2743 2192 2814 2252 Alles
2847 2191 2911 2251 wird
2944 2190 3021 2250 durch
3048 2189 3099 2249 und
3132 2189 3209 2249 durch
3242 2189 3332 2249 erkann

464 2210 537 2270 alter
564 2212 685 2272 Kultur,
707 2216 769 2276 sieht
796 2217 822 2277 er
849 2221 890 2281 die
917 2222 1012 2282 Dinge
1034 2227 1133 2287 immer
1160 2231 1228 2291 älter
1255 2234 1381 2294 werden,
1403 2237 1428 2297 es
1455 2239 1571 2299 bröckeln

1607 2207 1628 2267 so
1656 2209 1795 2269 einfachen
1823 2216 1978 2276 Gemütern
2011 2219 2054 2279 die
2076 2225 2178 2285 innere
2201 2230 2378 2290 Psychologie
2405 2237 2475 2297 nicht
2502 2238 2561 2298 klar
2583 2242 2636 2302 und
2664 2246 2706 2306 be¬

2742 2240 2849 2300 gelitten
2874 2239 2886 2299 —
2929 2237 2976 2297 und
3001 2239 3175 2299 distanziert.
3188 2237 3230 2297 So
3249 2237 3350 2297 entstan

1599 2254 1684 2314 wußt
1712 2259 1815 2319 ablief,
1831 2264 1928 2324 wußte
1951 2268 2107 2328 Schnitzler
2135 2274 2183 2334 wie
2210 2277 2264 2337 kein
2297 2282 2405 2342 zweiter
2433 2287 2573 2347 deutscher
2601 2294 2692 2354 Dichte

2742 2288 2804 2348 vier
2830 2288 2987 2348 Menschen,
3012 2288 3082 2348 zwei
3107 2289 3217 2349 Frauen
3258 2285 3313 2345 und
3337 2286 3352 2346 z

466 2258 510 2318 die
530 2261 656 2321 Mauern
689 2264 739 2324 der
766 2270 957 2330 europäischen
989 2275 1199 2335 Prachtpaläste
1226 2280 1276 2340 des
1302 2283 1410 2343 Geistes
1436 2283 1455 2343 —
1500 2287 1563 2347 man
1602 2297 1653 2357 des
1685 2309 1934 2369 Naturalismus.
1966 2314 2010 2374 Er
2043 2318 2093 2378 hat
2126 2322 2195 2382 seine
2228 2327 2349 2387 Medizin
2388 2333 2547 2393 spürende,
2573 2341 2598 2401 ja
2630 2343 2674 2403 sei

464 2304 532 2364 hört
559 2308 606 2368 den
639 2311 722 2371 Sand
755 2316 855 2376 rieseln
892 2320 913 2380 im
961 2325 1183 2385 Stundenglas.
1204 2327 1262 2387 Die
1289 2332 1383 2392 Dinge
1416 2335 1474 2395 sind
1506 2339 1579 2399 nicht

459 2354 542 2414 mehr
564 2358 691 2418 wichtig;
713 2362 771 2422 nur
792 2363 855 2423 noch
882 2367 930 2427 das
957 2371 1083 2431 Spiel
1105 2374 1157 2434 mit
1179 2377 1226 2437 den
1259 2380 1390 2440 Dingen,
1406 2383 1454 2443 den
1486 2386 1570 2446 Zwei¬

1602 2356 1733 2416 spezifisch
1763 2359 1883 2419 jüdische
1913 2367 2195 2427 Einfühlungskraft
2219 2373 2264 2433 bei
2288 2376 2333 2436 den
2369 2381 2495 2441 naivsten
2530 2386 2622 2446 Typen
2657 2390 2702 2450 der

1598 2404 1814 2464 „Gesellschaft"
1835 2411 1987 2471 eingesetzt.
2004 2415 2040 2475 Er
2062 2419 2172 2479 schrieb,
2189 2420 2236 2480 wie
2257 2426 2330 2486 jener
2352 2429 2436 2489 große
2457 2433 2562 2493 andere
2584 2438 2710 2498 Wiener,

455 2404 531 2464 seln,
561 2407 607 2467 den
643 2411 801 2471 Gefühlen.
826 2415 908 2475 Hugo
944 2418 990 2478 von
1026 2426 1361 2486 Hofmannsthal
1397 2433 1455 2493 war
1485 2438 1566 2498 unter
1597 2450 1767 2510 Siegmund
1797 2459 1961 2519 Freud,
1986 2464 2026 2524 die
2056 2467 2208 2527 penibelste
2238 2476 2473 2536 Psychoanalyse,
2503 2484 2620 2544 zerlegte
2650 2487 2697 2547 den

458 2452 507 2512 den
533 2455 659 2515 Dienern
689 2458 734 2518 der
755 2461 885 2521 vorletzte
906 2466 951 2526 der
971 2472 1193 2532 schwärmenden
1224 2476 1334 2536 Dichter
1359 2478 1404 2538 des
1425 2483 1560 2543 Zweifels

458 2500 504 2560 der
530 2502 597 2562 alles
628 2506 746 2566 Gewisse
773 2509 793 2569 in
824 2514 921 2574 Traum
963 2515 1014 2575 und
1046 2520 1128 2580 Spiel
1154 2522 1267 2582 auflöst.
1288 2527 1442 2587 Schnitzler
1468 2531 1499 2591 ist
1520 2533 1566 2593 der

1598 2501 1741 2561 Menschen
1773 2505 1798 2565 in
1830 2509 1948 2569 Atome,
1969 2511 1989 2571 in
2026 2515 2180 2575 Nuancen!
2207 2520 2258 2580 und
2285 2523 2356 2583 setzte
2383 2527 2428 2587 den
2460 2531 2604 2591 Menschen
2641 2536 2702 2596 nach

454 2549 556 2609 Letzte.
578 2551 637 2611 Der
665 2556 767 2616 Knabe
795 2559 875 2619 Loris
908 2559 918 2619 —
973 2564 1022 2624 wie
1049 2568 1097 2628 der
1125 2573 1237 2633 jüngere
1265 2577 1492 2637 Hofmannsthal
1525 2582 1567 2642 sich

1598 2545 1645 2605 der
1667 2551 1824 2611 Zerlegung
1851 2556 1893 2616 als
1920 2559 2030 2619 Dichter
2052 2565 2151 2625 wieder
2173 2569 2331 2629 zusammen
2358 2575 2383 2635 zu
2410 2577 2489 2637 einem
2521 2583 2642 2643 ganzen,
2653 2586 2700 2646 das

459 2598 588 2658 antilisch
608 2603 725 2663 nannte
745 2604 757 2664 —
804 2609 901 2669 schrieb
927 2612 953 2672 im
992 2615 1128 2675 Vorwort
1149 2620 1174 2680 zu
1207 2625 1376 2685 Schnitzlers
1403 2630 1552 2690 „Anatol"

1595 2598 1672 2658 nicht
1693 2599 1759 2659 etwa
1785 2603 1842 2663 nur
1863 2604 1924 2664 eine
1946 2610 2090 2670 „Summe
2116 2615 2162 2675 von
2194 2619 2348 2679 Nuancen"
2369 2623 2410 2683 sah
2441 2628 2565 2688 (Gefahr
2586 2631 2632 2691 der
2653 2632 2704 2692 da¬

1597 2646 1720 2706 maligen
1747 2655 1983 2715 naturalistischen
2015 2663 2180 2723 Methode);
2201 2668 2314 2728 sondern
2340 2671 2365 2731 im
2403 2675 2505 2735 totalen
2536 2680 2624 2740 Wesen
2655 2683 2701 2743 des

719 2683 785 2743 Also
814 2688 913 2748 spielen
948 2691 1003 2751 wir
1031 2694 1170 2754 Theater,

1593 2697 1797 2757 Seelenarztes
1819 2704 1975 2764 Schnitzler
1997 2709 2104 2769 werden
2137 2713 2180 2773 die
2202 2716 2282 2776 Teile
2304 2720 2331 2780 zu
2359 2722 2439 2782 einem
2477 2729 2697 2789 Organismus:

715 2734 836 2794 Spielen
868 2738 969 2798 unsere
995 2741 1102 2801 eigenen
1138 2747 1244 2807 Stücke,

1583 2744 1646 2804 reif
1663 2744 1715 2804 zum
1748 2750 1981 2810 Komödienspiel
2003 2754 2050 2814 des
2073 2761 2210 2821 Daseins.

722 2783 793 2843 Früh
822 2783 926 2843 gereift
949 2789 1004 2849 und
1032 2789 1098 2849 zart
1121 2792 1176 2852 und
1198 2798 1331 2858 traurig,

1641 2799 1725 2859 Kaum
1771 2806 1845 2866 einer
1873 2808 1901 2868 in
1936 2813 2122 2873 Deutschland
2157 2819 2229 2879 hatte
2258 2822 2354 2882 jemals
2389 2825 2417 2885 so
2446 2827 2490 2887 die
2520 2835 2694 2895 dramatische

719 2831 771 2891 Die
799 2834 937 2894 Komödie
965 2838 1082 2898 unserer
1109 2841 1210 2901 Seele,

1586 2849 1693 2909 Grazie
1715 2853 1760 2913 und
1792 2854 1837 2914 das
1864 2858 1987 2918 leichteste
2014 2862 2126 2922 Können
2158 2867 2203 2927 vor
2219 2870 2348 2930 schweren
2374 2873 2425 2933 und
2452 2880 2688 2940 problematischen

719 2879 835 2939 Unseres
862 2885 1000 2945 Fühlens
1033 2887 1096 2947 heut
1129 2893 1182 2953 und
1214 2897 1336 2957 gestern,

1581 2897 1737 2957 Themata.
1754 2903 1910 2963 Schnitzler
1932 2907 2024 2967 spielte
2052 2909 2100 2969 mit
2122 2911 2165 2971 der
2187 2915 2328 2975 Schwere.
2345 2918 2387 2978 Er
2409 2922 2468 2982 hat,
2485 2925 2539 2985 wie
2561 2927 2690 2987 niemand

714 2928 802 2988 Böser
831 2932 930 2992 Dinge
958 2935 1068 2995 hübsche
1097 2941 1235 3001 Formel,

1581 2942 1634 3002 auf
1657 2944 1699 3004 der
1721 2948 1856 3008 deutschen
1883 2954 1985 3014 Bühne
2007 2959 2185 3019 französische
2207 2962 2320 3022 Technik
2342 2967 2390 3027 mit
2412 2974 2552 3034 deutschem
2585 2976 2692 3036 Senti¬

712 2976 810 3036 Glatte
836 2980 949 3040 Worte,
969 2983 1058 3043 bunte
1084 2987 1196 3047 Bilder,

1579 2995 1659 3055 ment
1692 2999 1886 3059 gehandhabt.
1941 3005 2000 3065 Die
2038 3009 2232 3069 Problematik
2265 3015 2324 3075 war
2357 3017 2389 3077 an
2433 3024 2524 3084 Ibsen
2563 3028 2681 3088 geschult

713 3026 834 3086 Halbes,
866 3031 1025 3091 heimliches
1057 3037 1252 3097 Empfinden,

1581 3046 1847 3106 „Zwischenspiel",
1872 3049 1917 3109 die
1948 3053 2169 3113 Tragikomödie
2200 3058 2244 3118 der
2275 3064 2436 3124 sterbenden
2471 3069 2557 3129 Liebe
2587 3076 2687 3136 zweier

712 3076 861 3136 Agonien,
885 3082 1087 3142 Episoden...

1581 3091 1746 3151 Menschen,
1767 3095 1808 3155 die
1829 3097 1864 3157 an
1897 3099 1937 3159 die
1958 3101 2098 3161 Ewigkeit
2124 3106 2195 3166 ihres
2222 3111 2346 3171 Gefühls
2372 3116 2490 3176 glauben
2522 3121 2635 3181 wollen,
2657 3124 2692 3184 ist

1580 3141 1638 3201 eine
1663 3144 1810 3204 Tragödie
1835 3147 1888 3207 mit
1913 3153 2158 3213 Tiesenwirkung,
2183 3159 2236 3219 und
2267 3162 2379 3222 dennoch
2414 3167 2447 3227 ein
2483 3174 2692 3234 Puppenspiel.

490 3147 544 3207 Die
564 3150 778 3210 umfangreiche
798 3156 927 3216 Leistung
952 3161 1118 3221 Schnitzlers
1143 3164 1179 3224 ist
1192 3167 1247 3227 mit
1266 3172 1389 3232 wenigen
1421 3177 1549 3237 berühm¬

1576 3193 1663 3253 Ibsen
1700 3193 1766 3253 wird
1798 3196 1890 3256 geistig
1916 3200 2065 3260 jongliert.
2086 3206 2143 3266 Der
2175 3210 2288 3270 Dichter
2314 3212 2339 3272 in
2371 3216 2525 3276 Schnitzler
2556 3222 2613 3282 gibt
2639 3226 2680 3286 sich

435 3193 484 3253 ten
517 3196 611 3256 Titeln
644 3199 743 3259 geistig
771 3204 931 3264 abgesteckt:
959 3212 1152 3272 „Anatol"
1186 3219 1296 3279 (1893),
1324 3224 1533 3284 „Liebelei

1567 3237 1686 3297 cher
1717 3241 1737 3301 im
1778 3246 1913 3306 Schmerz
1940 3249 1984 3309 hin
2015 3252 2059 3312 als
2090 3255 2191 3315 jemals
2221 3257 2266 3317 der
2292 3261 2367 3321 harte
2393 3266 2503 3326 Ibsen.
2554 3271 2629 3331 Aber
2655 3273 2684 3333 er

446 3244 555 3304 (1895),
595 3249 827 3309 „Leutnant
866 3257 999 3317 Gustl“
1043 3262 1159 3322 (1901),
1193 3272 1530 3332 „Zwischenspiel

1572 3288 1732 3348 distanziert
1758 3292 1797 3352 sich
1828 3294 1873 3354 als
1899 3296 2014 3356 Spieler
2040 3300 2095 3360 und
2121 3303 2261 3363 Träumer
2287 3309 2337 3369 vor
2362 3312 2402 3372 dem
2443 3318 2609 3378 Einzelfall,
2630 3322 2684 3382 wie

446 3294 555 3354 (1905),
579 3297 804 3357 „Comtesse
833 3306 978 3366 Mizzi"
1025 3310 1134 3370 (1900),
1164 3318 1406 3378 „Professor
1441 3323 1521 3383 Ber

1574 3334 1694 3394 niemals
1724 3336 1764 3396 ein
1795 3343 1905 3403 Ibsen,
1926 3345 1971 3405 der
1997 3347 2122 3407 schwerer
2153 3352 2223 3412 lebte
2254 3356 2303 3416 und
2335 3357 2404 3417 nicht
2430 3364 2566 3424 träumte.
2586 3368 2676 3428 Ibsen

430 3340 579 3400 nardi"
626 3347 729 3407 1912),
764 3353 988 3413 „Fräulein
1035 3358 1150 3418 Else"
1197 3363 1311 3423 (1924).
1347 3368 1398 3428 Ich
1445 3372 1542 3432 nenne
1572 3378 1646 3438 hielt
1670 3385 1848 3445 Gerichtstag
1883 3392 1934 3452 mit
1958 3394 2003 3454 der
2033 3400 2205 3460 Menschheit
2229 3403 2280 3463 ab.
2298 3408 2453 3468 Schnitzler
2483 3414 2580 3474 feierte
2604 3417 2678 3477 Ver¬

431 3390 498 3450 noch
531 3396 931 3456 „Traum=Novelle“
963 3405 1015 3465 und
1047 3408 1258 3468 „Reigen".
1279 3416 1395 3476 Wenige
1427 3422 1542 3482 Dichter
1570 3434 1785 3494 söhnungsfeste
1817 3438 1869 3498 mit
1896 3440 1943 3500 dem
1986 3445 2070 3505 Leid,
2091 3448 2143 3508 mit
2170 3450 2217 3510 der
2244 3454 2407 3514 Schwäche,
2434 3460 2486 3520 mit
2513 3462 2560 3522 dem
2603 3465 2681 3525 Tod.

436 3440 540 3500 können
571 3441 627 3501 wie
652 3446 803 3506 Schnitzler
834 3451 883 3511 mit
910 3452 959 3512 der
985 3456 1186 3516 Vertrautheit
1212 3461 1297 3521 dieser
1323 3465 1404 3525 Titel
1429 3469 1539 3529 rechner

1567 3482 1656 3542 Ibsen
1692 3484 1807 3544 forderte
1838 3488 1944 3548 Moral
1969 3492 2014 3552 für
2045 3494 2090 3554 die
2115 3499 2216 3559 Seele.
2242 3503 2392 3563 Schnitzler
2423 3511 2604 3571 rechtfertigte
2635 3516 2674 3576 die

439 3490 491 3550 und
518 3491 612 3551 mehr:
628 3493 686 3553 mit
702 3495 775 3555 ihrer
797 3500 944 3560 stofflichen
971 3505 1197 3565 Ausstrahlung.
1214 3511 1292 3571 Denn
1319 3515 1471 3575 Schnitzler
1493 3519 1540 3579 hat

1572 3527 1656 3587 Seele
1682 3529 1726 3589 für
1757 3533 1812 3593 ihre
1842 3536 1997 3596 moralische
2028 3545 2194 3605 Schwäche.
2214 3550 2274 3610 Der
2300 3554 2454 3614 Mediziner
2485 3561 2605 3621 begreift
2631 3562 2670 3622 die

437 3535 509 3595 nicht
542 3538 594 3598 nur
631 3542 757 3602 Dramen
799 3547 851 3607 und
889 3552 1088 3612 Erzählungen
1126 3559 1272 3619 gedichtet,
1310 3561 1356 3621 die
1389 3566 1535 3626 Literatur
1568 3575 1715 3635 Schwäche
1747 3582 1825 3642 besser
1857 3582 1899 3642 als
1936 3586 1977 3646 die
2004 3591 2098 3651 starke.
2126 3595 2178 3655 Die
2210 3599 2430 3659 Psychoanalyse
2457 3608 2562 3668 fordert
2594 3610 2661 3670 nicht

430 3587 558 3647 blieben,
574 3590 693 3650 sondern
719 3594 744 3654 er
766 3598 837 3658 schuf
853 3601 966 3661 Typen,
983 3601 1023 3661 die
1044 3603 1064 3663 in
1096 3606 1193 3666 unserm
1225 3611 1405 3671 Bewußtsein
1432 3616 1539 3676 gültige

1570 3625 1621 3685 Sie
1645 3626 1757 3686 versteht
1776 3630 1840 3690 alles
1864 3633 1915 3693 und
1944 3637 2060 3697 verzeiht
2079 3640 2144 3700 alles

426 3637 525 3697 Rollen
555 3640 679 3700 spielen:
699 3643 818 3703 nämlich
848 3648 885 3708 die
910 3649 1049 3709 Komödie
1073 3651 1116 3711 der
1140 3656 1217 3716 Liebe
1246 3658 1298 3718 und
1322 3660 1370 3720 des
1395 3666 1538 3726 Sterbens

1611 3673 1772 3733 Schnitzler
1792 3678 1880 3738 bleibt
1905 3682 1978 3742 einer
2003 3685 2041 3745 der
2067 3690 2164 3750 großen
2194 3694 2428 3754 Reptäsentanten
2458 3700 2502 3760 der
2527 3706 2658 3766 deutschen

430 3685 484 3745 der
506 3686 725 3746 sentimentalen
760 3693 843 3753 Seele
871 3697 898 3757 in
933 3700 1118 3760 Reinkultur.
1140 3705 1181 3765 Im
1223 3709 1374 3769 „Anatol"
1402 3713 1470 3773 steht
1498 3717 1539 3777 je=
1568 3720 1725 3780 Literatur.
1747 3722 1794 3782 Er
1823 3728 1898 3788 stand
1934 3731 2057 3791 zwischen
2092 3739 2353 3799 wissenschoftlichem
2402 3747 2574 3807 Realiomus
2609 3752 2663 3812 und
