3392 4352
2247 744 2418 804 .

167 1097 990 1157 Gedenken
1138 1099 1745 1159 Arthur
1855 1103 2859 1163 Schnitzlers

842 1210 1001 1270 Aus
1064 1210 1294 1270 seinen
1376 1211 1697 1271 Werken

113 1309 190 1369 eite,
206 1309 247 1369 die
263 1309 304 1369 dem
341 1309 397 1369 An-
426 1312 611 1372 umgebracht
640 1314 703 1374 hat,
726 1314 782 1374 das
811 1312 924 1372 werden
961 1314 1017 1374 Sie
1046 1315 1074 1375 ja
1103 1315 1167 1375 doch
1196 1314 1273 1374 wohl
1296 1313 1380 1373 lassen
1410 1312 1423 1372 —
1467 1313 1558 1373 Nein,
1581 1315 1644 1375 nein
1673 1315 1687 1375 —
1730 1315 1751 1375 es
1780 1316 1815 1376 ist
1830 1317 1858 1377 ja
1880 1318 1958 1378 nicht
1980 1318 2157 1378 möglich...
2179 1319 2271 1379 weise
2300 1321 2378 1381 nicht
2400 1321 2485 1381 mehr
2514 1322 2549 1382 an
2578 1323 2627 1383 ihn
2664 1325 2891 1385 herangetreten
2927 1325 2976 1385 ist,
2999 1324 3026 1384 so

120 1347 191 1407 ers
238 1347 401 1407 gewidmet
428 1358 545 1418 wissen?
559 1362 612 1422 ...
625 1362 709 1422 Nun,
731 1362 782 1422 nun
809 1358 821 1418 —

1295 1362 1348 1422 hat
1372 1362 1395 1422 er
1419 1363 1489 1423 denn
1520 1365 1597 1425 nicht
1615 1367 1750 1427 gewußt,
1769 1365 1827 1425 was
1846 1365 1875 1425 er
1900 1365 1952 1425 für
1971 1366 2041 1426 mich
2065 1368 2135 1428 ist..

2175 1362 2257 1422 wird
2283 1362 2314 1422 er
2340 1364 2386 1424 ihm
2428 1365 2520 1425 diesen
2557 1365 2768 1425 Liebesdienst
2794 1368 2876 1428 nicht
2897 1370 3031 1430 verwei¬

110 1386 151 1446 die
178 1386 234 1446 uns
261 1387 312 1447 für
339 1386 391 1446 sein

452 1409 659 1469 Theodor:
695 1410 861 1470 Niemand,
882 1410 930 1470 den
965 1410 1020 1470 Sie
1049 1410 1214 1470 kennen...

2173 1408 2269 1468 gern.
2308 1407 2432 1467 Neulich
2465 1410 2518 1470 soll
2546 1410 2572 1470 er
2600 1410 2637 1470 an
2670 1410 2756 1470 einem
2800 1413 2951 1473 Rubens,
2973 1413 3021 1473 den

1293 1413 1351 1473 hat
1375 1410 1447 1470 er..

112 1425 246 1485 teristisch
280 1426 398 1486 erschei¬

1317 1458 1525 1518 Theodor:
1551 1460 1588 1520 Er
1614 1461 1664 1521 hat
1690 1461 1721 1521 es
1754 1461 1880 1521 gewußt.
1899 1459 1911 1519 —
1963 1460 2000 1520 Am
2045 1461 2132 1521 letzten
2171 1449 2209 1509 er
2241 1451 2304 1511 nach
2336 1452 2481 1512 Amerika
2513 1453 2658 1513 verkauft
2685 1455 2753 1515 hat,
2779 1455 2867 1515 allein
2899 1457 3031 1517 achtzig¬

454 1458 688 1518 Christine:
721 1458 803 1518 Wer,
822 1458 897 1518 wer?

134 1464 181 1524 dem
224 1465 398 1525 Schauspiel

2173 1494 2302 1554 tausend
2336 1494 2476 1554 verdient
2499 1497 2612 1557 haben.
2656 1497 2726 1557 Das
2754 1498 2851 1558 darfst
2868 1498 2900 1558 du
2934 1500 3036 1560 selbst¬

142 1503 321 1563 Spätwerk,
347 1503 398 1563 der

453 1507 609 1567 Mizzi:
639 1506 789 1566 Christin'

1291 1507 1438 1567 Morgen,
1465 1509 1516 1569 wie
1543 1509 1600 1569 wir
1626 1511 1871 1571 hinausgefahren
1905 1512 2027 1572 sind...
2053 1512 2098 1572 hat
2124 1510 2136 1570 e

108 1540 193 1600 Lein
231 1539 360 1599 Else“.

2172 1539 2373 1599 verständlich
2415 1541 2497 1601 nicht
2533 1540 2733 1600 erwähnen."
2770 1536 2781 1596 —
2847 1542 2952 1602 Hältst
2989 1542 3023 1602 du

458 1553 694 1613 Christine:
711 1553 801 1613 Wer?
825 1553 909 1613 Sag'
933 1553 962 1613 du
995 1555 1077 1615 mir's
1109 1555 1147 1615 (zu
1178 1555 1261 1615 Mizzi

1295 1556 1359 1616 auch
1386 1556 1434 1616 von
1461 1557 1562 1617 Ihnen
1590 1558 1771 1618 gesprochen.

114 1577 163 1637 ir
188 1580 380 1640 voranstellen

2176 1580 2250 1640 mich
2286 1583 2337 1643 für
2367 1583 2435 1643 eine
2465 1583 2574 1643 Gans,
2604 1583 2742 1643 Mama?
2772 1577 2788 1637 —
2847 1586 2950 1646 „Aber
2986 1583 3008 1643 im

428 1601 547 1661 ...Du,
570 1601 683 1661 Vater?
718 1601 814 1661 (Keine
849 1601 1001 1661 Antwort.
1030 1603 1087 1663 Sie
1116 1604 1184 1664 will
1207 1603 1274 1663 fort.

1326 1604 1562 1664 Christine:
1586 1604 1657 1664 Auch
1688 1604 1734 1664 von
1765 1607 1823 1667 mir
1841 1606 1895 1666 hat
1919 1606 1942 1666 er
1972 1607 2125 1667 gesprochen

106 1616 240 1676 ndige
267 1616 374 1676 Stun

2178 1625 2303 1685 übrigen
2340 1625 2448 1685 kannst
2473 1626 2502 1686 du
2533 1628 2611 1688 ganz
2654 1628 2822 1688 aufrichtig
2877 1632 2906 1692 zu
2961 1630 3009 1690 ihm

104 1655 127 1715 in
158 1655 385 1715 gleichnamigen
416 1649 554 1709 Weiring
579 1649 644 1709 hält
663 1651 698 1711 sie
723 1652 842 1712 zurück.)
861 1652 914 1712 Ich
939 1650 1029 1710 werde
1053 1650 1113 1710 doch
1138 1652 1257 1712 erfahren
1294 1650 1371 1710 Auch
1402 1651 1450 1711 von
1480 1652 1552 1712 mir!
1595 1652 1654 1712 Und
1685 1653 1732 1713 von
1769 1655 1828 1715 was
1853 1655 1919 1715 denn
1955 1654 2039 1714 noch?
2082 1654 2141 1714 Vor

2176 1667 2288 1727 reden.
2324 1667 2424 1727 Auch,
2447 1669 2498 1729 daß
2527 1670 2577 1730 der
2607 1670 2707 1730 Baron
2742 1670 2866 1730 Höning
2894 1670 2945 1730 sich
2974 1670 3024 1730 den

142 1695 277 1755 gleichsam
323 1694 390 1754 pro-
419 1697 542 1757 dürfen,
560 1699 616 1759 wer
645 1697 690 1757 ihn
724 1698 910 1758 umgebracht
933 1700 1000 1760 hat,
1024 1700 1074 1760 und
1109 1698 1198 1758 wofür

1292 1700 1348 1760 wie
1380 1700 1436 1760 viel
1463 1700 1586 1760 anderen
1623 1703 1746 1763 Leuten,
1768 1703 1819 1763 von
1850 1701 1907 1761 wie
1938 1703 1994 1763 viel
2021 1703 2144 1763 anderer

2180 1712 2265 1772 Papa
2293 1712 2346 1772 hat
2369 1712 2498 1772 kommen
2531 1712 2639 1772 lassen,
2661 1715 2763 1775 kannst
2786 1715 2817 1775 du
2850 1713 3033 1773 erwähnen,

115 1733 258 1793 raurigen
294 1733 386 1793 letzten

448 1744 662 1804 Theodor:
684 1745 724 1805 Es
746 1746 808 1806 war
822 1748 870 1808 ...
891 1749 925 1809 ein
954 1747 1091 1807 nichtiger
1114 1747 1258 1807 Grund..

1288 1747 1423 1807 Sachen,
1447 1747 1491 1807 die
1520 1747 1565 1807 ihm
1610 1747 1678 1807 grad
1707 1749 1728 1809 so
1763 1750 1819 1810 viel
1848 1750 1966 1810 gewesen
2000 1750 2056 1810 sind
2091 1749 2146 1809 wie
2181 1751 2265 1811 wenn
2300 1753 2327 1813 es
2356 1754 2406 1814 sich
2435 1756 2457 1816 so
2486 1756 2610 1816 ergeven
2644 1756 2745 1816 sollte.
2791 1756 2858 1816 Und
2887 1756 2943 1816 daß
2978 1756 3033 1816 mit

110 1769 174 1829 inen
207 1771 261 1831 Tod
294 1771 395 1831 erhellt

1292 1796 1352 1856 ich?
1380 1792 1396 1852 —
1447 1794 1512 1854 Von
1552 1795 1612 1855 mir
1646 1795 1728 1855 auch!
1756 1796 1772 1856 O
1823 1798 1971 1858 Gott!...
1999 1798 2060 1858 Und
2094 1797 2143 1857 von
2177 1796 2231 1856 den
2265 1798 2513 1858 dreißigtausend
2548 1798 2712 1858 tatsächlich
2746 1797 2801 1857 das
2835 1798 3033 1858 Schlimmste

455 1802 690 1862 Christine:
706 1804 768 1864 Sie
785 1804 871 1864 sagen
904 1804 973 1864 nicht
998 1804 1036 1864 die
1061 1804 1248 1864 Wahrheit..

112 1808 181 1868 hnen
216 1812 301 1872 nichts
328 1809 379 1869 hin

2176 1840 2383 1900 abgewendet
2413 1841 2464 1901 ist,
2493 1840 2574 1900 nicht
2604 1842 2661 1902 nur
2696 1840 2748 1900 für
2783 1841 2829 1901 den
2870 1843 3037 1903 Moment,

1292 1843 1383 1903 seinem
1433 1843 1524 1903 Vater
1557 1844 1612 1904 und
1645 1844 1698 1904 von
1737 1844 1829 1904 seiner
1856 1846 1975 1906 Mutter
2009 1846 2063 1906 und
2101 1844 2144 1904 vor

417 1849 559 1909 Warum,
579 1852 739 1912 warum..

2178 1884 2324 1944 sondern,
2368 1884 2401 1944 so
2450 1883 2536 1943 Gott
2580 1883 2667 1943 will,
2711 1885 2765 1945 für
2820 1885 2949 1945 immer.

104 1885 150 1945 ar
183 1887 213 1947 im
261 1888 387 1948 übrigen

1294 1892 1383 1952 seinen
1424 1894 1576 1954 Freunden
1617 1894 1667 1954 und
1708 1894 1752 1954 von
1792 1894 1883 1954 seinem
1929 1894 2059 1954 Zimmer
2093 1893 2126 1953 un

453 1900 656 1960 Theodor:
686 1900 772 1960 Liebe
795 1900 983 1960 Christine..

104 1924 141 1984 im
189 1927 284 1987 Jahre
316 1926 385 1986 190.

2176 1927 2311 1987 Glaubst
2339 1927 2371 1987 du
2409 1927 2561 1987 wirklich,
2588 1928 2724 1988 Mama?
2757 1926 2773 1986 —
2828 1931 2941 1991 „Denn
2980 1930 3033 1990 der

452 1947 674 2007 Christine
702 1947 755 2007 (als
783 1947 883 2007 wollte
904 1948 944 2008 sie
965 1947 1187 2007 unterbrechen,
1208 1947 1268 2007 geht
1296 1938 1350 1998 vom
1384 1941 1532 2001 Frühling
1560 1941 1606 2001 und
1634 1941 1687 2001 von
1715 1941 1761 2001 der
1782 1941 1876 2001 Stadt
1897 1941 1950 2001 und
1971 1940 2025 2000 von
2052 1940 2119 2000 allem

102 1964 157 2024 rug
191 1963 245 2023 und
274 1965 317 2025 die
345 1960 394 2020 be¬

2181 1968 2293 2028 Prozeß
2324 1969 2566 2029 Erbesheimer,
2591 1971 2637 2031 der
2662 1973 2810 2033 glänzend
2840 1974 2929 2034 steht,
2953 1974 3035 2034 trägt

415 1997 456 2057 sie
481 1995 534 2055 auf
553 1997 600 2057 ihn
631 1996 654 2056 zu
685 1995 702 2055 —
745 1998 847 2058 spricht
872 1998 998 2058 anfangs
1029 1998 1112 2058 nicht,
1131 1998 1196 2058 sieht
1215 1994 1262 2054 ihn
1299 1989 1347 2049 von
1377 1989 1479 2049 allem,
1498 1989 1557 2049 was
1589 1989 1612 2049 so
1637 1989 1690 2049 mit
1709 1989 1774 2049 dazu
1799 1989 1900 2049 gehört
1919 1990 1967 2050 hat
1991 1991 2015 2051 zu
2046 1988 2135 2048 seinen

103 2001 124 2061 i
153 2002 394 2062 Abgeordneten¬

2174 2015 2227 2075 dem
2280 2013 2368 2073 Paxa
2399 2013 2486 2073 sicher
2517 2014 2800 2074 hunderttausend,
2830 2016 2900 2076 aber
2931 2017 3030 2077 selbst¬

125 2046 234 2106 gestern
272 2042 293 2102 in
331 2042 389 2102 un-
420 2043 456 2103 an
486 2043 538 2103 und
561 2045 663 2105 schreit
679 2046 752 2106 dann
775 2044 930 2104 plötzlich):
953 2046 1055 2106 Wegen
1078 2046 1158 2106 einer
1174 2043 1269 2103 Frau?
1299 2037 1388 2097 Leben
1418 2037 1476 2097 und
1507 2037 1565 2097 was
1595 2038 1624 2098 er
1647 2039 1712 2099 grad
1744 2039 1772 2099 so
1795 2037 1846 2097 hat
1869 2037 2008 2097 verlassen
2039 2037 2141 2097 müssen

2173 2058 2376 2118 verständlich
2405 2058 2472 2118 kann
2501 2059 2534 2119 er
2552 2058 2664 2118 gerade
2687 2059 2714 2119 in
2743 2058 2839 2118 diesem
2873 2060 3008 2120 Stadium

1289 2086 1347 2146 wie
1372 2086 1436 2146 mich
1454 2087 1501 2147 ...
1525 2085 1572 2145 von
1602 2085 1672 2145 allem
1709 2087 1761 2147 hat
1780 2086 1809 2146 er
1833 2086 1885 2146 mit
1910 2088 2009 2148 Ihnen
2040 2086 2133 2146 gespro

2173 2098 2233 2158 von
2267 2100 2316 2160 den
2345 2101 2587 2161 Erbesheimers
2616 2103 2709 2163 nichts
2737 2103 2925 2163 verlangen.
2948 2105 3036 2165 Also,

448 2103 663 2163 Theodor:
692 2103 767 2163 Nein
796 2100 809 2160 —

1287 2135 1352 2195 chen
1370 2135 1417 2195 ...
1435 2136 1488 2196 und
1518 2136 1601 2196 auch
1625 2133 1672 2193 von
1702 2133 1802 2193 mir..

2171 2141 2215 2201 ich
2247 2141 2321 2201 bitte
2341 2143 2422 2203 dich,
2442 2144 2541 2204 Kind,
2561 2144 2648 2204 sprich
2680 2144 2736 2204 mit
2756 2145 2925 2205 Dorsday.
2969 2147 3025 2207 Ich

447 2159 686 2219 Christine:
721 2162 766 2222 Ja
800 2158 813 2218 —
867 2162 919 2222 für
953 2160 1019 2220 eine
1053 2161 1192 2221 Frau...
1226 2159 1259 2219 (zu

1328 2181 1519 2241 Theodor
1551 2183 1705 2243 (bewegt):
1731 2183 1775 2243 Er
1801 2183 1852 2243 hat
1885 2183 1942 2243 Sie
1968 2183 2057 2243 gewiß
2090 2182 2140 2242 liel

2177 2186 2338 2246 versichere
2362 2186 2436 2246 dich,
2454 2186 2482 2246 es
2512 2186 2547 2246 ist
2570 2188 2662 2248 nichts
2692 2189 2795 2249 dabei.
2831 2189 2923 2249 Papa
2947 2189 3033 2249 hätte

110 2206 178 2266 bst,
196 2207 264 2267 derr
290 2204 375 2264 Haus

417 2207 514 2267 Mizzi
544 2210 719 2270 gewendet):
741 2210 789 2270 für
818 2210 930 2270 diese
952 2208 1029 2268 Frau
1065 2205 1078 2265 —
1129 2209 1178 2269 für
1199 2206 1255 2266 dies

1287 2231 1420 2291 gehabt.

2175 2229 2225 2289 ihm
2271 2233 2293 2293 ja
2328 2229 2440 2289 einfach
2486 2233 2734 2293 telegraphieren
2786 2234 2926 2294 können,
2966 2234 3028 2294 wir

100 2252 256 2312 eigentlich
289 2252 373 2312 benei

422 2258 518 2318 Frau,
539 2258 577 2318 die
597 2258 622 2318 er
649 2258 811 2318 geliebt
838 2258 883 2318 hat
909 2258 915 2318 —
961 2256 1020 2316 und
1047 2256 1091 2316 ihr
1111 2255 1201 2315 Mann

2175 2273 2269 2333 haben
2305 2273 2334 2333 es
2359 2275 2494 2335 ernstlich
2524 2276 2684 2336 überlegt,
2720 2276 2796 2336 aber
2844 2279 2873 2339 es
2903 2279 2938 2339 ist
2962 2276 3026 2336 doch

1334 2279 1559 2339 Christine:
1591 2278 1672 2338 Lieb!
1704 2276 1715 2336 —
1766 2276 1828 2336 Er?
1854 2279 1872 2339 —
1923 2279 1972 2339 Ich
2004 2279 2054 2339 bin
2086 2279 2129 2339 ihm

104 2302 213 2362 elingt,
245 2303 294 2363 sich
325 2300 386 2360 hin¬

418 2306 459 2366 ja,
477 2306 524 2366 ja,
542 2305 589 2365 ihr
613 2304 707 2364 Mann
738 2304 790 2364 hat
814 2304 855 2364 ihn
892 2304 1133 2364 umgebracht...
1152 2303 1204 2363 Und
1228 2303 1257 2363 id

2175 2315 2273 2375 etwas
2313 2317 2389 2377 ganz
2423 2318 2572 2378 anderes,
2601 2319 2705 2379 Kind,
2733 2321 2822 2381 wenn
2861 2321 2932 2381 man
2971 2321 3032 2381 mit

1290 2326 1385 2386 nichts
1417 2327 1537 2387 gewesen
1574 2327 1616 2387 als
1653 2327 1689 2387 ein
1726 2326 1919 2386 Zeitvertreib
1950 2322 1967 2382 —
2016 2327 2071 2387 und
2108 2324 2131 2384 fü

117 2347 147 2407 in
180 2349 242 2409 ihre
268 2347 380 2407 Kunst!

414 2350 460 2410 ...
472 2353 535 2413 was
564 2353 604 2413 bin
639 2351 708 2411 denn
738 2352 795 2412 ich?
825 2350 893 2410 Was
911 2353 957 2413 bin
987 2353 1055 2413 denn
1079 2353 1113 2413 ich
1143 2353 1182 2413 ihm
1224 2350 1263 2410 ge¬

2175 2359 2258 2419 einem
2301 2359 2463 2419 Menschen
2494 2359 2656 2419 persönlich
2681 2362 2807 2422 spricht.
2826 2362 2867 2422 Am
2904 2363 3018 2423 sechsten

1292 2370 1351 2430 eine
1382 2371 1483 2431 andere
1509 2371 1543 2431 ist
1570 2372 1594 2432 er
1620 2371 1761 2431 gestorben
1791 2369 1841 2429 —!
1868 2371 1927 2431 Und
1953 2371 1988 2431 ich
2014 2371 2079 2431 hab'
2100 2369 2144 2429 ihr

94 2392 192 2452 bare
233 2396 385 2456 Fähigkeit
419 2398 504 2458 wesen
518 2399 583 2459 ...?
604 2401 736 2461 Theodor
750 2399 802 2459 ...
823 2398 902 2458 haben
929 2399 988 2459 Sie
1008 2398 1074 2458 denn
1101 2399 1153 2459 gar
1174 2398 1259 2458 nichts

2176 2401 2215 2461 um
2261 2398 2351 2458 zwölf
2380 2398 2446 2458 muß
2475 2401 2531 2461 das
2560 2401 2633 2461 Geld
2667 2401 2701 2461 da
2730 2404 2808 2464 sein,
2831 2404 2943 2464 Doctor
2972 2405 3011 2465 F.

1286 2419 1463 2479 angebetet!
1483 2416 1493 2476 —
1543 2417 1606 2477 Hat
1627 2418 1656 2478 er
1681 2416 1749 2476 denn
1780 2416 1829 2476 das
1859 2419 1937 2479 nicht
1958 2418 2139 2478 gewußt?..

93 2442 195 2502 Weise
220 2443 243 2503 zu
280 2444 371 2504 estal

2181 2434 2193 2494 —
2239 2442 2317 2502 Wer
2343 2442 2382 2502 ist
2402 2443 2519 2503 Doktor
2546 2446 2604 2506 F.?
2631 2443 2689 2503 Ach
2716 2448 2761 2508 ja,
2781 2446 2891 2506 Fiala.
2911 2444 2924 2504 —
2977 2447 3034 2507 „ist

415 2448 462 2508 für
493 2449 625 2509 mich...
650 2446 703 2506 hat
734 2446 763 2506 er
794 2449 884 2509 nichts
921 2446 1246 2506 niedergeschrieben...

1287 2468 1358 2528 Daß
1383 2468 1419 2528 ich
1444 2467 1485 2527 ihm
1529 2468 1600 2528 alles
1625 2467 1739 2527 gegeben
1771 2467 1849 2527 hab',
1861 2467 1922 2527 was
1946 2467 1982 2527 ich
2007 2467 2049 2527 ihm
2086 2465 2139 2525 hal

2168 2486 2392 2546 unerbittlich.
2432 2488 2599 2548 Natürlich
2632 2488 2664 2548 ist
2690 2488 2721 2548 da
2749 2489 2818 2549 auch
2851 2489 3031 2549 persönliche

99 2491 166 2551 nen
204 2491 377 2551 hinkrömen

415 2496 476 2556 Hat
507 2497 537 2557 er
569 2498 673 2558 Ihnen
711 2494 765 2554 kein
797 2494 889 2554 Wort
921 2496 963 2556 für
1001 2495 1068 2555 mich
1100 2497 1253 2557 gesagt...

1288 2518 1374 2578 geben
1409 2515 1535 2575 können,
1554 2513 1606 2573 daß
1635 2515 1669 2575 ich
1699 2515 1744 2575 für
1774 2515 1814 2575 ihn
1843 2515 1988 2575 gestorben
2017 2512 2092 2572 wär'
2110 2510 2126 2570 -

2173 2530 2327 2590 Rancune
2356 2530 2460 2590 dabei.
2500 2530 2583 2590 Aber
2628 2530 2660 2590 da
2711 2531 2738 2591 es
2788 2532 2843 2592 sich
2889 2531 3032 2591 unglück¬

415 2543 510 2603 Haben
556 2543 612 2603 Sie
645 2544 734 2604 nichts
773 2541 984 2601 gefunden...
1010 2541 1086 2601 einen
1125 2542 1252 2602 Brief..

1288 2562 1339 2622 daß
1379 2564 1411 2624 er
1444 2562 1515 2622 mein
1555 2562 1698 2622 Herrgott
1732 2562 1848 2622 gewesen
1889 2562 1927 2622 ist
1961 2562 2012 2622 und
2052 2562 2149 2622 meine
2177 2572 2358 2632 licherweise
2385 2572 2423 2632 um
2464 2573 2704 2633 Münd.lgelder
2731 2573 2881 2633 handelt"
2908 2572 2920 2632 —
2967 2575 3011 2635 Um

126 2586 220 2646 Weckt
247 2586 298 2646 das
342 2587 385 2647 die
421 2592 498 2652 einen
525 2590 645 2650 Zettel¬

1288 2613 1437 2673 Seligkeit
1461 2610 1472 2670 —
1525 2610 1576 2670 hat
1606 2610 1634 2670 er
1663 2612 1715 2672 das
1751 2611 1802 2671 gar
1832 2611 1900 2671 nicht
1930 2610 2074 2670 bemerkt?
2104 2610 2143 2670 Ei

2177 2616 2286 2676 Gottes
2322 2616 2443 2676 willen!
2467 2616 2576 2676 Papa,
2600 2616 2664 2676 was
2693 2618 2757 2678 hast
2781 2620 2815 2680 du
2850 2619 2960 2679 getan?

445 2649 639 2709 Theodor
681 2649 819 2709 (schüttelt
842 2649 889 2709 den
925 2649 1028 2709 Kopf).

1289 2661 1340 2721 hat
1364 2661 1415 2721 von
1439 2661 1496 2721 mir
1519 2659 1663 2719 fortgehen
1692 2658 1818 2718 können,
1831 2658 1882 2718 mit
1906 2658 1980 2718 einem
2021 2658 2147 2718 Lächeln,
2177 2660 2274 2720 „kann
2310 2660 2378 2720 man
2419 2661 2517 2721 nichts
2552 2661 2689 2721 machen.
2742 2662 2810 2722 Und
2846 2661 2932 2721 wenn
2973 2662 3024 2722 das

98 2682 124 2742 se
150 2683 290 2743 Tränen.
327 2685 379 2745 Ja

2176 2703 2255 2763 Geld
2278 2703 2312 2763 am
2352 2703 2471 2763 fünften
2506 2704 2544 2764 um
2585 2703 2675 2763 zwölf
2704 2706 2766 2766 Uhr
2795 2704 2925 2764 mittags
2954 2706 3033 2766 nicht

446 2706 687 2766 Christine:
709 2704 772 2764 Und
809 2706 837 2766 an
881 2706 930 2766 dem
974 2704 1136 2764 Abend...
1159 2703 1201 2763 wo
1230 2703 1257 2763 er

1294 2709 1435 2769 fortgehen
1470 2709 1520 2769 aus
1555 2709 1640 2769 diesem
1686 2709 1816 2769 Zimmer
1851 2709 1901 2769 und
1935 2709 1980 2769 sich
2010 2708 2060 2768 für
2089 2706 2150 2766 eine

91 2734 167 2794 an
202 2732 250 2792 der
285 2732 374 2792 Arbei

2175 2744 2204 2804 in
2235 2747 2342 2807 Fialas
2367 2747 2493 2807 Händen
2530 2748 2577 2808 ist,
2596 2747 2674 2807 wird
2705 2747 2752 2807 der
2777 2750 2957 2810 Haftbefehl
2982 2749 3029 2809 er¬

410 2755 447 2815 da
479 2753 560 2813 war,
586 2753 622 2813 wo
655 2753 711 2813 Sie
743 2753 786 2813 ihn
824 2753 855 2813 da
888 2753 1025 2813 abgeholt
1057 2753 1138 2813 haben
1158 2753 1207 2813 ...
1233 2751 1257 2811 da
1296 2755 1402 2815 andere
1434 2758 1653 2818 niederschießen
1692 2757 1841 2817 lassen...
1861 2756 1974 2816 Vater,
1993 2755 2086 2815 Vater

91 2783 139 2843 es
181 2783 271 2843 Leben
320 2783 374 2843 auf

2166 2792 2284 2852 lassen,
2308 2789 2474 2849 vielmehr,
2499 2793 2522 2853 so
2552 2792 2646 2852 lange
2694 2792 2766 2852 hält
2808 2792 2860 2852 der
2914 2792 3020 2852 Baron

410 2806 466 2866 hat
492 2804 547 2864 er's
573 2804 641 2864 schon
674 2802 804 2862 gewußt,
824 2803 854 2863 da
887 2803 936 2863 hat
956 2803 986 2863 er
1012 2801 1136 2861 gewußt,
1156 2803 1205 2863 daß
1231 2801 1262 2861 er
1294 2807 1425 2867 verstehst
1444 2807 1475 2867 du
1501 2804 1575 2864 das?

99 2831 135 2891 as
166 2833 300 2893 Einzige,
320 2831 380 2891 wad

2170 2834 2302 2894 Höning
2326 2837 2372 2897 ihn
2402 2835 2470 2895 noch
2494 2834 2615 2894 zurück.
2656 2835 2726 2895 Also
2750 2834 2894 2894 Dorsday
2923 2837 3027 2897 müßte

415 2852 479 2912 mich
504 2852 639 2912 vielleicht
663 2852 704 2912 nie
729 2852 870 2912 mehr...
888 2850 947 2910 Und
971 2850 995 2910 er
1019 2850 1054 2910 ist
1072 2850 1113 2910 von
1137 2849 1166 2909 da
1190 2849 1266 2909 weg¬

1323 2857 1542 2917 Weiring:
1573 2855 1739 2915 Christin'!
1763 2855 1827 2915 (Bei
1851 2854 1922 2914 ihr).

2166 2876 2217 2936 die
2241 2879 2381 2939 Summe
2410 2880 2625 2940 telegraphisch
2655 2879 2742 2939 durch
2771 2879 2852 2939 seine
2877 2879 2963 2939 Bank
2987 2879 3021 2939 an

99 2879 190 2939 erden
227 2881 282 2941 Sie
313 2882 386 2942 nicht

417 2903 581 2963 gegangen,
603 2903 638 2963 um
675 2901 724 2961 sich
746 2900 796 2960 für
818 2900 881 2960 eine
904 2898 1010 2958 andere
1033 2900 1204 2960 umbringen
1234 2900 1261 2960 zu

2175 2923 2297 2983 Doktor
2322 2924 2365 2984 F.
2384 2921 2568 2981 überweisen
2600 2924 2709 2984 lassen.
2747 2924 2845 2984 Dann
2877 2924 2937 2984 sind
2969 2924 3023 2984 wir

138 2927 198 2987 und
225 2927 264 2987 ich
285 2928 298 2988 —
346 2930 372 2990 ja

2171 2967 2320 3027 gerettet.
2369 2967 2416 3027 Im
2459 2965 2591 3025 anderen
2634 2966 2705 3026 Fall
2736 2965 2813 3025 weiß
2850 2965 2928 3025 Gott
2959 2966 3024 3026 was

90 2974 184 3034 bieder
216 2974 291 3034 sähig
324 2975 379 3035 sein

2166 3007 2334 3067 geschieht.
2352 3007 2455 3067 G.aub
2485 3007 2560 3067 mir,
2578 3008 2612 3068 du
2641 3010 2780 3070 vergibst
2804 3009 2850 3069 die
2874 3008 2954 3068 nicht
2972 3008 3024 3068 das

95 3024 172 3084 affen
201 3025 257 3085 wie
280 3025 378 3085 früher

2166 3052 2357 3112 Geringste,
2380 3052 2456 3112 mein
2485 3050 2635 3110 geliebtes
2666 3052 2763 3112 Kind.
2800 3055 2891 3115 Papa
2927 3053 2979 3113 hat
3003 3053 3025 3113 ja

95 3073 182 3133 hüssen
227 3073 278 3133 wir
323 3073 381 3133 uns

2165 3095 2312 3155 anfangs
2341 3094 2498 3154 Bedenken
2527 3097 2657 3157 gehabt.
2697 3097 2742 3157 Er
2771 3097 2821 3157 hat
2844 3097 2928 3157 sogar
2957 3096 3024 3156 noch

1312 3129 1814 3189 Manteeee
1871 3129 1963 3189 an

523 3132 850 3192 Brief
944 3127 1161 3187 der

2170 3139 2325 3199 Versuche
2349 3138 2498 3198 gemacht,
2522 3139 2574 3199 auf
2604 3140 2678 3200 zwei
2702 3139 2921 3199 verschiedenen
2956 3138 3031 3198 Sei¬

2167 3181 2244 3241 ten.
2287 3181 2371 3241 Aber
2396 3180 2425 3240 er
2457 3180 2492 3240 ist
2511 3182 2588 3242 ganz
2613 3183 2806 3243 verzweifelt
2837 3181 2902 3241 nach
2927 3183 3029 3243 Hause

129 3213 201 3273 man
253 3213 384 3273 machen,

2165 3225 2386 3285 gekommen."
2421 3220 2431 3280 —
2488 3225 2579 3285 Kann
2619 3227 2710 3287 Papa
2744 3228 2931 3288 überhaupt
2960 3225 3033 3285 ver¬

105 3264 161 3324 rer
187 3264 236 3324 auf
262 3261 361 3321 meinem

2175 3269 2312 3329 zweifelt
2355 3268 2439 3328 sein?
2470 3262 2487 3322 —
2542 3269 2728 3329 „Vielleicht
2777 3270 2861 3330 nicht
2904 3267 3030 3327 einmal

793 3272 1372 3332 Fräulein
1492 3271 1755 3331 Else

90 3309 115 3369 e
136 3309 200 3369 ich,
233 3312 330 3372 kriegt
357 3309 382 3369 er

2174 3309 2202 3369 so
2237 3314 2300 3374 sehr
2330 3312 2433 3372 wegen
2469 3312 2514 3372 des
2556 3312 2688 3372 Geldes,
2711 3312 2763 3372 als
2799 3312 2931 3372 darum,
2955 3312 3029 3372 weil

98 3356 161 3416 orin
191 3356 213 3416 im
254 3356 375 3416 Bureau

449 3359 469 3419 :
485 3361 555 3421 Nun
584 3363 619 3423 ist
634 3363 662 3423 er
684 3362 783 3422 offen,
798 3362 847 3422 der
862 3362 976 3422 Brief,
991 3362 1047 3422 und
1069 3362 1104 3422 ich
1133 3359 1183 3419 hab
1205 3356 1261 3416 gar
1290 3357 1354 3417 wir
1383 3357 1489 3417 waren
1526 3356 1582 3416 ja,
1604 3356 1689 3416 Gott
1711 3356 1782 3416 sei's
1818 3356 1953 3416 geklagt,
1975 3355 2052 3415 schon
2096 3353 2138 3413 ein
2175 3354 2224 3414 die
2246 3355 2338 3415 Leute
2381 3354 2430 3414 sich
2481 3355 2509 3415 so
2531 3356 2694 3416 schändlich
2738 3357 2830 3417 gegen
2873 3356 2922 3416 ihn
2973 3353 3029 3413 be¬

2173 3398 2327 3458 nehmen.
2367 3398 2438 3458 Der
2467 3398 2533 3458 eine
2556 3398 2616 3458 von
2666 3398 2760 3458 ihnen
2816 3398 2882 3458 war
2916 3398 3032 3458 einmal

97 3401 164 3461 wer
182 3403 215 3463 da
238 3404 300 3464 drin
329 3405 384 3465 auf
413 3409 491 3469 nicht
526 3407 672 3467 bemerkt,
701 3407 751 3467 daß
791 3408 830 3468 ich
864 3409 914 3469 ihn
954 3405 1145 3465 aufgemacht
1174 3403 1264 3463 habe.
1293 3401 1371 3461 paar
1406 3401 1478 3461 Mal
1507 3401 1529 3461 in
1569 3401 1653 3461 einer
1682 3400 1839 3460 ähnlichen
1868 3400 2059 3460 Situation,
2082 3400 2138 3460 und

410 3449 468 3509 Ich
499 3451 563 3511 setze
593 3452 663 3512 mich
693 3452 763 3512 aufs
793 3449 1005 3509 Fensterbrett
1029 3449 1087 3509 und
1117 3448 1170 3508 lese
1200 3445 1264 3505 ihn.
1288 3445 1341 3505 die
1371 3444 1511 3504 Familie
1542 3443 1594 3503 hat
1625 3444 1741 3504 immer
1778 3444 2054 3504 herausgeholfen.
2084 3442 2148 3502 Zu=
2178 3442 2290 3502 Papas
2320 3443 2467 3503 Freund.
2509 3443 2561 3503 Du
2597 3443 2703 3503 kannst
2733 3442 2779 3502 dir
2809 3442 2938 3502 denken,
2962 3441 3026 3501 wen

124 3455 200 3515 egal,
224 3454 277 3514 das
307 3451 376 3511 kanr

408 3495 599 3555 Achtgeben,
622 3495 678 3555 daß
712 3495 751 3555 ich
791 3495 870 3555 nicht
899 3492 1169 3552 hinunterstürze.
1192 3488 1259 3548 Wie
1288 3488 1355 3548 letzt
1378 3488 1428 3548 hat
1452 3488 1479 3548 es
1508 3488 1552 3548 sich
1581 3488 1637 3548 gar
1660 3488 1699 3548 um
1740 3488 2139 3548 hundertzwanzigtausend
2179 3485 2218 3545 ich
2247 3484 2382 3544 meine."
2405 3483 2421 3543 —
2467 3484 2528 3544 Ich
2557 3485 2630 3545 kann
2670 3485 2726 3545 mir
2755 3485 2810 3545 gar
2839 3485 2928 3545 nichts
2957 3481 3030 3541 den¬

90 3503 141 3563 Has
167 3503 199 3563 ist
219 3502 288 3562 schon
315 3502 359 3562 ein

2174 3529 2244 3589 ken.
2286 3529 2374 3589 Papa
2410 3526 2463 3586 hat
2487 3526 2516 3586 so
2546 3528 2610 3588 viel
2640 3528 2711 3588 beste
2741 3528 2888 3588 Freunde
2918 3529 3029 3589 gehabt

407 3538 470 3598 uns
497 3538 554 3598 aus
576 3538 644 3598 San
676 3538 823 3598 Martino
850 3538 1002 3598 gemeldet
1029 3536 1117 3596 wird,
1139 3535 1191 3595 hat
1207 3532 1254 3592 sich
1286 3532 1475 3592 gehandelt.
1513 3530 1596 3590 Aber
1623 3529 1749 3589 damals
1781 3529 1828 3589 hat
1855 3529 1902 3589 der
1934 3529 2023 3589 Papa
2055 3527 2139 3587 einer

95 3549 230 3609 ereiner,
267 3547 367 3607 Borro

2173 3573 2232 3633 und
2270 3571 2296 3631 in
2330 3571 2534 3631 Wirklichkeit
2562 3571 2680 3631 keinen.
2724 3571 2924 3631 Warnsdorf
2951 3571 3032 3631 viel¬

403 3583 476 3643 dort
509 3585 534 3645 im
582 3583 677 3643 Hotel
709 3582 856 3642 Fratazza
899 3580 940 3640 ein
984 3577 1257 3637 beklagenswerter
1290 3574 1416 3634 Revers
1443 3574 1685 3634 unterschreiben
1717 3574 1848 3634 müssen,
1871 3572 1923 3632 daß
1955 3573 1986 3633 er
2013 3574 2144 3634 niemals

98 3598 138 3658 on
173 3598 255 3658 geht,
276 3598 378 3658 kann's

410 3626 525 3686 Unfall
553 3626 706 3686 ereignet.
729 3626 877 3686 Fräulein
911 3623 982 3683 Else
1010 3623 1065 3683 T.,
1087 3622 1125 3682 ein
1165 3620 1258 3680 neun-
1286 3619 1406 3679 wieder
1435 3619 1473 3679 an
1506 3618 1555 3678 die
1583 3616 1820 3676 Verwandten,
1865 3617 1985 3677 speziell
2013 3616 2046 3676 an
2085 3616 2134 3676 den
2173 3616 2283 3676 leicht?
2311 3616 2321 3676 —
2377 3616 2443 3676 „Um
2487 3616 2531 3676 ein
2565 3614 2624 3674 Uhr
2653 3614 2691 3674 ist
2713 3614 2795 3674 Papa
2835 3615 2900 3675 nach
2928 3614 3027 3674 Hause

124 3649 193 3709 lang
241 3648 375 3708 unbesetz

2170 3658 2370 3718 gekommen,
2389 3658 2447 3718 und
2471 3658 2536 3718 jetzt
2554 3658 2583 3718 es
2614 3658 2643 3718 ist
2667 3658 2731 3718 vier
2755 3659 2820 3719 Uhr
2844 3661 2926 3721 früh.
2944 3661 3026 3721 Jetzt

412 3673 621 3733 zehnjähriges
655 3669 836 3729 bildschönes
870 3667 1040 3727 Mädchen,
1058 3665 1184 3725 Tochter
1207 3663 1255 3723 des
1289 3661 1399 3721 Onkel
1427 3661 1614 3721 Bernhard,
1643 3661 1835 3721 herantreten
1880 3657 1989 3717 wird."
2023 3653 2033 3713 —
2095 3655 2138 3715 Ne

91 3697 143 3757 sich
171 3697 304 3757 schauen,
325 3696 377 3756 das

2168 3702 2279 3762 schläft
2301 3702 2327 3762 er
2354 3700 2487 3760 endlich,
2503 3700 2582 3760 Gott
2610 3700 2646 3760 sei
2668 3700 2790 3760 Dank."
2811 3697 2827 3757 —
2875 3703 2970 3763 Wenn
3003 3702 3028 3762 er

404 3715 576 3775 bekannten
614 3712 861 3772 Advokaten...
889 3712 1050 3772 Natürlich
1088 3709 1196 3769 würde
1223 3705 1255 3765 es
1289 3705 1417 3765 weiter,
1440 3706 1568 3766 weiter,
1590 3704 1633 3764 wo
1666 3704 1735 3764 will
1763 3705 1832 3765 denn
1871 3703 1924 3763 das
1957 3703 2032 3763 hin?
2065 3703 2140 3763 Wa¬

84 3746 161 3806 ehen
197 3744 246 3804 S',
268 3744 367 3804 Borro

404 3757 536 3817 heißen,
553 3758 591 3818 ich
619 3756 701 3816 hätte
724 3756 795 3816 mich
823 3756 1021 3816 umgebracht
1044 3753 1098 3813 aus
1127 3753 1264 3813 unglück=
1293 3746 1364 3806 kann
1397 3748 1468 3808 denn
1497 3748 1535 3808 ich
1563 3747 1650 3807 dabei
1673 3747 1750 3807 tun?
1773 3747 1789 3807 —
1839 3747 1921 3807 „Der
1944 3747 2086 3807 Einzige,
2104 3744 2141 3804 an
2176 3744 2274 3804 lieber
2308 3744 2385 3804 nicht
2407 3744 2594 3804 aufwachte,
2617 3744 2672 3804 das
2700 3744 2766 3804 wär
2794 3744 2848 3804 das
2882 3744 2953 3804 beste
2981 3744 3030 3804 für

2175 3789 2242 3849 ihn.
2261 3786 2273 3846 —
2316 3788 2390 3848 „Ich
2415 3788 2482 3848 gebe
2508 3786 2556 3846 den
2581 3786 2674 3846 Brief
2693 3789 2717 3849 in
2742 3789 2815 3849 aller
2841 3789 2920 3849 Früh
2946 3786 3031 3846 selbst

1284 3792 1340 3852 den
1377 3792 1448 3852 man
1480 3792 1639 3852 eventuell
1665 3791 1732 3851 noch
1768 3790 1871 3850 denken
1908 3789 2036 3849 könnte,
2057 3789 2144 3849 wär¬

404 3801 497 3861 licher
531 3801 624 3861 Liebe
653 3798 725 3858 oder
758 3798 835 3858 weil
869 3800 907 3860 ich
946 3798 974 3858 in
1013 3798 1068 3858 der
1102 3797 1256 3857 Hoffnung

2173 3833 2229 3893 auf
2258 3831 2304 3891 die
2327 3831 2417 3891 Post,
2441 3832 2571 3892 expreß,
2594 3831 2622 3891 da
2656 3832 2747 3892 mußt
2776 3832 2821 3892 ihn
2856 3831 3025 3891 vormittag

1287 3835 1336 3895 der
1370 3837 1475 3897 Onkel
1504 3835 1631 3895 Viktor,
1654 3837 1703 3897 der
1738 3834 1877 3894 befindet
1900 3834 1949 3894 sich
1983 3834 2055 3894 aber
2089 3833 2144 3893 un¬

402 3846 494 3906 war.
512 3843 722 3903 Unglückliche
751 3843 856 3903 Liebe,
874 3844 932 3904 ah,
950 3840 1036 3900 nein.

1289 3879 1553 3939 glücklicherweise
1583 3879 1640 3939 auf
1670 3879 1750 3939 einer
1779 3879 1871 3939 Reise
1900 3879 1951 3939 zum
1998 3879 2136 3939 Nordkap
2171 3876 2211 3936 am
2246 3874 2355 3934 dritten
2391 3873 2517 3933 haben."
2541 3872 2551 3932 —
2598 3872 2667 3932 Wie
2691 3875 2742 3935 hat
2760 3875 2805 3935 sich
2835 3874 2944 3934 Mama
2973 3874 3019 3934 das

452 3891 564 3951 „Mein
597 3888 690 3948 liebes
722 3885 829 3945 Kind"
861 3880 873 3940 —
931 3885 986 3945 Ich
1025 3885 1093 3945 will
1119 3883 1181 3943 mir
1207 3881 1263 3941 vor

90 3913 172 3973 e.

2169 3918 2367 3978 vorgestellt?
2414 3917 2476 3977 Sie
2499 3917 2589 3977 kennt
2613 3917 2657 3977 sich
2687 3917 2749 3977 doch
2772 3918 2800 3978 in
2829 3920 2920 3980 diesen
2949 3920 3033 3980 Din¬

1288 3920 1363 3980 oder
1396 3920 1460 3980 nach
1493 3922 1697 3982 Schottland“
1730 3917 1746 3977 —
1800 3922 1865 3982 Ja,
1887 3920 1940 3980 der
1968 3920 2048 3980 hat's
2081 3923 2134 3983 gut

403 3932 483 3992 allem
527 3932 576 3992 den
601 3930 712 3990 Schluß
738 3929 912 3989 anschaun.
925 3929 936 3989 —
986 3928 1073 3988 „Also
1098 3926 1253 3986 nochmals

1287 3965 1343 4025 der
1369 3965 1513 4025 ekelhafte
1544 3964 1621 4024 Kerl
1648 3963 1662 4023 —
1720 3967 1801 4027 „und
1833 3965 1869 4025 ist
1895 3963 2018 4023 absolut
2049 3962 2147 4022 uner=
2174 3963 2230 4023 gen
2261 3960 2307 4020 nie
2328 3959 2404 4019 aus.
2420 3959 2435 4019 —
2483 3961 2595 4021 „Also,
2611 3959 2698 4019 sprich
2730 3959 2822 4019 sofort
2849 3959 2905 4019 mit
2926 3960 3028 4020 Dors¬

414 3976 455 4036 sei
474 3974 534 4034 uns
559 3974 642 4034 nicht
662 3974 739 4034 böse,
758 3974 836 4034 mein
861 3972 957 4032 liebes
988 3971 1072 4031 gutes
1097 3968 1181 4028 Kind
1206 3967 1259 4027 und

1288 4007 1445 4067 reichbar,
1463 4007 1648 4067 wenigstens
1677 4007 1728 4067 für
1751 4008 1801 4068 den
1835 4007 1998 4067 Moment.
2021 4005 2065 4065 An
2094 4004 2144 4064 die
2174 4004 2252 4064 day,
2275 4004 2314 4064 ich
2343 4001 2511 4061 beschwöre
2546 4003 2602 4063 dich
2636 4001 2698 4061 und
2732 4003 2951 4063 telegraphiere
2980 4002 3024 4062 so¬

93 4009 226 4069 szene

744 4010 761 4070 —
835 4016 885 4076 Um
932 4016 1045 4076 Gottes
1079 4010 1204 4070 willen,
1227 4010 1261 4070 sie

409 4021 453 4081 sei
483 4018 682 4078 tausendmal

2175 4049 2255 4109 fort,
2273 4046 2331 4106 wie
2349 4046 2377 4106 es
2407 4047 2598 4107 ausgefallen
2627 4047 2679 4107 ist.
2697 4046 2766 4106 Vor
2789 4046 2888 4106 Tante
2911 4046 3021 4106 Emma

1293 4053 1457 4113 Kollegen,
1487 4053 1611 4113 speziell
1635 4052 1705 4112 Dr.
1729 4052 1823 4112 Sch.,
1847 4050 1900 4110 der
1936 4051 2024 4111 Papa
2060 4049 2135 4109 schor

405 4063 528 4123 werden
559 4061 605 4121 sich
629 4061 694 4121 doch
718 4061 794 4121 nicht
818 4060 1018 4120 umgebracht
1036 4055 1154 4115 haben!
1172 4055 1242 4115 Nein

1780 4095 1957 4155 Herrgott,
1977 4094 2031 4154 wie
2056 4094 2136 4154 stehn
2174 4093 2222 4153 laß
2254 4091 2302 4151 dir
2334 4091 2370 4151 um
2420 4089 2530 4149 Gottes
2568 4088 2665 4148 willen
2703 4090 2801 4150 nichts
2833 4091 2967 4151 merken,
2993 4091 3023 4151 es

1290 4097 1367 4157 öfter
1398 4097 1598 4157 ausgeholfen
1635 4094 1689 4154 hat

422 4103 427 4163 —
472 4104 502 4164 in
528 4106 578 4166 dem
616 4105 691 4165 Fall
711 4106 780 4166 wär
805 4103 842 4163 ein
874 4103 1062 4163 Telegramm
1100 4100 1150 4160 von
1182 4100 1250 4160 Rud

1290 4138 1351 4198 wir
1382 4137 1412 4197 da
1443 4137 1455 4197 —
1511 4138 1572 4198 „ist
1597 4138 1676 4198 nicht
1701 4139 1787 4199 mehr
1819 4140 1842 4200 zu
1880 4138 2008 4198 denken,
2033 4136 2088 4196 seit
2113 4135 2143 4195 er
2175 4134 2211 4194 ist
2237 4133 2267 4193 ja
2298 4132 2420 4192 traurig
2452 4134 2568 4194 genug,
2593 4134 2642 4194 daß
2680 4132 2746 4192 man
2784 4132 2832 4192 sich
2864 4132 2887 4192 in
2925 4132 3010 4192 einem

84 4138 109 4198 n
145 4135 188 4195 die
215 4139 320 4199 Stirn,
347 4136 372 4196 st

539 4151 708 4211 Mein
741 4148 840 4208 liebes
873 4147 973 4207 Kind,
999 4147 1030 4207 du
1069 4142 1175 4202 kannst
1207 4141 1263 4201 min

2177 4177 2287 4237 solchen
2310 4177 2385 4237 Fall
2403 4177 2437 4237 an
2467 4177 2507 4237 die
2531 4176 2635 4236 eigene
2658 4175 2827 4235 Schwester
2850 4175 2926 4235 nicht
2944 4174 3030 4234 wen¬

406 4195 568 4255 glauben,
583 4192 642 4252 wie
673 4191 731 4251 leid
761 4189 790 4249 es
820 4189 886 4249 mir
917 4189 975 4249 tut,
998 4188 1056 4248 daß
1087 4187 1123 4247 ich
1154 4186 1205 4246 dir
1228 4185 1257 4245 in
1294 4184 1345 4244 sich
1376 4183 1486 4243 wieder
1509 4180 1701 4240 verheiratet
1724 4179 1797 4239 hat"
1820 4178 1834 4238 —
1879 4180 1938 4240 also
1969 4180 2034 4240 was
2057 4180 2130 4240 denn

90 4186 178 4246 eodor
207 4189 251 4249 zu,
268 4186 345 4246 nimm

2169 4219 2225 4279 den
2254 4219 2350 4279 kann,
2373 4221 2440 4281 aber
2463 4222 2491 4282 da
2520 4219 2627 4279 könnte
2656 4219 2717 4279 man
2752 4221 2774 4281 ja
2802 4219 2966 4279 ebensogut
2989 4221 3017 4281 zu

1287 4225 1358 4285 was
1385 4225 1482 4285 denn,
1508 4225 1575 4285 was
1607 4225 1694 4285 wollt
1720 4225 1766 4285 ihr
1792 4225 1870 4285 denn
1906 4225 1957 4285 von
1994 4225 2076 4285 mir?

171 4225 277 4285 .

1068 4228 1087 4288 A

403 4235 510 4295 ana
527 4231 650 4291 Labanan
666 4229 886 4289 Jarinlmachen
