3344 4320
109 62 167 122 Pr.
186 64 422 124 Weidenhoffer
452 68 546 128 schloß

109 109 136 169 sin
176 110 277 170 unsere
311 112 552 172 wirtschaftliche

106 154 244 214 shillings
274 157 312 217 ist
335 159 446 219 nahezu
480 160 546 220 ver¬

150 200 238 260 haben
281 202 332 262 sich
375 204 551 264 gesteigert,

107 252 226 312 Politik
276 252 329 312 der
378 253 546 313 strengsten

108 295 173 355 dues
211 297 259 357 von
302 297 375 357 allem
424 300 545 360 Ueber-

1356 398 1484 458 box
1554 399 1736 459 42/5

891 407 1123 467 Death

256 404 723 464 Schnitzler

102 480 167 540 sigen
205 485 439 545 Verhaimisse.
468 487 538 547 Wir

106 529 171 589 hloß
208 529 272 589 Dr.
292 533 547 593 Weidenhoffer,

106 574 134 634 en
192 575 347 635 imstande
393 578 450 638 ist,
491 580 542 640 die

112 617 156 677 die
185 622 382 682 Demagogie
416 624 540 684 zurück¬

101 669 153 729 ung
190 670 236 730 des
272 670 395 730 größten
431 673 536 733 Teiles

131 715 232 775 hätten
263 718 457 778 gewünscht,
482 721 536 781 daß

139 763 251 823 Thema
285 763 533 823 Verwaltungs¬

109 807 194 867 ndelt
217 808 318 868 hätte,
342 810 398 870 wir
421 813 523 873 hätten

122 855 171 915 den
206 855 317 915 Schutz
351 856 401 916 des
446 857 535 917 Kon¬

99 900 240 960 irgenden
274 900 420 960 Abgaben
471 904 527 964 und

114 948 274 1008 breitesten
322 951 428 1011 Sinne
476 951 528 1011 des

100 992 212 1052 digung
238 995 400 1055 Ausdruck
426 998 532 1058 geben,

131 1040 167 1100 ein
205 1043 335 1103 Regime
380 1043 429 1103 der
466 1042 534 1102 Er¬

96 1088 202 1148 pitigt.
224 1093 323 1153 Spät,
345 1094 522 1154 hoffentlich

580 1114 795 1174 Hochapartes
863 1120 1101 1180 Nachmittags¬

1183 1121 1243 1181 Der
1260 1125 1360 1185 fesche
1382 1127 1543 1187 neuartige
1566 1130 1704 1190 Russen¬

626 1154 774 1214 Complet
798 1155 853 1215 aus
877 1157 1039 1217 schworom

1183 1172 1304 1232 mantel
1320 1173 1375 1233 aus
1401 1175 1502 1235 feinem
1538 1178 1705 1238 Shetland¬

578 1191 614 1251 K.
646 1193 760 1253 Seiden
782 1195 932 1255 -Mongol
965 1194 990 1254 in
1038 1197 1094 1257 den

1185 1216 1278 1276 Tuch,
1304 1222 1387 1282 gans
1409 1222 1574 1282 gefüttert,
1595 1225 1709 1285 Schaf¬

575 1228 745 1288 modernen
764 1231 879 1291 Farben
902 1231 989 1291 grün,
1003 1235 1095 1295 braun

99 1244 149 1304 sie
202 1246 429 1306 Pariser

577 1265 632 1325 und
661 1267 822 1327 schwarz,
846 1268 916 1328 sehr
940 1273 1081 1333 kleidsam

1183 1266 1255 1326 woll
1292 1268 1483 1328 watteliert,
1531 1273 1702 1333 Persianer

573 1303 632 1363 und
661 1306 789 1366 schick,
803 1308 977 1368 besondere
1001 1311 1101 1371 preis¬

1299 1316 1397 1376 Imit.,
1416 1318 1576 1378 verbrämt

168 1321 227 1381 n.

579 1344 665 1404 wert,
678 1346 694 1406 in
718 1348 793 1408 allen
817 1348 938 1408 Größen
956 1351 1100 1411 lagernd,

151 1383 329 1443 ondenten.

151 1435 268 1495 aris,
282 1437 337 1497 21.
352 1437 489 1497 Oktober.

732 1448 753 1508 5
775 1447 893 1507 55.

1321 1455 1531 1515 s110.-

131 1486 275 1546 minister
309 1491 375 1551 Dr.
401 1494 526 1554 Juch,

161 1535 269 1595 aris
300 1539 384 1599 heute
410 1536 518 1596 wieder

159 1581 288 1641 klärung
320 1585 518 1645 abgegeben:

586 1602 1051 1662 Modenpalais
1095 1606 1306 1666 JULIUS
1350 1608 1673 1668 KRUPNIK

155 1625 167 1685 t
205 1628 268 1688 mir
314 1626 524 1686 Gelegenheit

819 1668 884 1728 nur
910 1671 981 1731 VII.
1002 1672 1347 1732 KAISERSTRASSE
1380 1674 1458 1734 115.

173 1675 292 1735 ahme
327 1673 410 1733 mit
439 1675 515 1735 den

176 1721 508 1781 inanzhreisen

909 1733 985 1793 Das
1014 1736 1204 1796 führende
1241 1738 1367 1798 Haus.

210 1816 382 1876 Märchen"
413 1819 517 1879 wurde

668 1828 787 1888 Später
812 1829 878 1889 ging
903 1831 933 1891 es
957 1833 1078 1893 Arthur
1103 1834 1271 1894 Schnitzler
1290 1835 1350 1895 mit
1369 1837 1567 1897 Burckhards
1592 1837 1694 1897 Nach¬

199 1864 204 1924 r
230 1864 418 1924 abgelehnt.
444 1867 518 1927 Man

579 1870 668 1930 folger
693 1874 831 1934 weniger
862 1875 928 1935 gut.
953 1879 1152 1939 Schlenther,
1171 1881 1225 1941 der
1250 1884 1442 1944 Ostpreuße,
1467 1885 1515 1945 der
1546 1883 1690 1943 aufrechte

184 1912 252 1972 imer
287 1912 396 1972 wieder
425 1914 522 1974 erlebt

573 1918 711 1978 Berliner
741 1921 902 1981 Kritiker,
932 1922 977 1982 der
1007 1927 1220 1987 Vorkämpfer
1256 1928 1307 1988 für
1337 1930 1423 1990 Ibsen
1470 1930 1521 1990 und
1556 1931 1694 1991 Gerhart

202 1960 384 2020 anmaßende
418 1960 517 2020 Ober=

573 1967 798 2027 Hauptmann,
816 1969 900 2029 hatte
923 1971 968 2031 als
991 1972 1143 2032 Direktor
1166 1972 1216 2032 des
1245 1978 1470 2038 Burgtheaters
1499 1980 1555 2040 gar
1578 1979 1679 2039 keinen

176 2004 247 2064 ben,
271 2005 360 2065 wenn
397 2007 438 2067 sie
469 2005 509 2065 ein

576 2011 668 2071 steifen
697 2014 835 2074 Nacken.
853 2014 898 2074 Er
916 2016 991 2076 ließ,
1009 2019 1061 2079 auf
1084 2019 1165 2079 einen
1194 2019 1280 2079 Wink
1309 2020 1361 2080 von
1391 2022 1483 2082 oben,
1501 2023 1685 2083 Schnitzlers

198 2052 346 2112 begreifen
388 2052 518 2112 wollen.

568 2058 683 2118 geniale
716 2061 1071 2121 Revolutionskomödie
1104 2067 1188 2127 „Der
1221 2067 1315 2127 grüne
1342 2070 1501 2130 Kakadu"
1533 2069 1591 2129 aus
1624 2070 1670 2130 dem

576 2103 750 2163 Repertoire
785 2109 1022 2169 verschwinden.
1046 2112 1090 2172 Er
1119 2115 1266 2175 weigerte
1295 2116 1368 2176 sich,
1397 2118 1476 2178 nicht
1505 2117 1589 2177 allein
1629 2117 1679 2177 den

180 2115 314 2175 zählige,
345 2115 448 2175 zuerst
479 2117 508 2177 in

573 2152 727 2212 „Schleier
750 2154 799 2214 der
822 2154 981 2214 Beatrice"
1010 2157 1042 2217 zu
1071 2160 1198 2220 spielen,
1215 2160 1264 2220 den
1293 2160 1325 2220 er
1348 2162 1425 2222 schon
1459 2164 1680 2224 angenommen

171 2160 224 2220 elt,
243 2160 273 2220 an
310 2163 382 2223 seine
407 2163 496 2223 dichte=
503 2161 509 2221 |
515 2160 521 2220 |

565 2197 662 2257 hatte,
689 2201 889 2261 Schlenther,
917 2202 965 2262 der
998 2205 1171 2265 Schnurren
1220 2208 1274 2268 wie
1307 2208 1366 2268 das
1399 2211 1680 2271 „Husarenfieber"

185 2206 254 2266 Heist
287 2208 318 2268 zu
357 2209 517 2269 verehren,

566 2242 631 2302 oder
659 2245 786 2305 holden,
809 2249 1045 2309 überwundenen
1079 2252 1227 2312 Blödsinn
1267 2255 1327 2315 wie
1355 2256 1597 2316 „Renaissance"
1631 2256 1680 2316 ins

118 2249 197 2309 ernen
235 2253 314 2313 Zeit,
340 2254 382 2314 als
420 2255 505 2315 „Das

569 2291 771 2351 Burgtheater
802 2294 899 2354 holte,
929 2296 980 2356 hat
1004 2297 1056 2357 den
1098 2301 1236 2361 „Jungen
1272 2302 1492 2362 Medardus",
1522 2303 1608 2363 dieses
1644 2303 1678 2363 an

123 2297 317 2357 Widerstand
343 2302 511 2362 weggefegt

573 2339 760 2399 Grillparzer
782 2342 931 2402 reichende
959 2342 1047 2402 Werk
1080 2345 1118 2405 ein
1147 2345 1449 2405 „liebenswürdiges
1483 2350 1676 2410 Monstrum“

110 2345 170 2405 zene
213 2345 267 2405 für
311 2346 415 2406 Szene
458 2345 512 2405 des

569 2387 701 2447 genannt
731 2387 782 2447 und
817 2390 955 2450 rundweg
985 2391 1262 2451 zurüchgewiesen.
1280 2393 1354 2453 Erst
1378 2396 1487 2456 Alfred
1511 2396 1545 2456 v.
1563 2397 1678 2457 Berger

83 2389 191 2449 sialoge
216 2393 312 2453 Szene
343 2393 391 2453 für
416 2393 512 2453 Szene

561 2431 679 2491 brachte
708 2433 764 2493 mit
787 2434 871 2494 einer
901 2436 1110 2496 unvergeßlich
1139 2440 1319 2500 vollendeten
1354 2443 1558 2503 Aufführung
1587 2443 1676 2503 dieses

166 2439 187 2499 e,
216 2437 278 2497 war
318 2438 441 2498 damals
482 2440 503 2500 in

160 2485 277 2545 zernden
306 2486 511 2546 Ueberlegen=

560 2478 683 2538 Drama
720 2481 749 2541 zu
791 2482 879 2542 einem
927 2484 1063 2544 großen,
1093 2485 1282 2545 stürmischen
1324 2488 1454 2548 Erfolg.
1484 2491 1555 2551 Wie
1591 2491 1678 2551 selten

565 2524 686 2584 vorher,
709 2526 763 2586 wie
792 2527 863 2587 etwa
897 2530 951 2590 nur
980 2530 1007 2590 in
1036 2530 1085 2590 den
1118 2531 1217 2591 Tagen
1252 2534 1467 2594 Grillparzers
1495 2535 1555 2595 und
1583 2534 1594 2594 —
1650 2537 1677 2597 in

107 2527 220 2587 mitzler
263 2533 508 2593 Bewunderung

561 2572 770 2632 gebührendem
816 2572 952 2632 Abstand
987 2572 997 2632 —
1060 2578 1292 2638 Bauernfelds,
1316 2580 1383 2640 war
1412 2582 1462 2642 der
1492 2582 1587 2642 tiefste
1622 2583 1678 2643 und

83 2575 259 2635 husiasmus
298 2578 347 2638 der
380 2578 506 2638 Jugent

561 2617 634 2677 beste
663 2618 747 2678 Sinn
788 2620 838 2680 des
873 2621 1105 2681 Burgtheaters
1134 2623 1258 2683 erfüllt,
1288 2626 1338 2686 als
1372 2627 1423 2687 der
1458 2629 1655 2689 „Medardus

88 2620 212 2680 ausgabe
246 2623 297 2683 des
343 2626 483 2686 „Anatol

78 2667 215 2727 berühmt
245 2670 339 2730 wurde
369 2672 427 2732 wie
456 2671 506 2731 der

560 2664 636 2724 über
660 2665 737 2725 diese
767 2667 879 2727 Bühne
909 2668 997 2728 ging.
1027 2667 1098 2727 Hier
1128 2668 1192 2728 war
1223 2672 1264 2732 ein
1300 2673 1470 2733 dichterisch
1501 2676 1689 2736 geformtes,

561 2709 594 2769 ein
635 2712 685 2772 vom
737 2711 844 2771 Glanz
873 2712 969 2772 echter
1004 2713 1111 2773 Poesie
1141 2718 1401 2778 umschimmertes
1442 2721 1680 2781 Oesterreicher¬

560 2755 642 2815 tum,
670 2757 730 2817 hier
758 2760 824 2820 war
858 2760 1045 2820 wienerische
1073 2762 1343 2822 Vergangenheit,
1371 2766 1436 2826 war
1470 2769 1674 2829 wienerisches

73 2769 122 2829 ser
148 2772 349 2832 Dialogreihe
391 2772 416 2832 in
459 2774 508 2834 die

564 2802 716 2862 Schicksal
745 2805 795 2865 auf
824 2805 874 2865 der
903 2805 1004 2865 Szene
1033 2807 1090 2867 des
1119 2808 1349 2868 Burgtheaters
1378 2811 1541 2871 lebendig.

71 2814 88 2874 se
113 2819 299 2879 angerührt,
318 2820 402 2880 deren
433 2820 499 2880 Ton

650 2848 720 2908 Wie
750 2850 873 2910 Arthur
909 2850 1074 2910 Schnitzler
1111 2854 1198 2914 durch
1234 2856 1292 2916 sein
1334 2858 1523 2918 Erdenleben
1565 2860 1682 2920 schritt,

70 2864 135 2924 ing,
154 2864 213 2924 mit
237 2867 428 2927 Entzücken,
452 2867 505 2927 mit

554 2892 726 2952 unberührt
756 2896 807 2956 vom
848 2897 934 2957 Zank
964 2898 1015 2958 der
1045 2900 1206 2960 Parteien,
1230 2900 1339 2960 abseits
1374 2905 1512 2965 jeglicher
1542 2906 1680 2966 Politih,

116 2914 380 2974 melancholischer
405 2914 507 2974 Nach¬

557 2939 695 2999 innerlich
730 2941 810 3001 ganz
840 2942 920 3002 rein,
944 2942 1030 3002 gütig
1065 2944 1116 3004 und
1152 2947 1249 3007 einzig
1279 2948 1331 3008 dem
1377 2951 1590 3011 Menschlichen
1625 2950 1677 3010 zu¬

80 2961 297 3021 d„Liebelei"
328 2963 491 3023 bewirkten

553 2987 722 3047 gewendet,
740 2988 768 3048 so
802 2987 853 3047 hat
882 2987 909 3047 er
933 2988 1023 3048 Werk
1057 2990 1091 3050 um
1137 2992 1227 3052 Werk
1262 2995 1448 3055 geschaffen,
1472 2999 1561 3059 fremd
1590 2999 1669 3059 jedes

94 3009 307 3069 wienerischen
343 3011 508 3071 Szenerie,

548 3032 639 3092 davon
678 3033 753 3093 aller
787 3033 928 3093 Politik,
950 3034 1015 3094 fern
1048 3038 1189 3098 jeglicher
1222 3041 1379 3101 niedrigen
1423 3044 1581 3104 Tendenz,
1614 3044 1667 3104 nur

77 3053 236 3113 Männer,
268 3055 312 3115 ein
351 3055 383 3115 so
409 3058 503 3118 helles

553 3075 659 3135 erfüllt
683 3078 741 3138 mit
772 3079 1036 3139 Menschlichkeit,
1061 3081 1113 3141 mit
1137 3087 1455 3147 Menschenschicksal,
1479 3088 1538 3148 und
1568 3091 1673 3151 durch¬

72 3102 140 3162 svon
197 3103 252 3163 sich
303 3103 377 3163 über
421 3108 502 3168 ganz

554 3123 680 3183 klungen
719 3127 768 3187 von
808 3127 890 3187 jener
918 3128 1056 3188 Melodie
1084 3130 1134 3190 der
1162 3133 1272 3193 Seele,
1295 3136 1377 3196 deren
1416 3136 1675 3196 unermüdlicher,

80 3149 126 3209 gen
155 3153 358 3213 vergötterten
387 3154 502 3214 Kitsch,

554 3171 838 3231 unübertrefflicher
868 3172 963 3232 Hörer
992 3174 1020 3234 er
1044 3177 1128 3237 war.
1146 3181 1304 3241 Professor
1328 3181 1430 3241 Freud
1459 3182 1509 3242 hat
1539 3184 1612 3244 einst
1641 3184 1668 3244 an

77 3199 240 3259 gehämpft
265 3202 404 3262 werden.
430 3202 496 3262 Und

552 3218 718 3278 Schnitzler
749 3220 933 3280 geschrieben
971 3220 1051 3280 (oder
1082 3226 1205 3286 gesagt,
1230 3227 1297 3287 denn
1334 3227 1377 3287 ich
1409 3229 1482 3289 weiß
1520 3230 1544 3290 in
1582 3229 1673 3289 dieser

98 3246 152 3306 das
183 3247 267 3307 Echte
292 3248 388 3308 wider
420 3246 492 3306 alles

556 3261 671 3321 Stunde
712 3263 763 3323 der
799 3264 925 3324 Trauer
967 3266 1047 3326 nicht
1077 3268 1105 3328 so
1146 3271 1244 3331 genau
1291 3273 1464 3333 Bescheid),
1500 3274 1667 3334 Schnitzler

66 3291 139 3351 hard
183 3292 269 3352 hatte
307 3293 491 3353 Schnitzlers

549 3307 620 3367 habe
674 3311 726 3371 als
780 3313 911 3373 Dichter
965 3315 1041 3375 alles
1095 3316 1154 3376 das
1208 3319 1385 3379 gefunden,
1434 3321 1504 3381 was
1558 3323 1658 3383 Freud

71 3339 190 3399 ührung
225 3340 247 3400 im
289 3339 499 3399 Burgtheater

543 3354 589 3414 als
630 3357 781 3417 Forscher
822 3359 961 3419 entdeckt
1002 3360 1059 3420 und
1107 3365 1361 3425 wissenschaftlich
1409 3369 1559 3429 besiegelt
1594 3369 1669 3429 hat.

69 3387 194 3447 ährend
223 3387 366 3447 mancher
396 3389 503 3449 nächt¬

549 3399 588 3459 Ob
617 3404 667 3464 das
690 3405 747 3465 nun
776 3405 1003 3465 Theaterstücke
1026 3408 1145 3468 waren,
1163 3412 1230 3472 etwa
1259 3414 1350 3474 „Der
1367 3414 1435 3474 Ruf
1452 3416 1503 3476 des
1527 3414 1639 3474 Lebens

66 3430 120 3490 mir
146 3433 225 3493 seine
251 3438 380 3498 Sorge:
418 3438 491 3498 „Ich

548 3448 618 3508 oder
640 3451 731 3511 „Das
759 3453 845 3513 weite
872 3452 997 3512 Land",
1019 3454 1083 3514 oder
1105 3456 1327 3516 Erzählungen
1360 3458 1413 3518 und
1441 3461 1586 3521 Romane
1609 3459 1667 3519 wie

67 3480 222 3540 frechen!"
254 3482 334 3542 Aber
361 3482 391 3542 er
416 3483 490 3543 blich

549 3497 627 3557 „Der
657 3497 730 3557 Weg
765 3499 815 3559 ins
844 3497 952 3557 Freie"
987 3498 1054 3558 oder
1083 3500 1128 3560 die
1163 3503 1333 3563 bravourös
1368 3506 1663 3566 monologisierende

74 3524 109 3584 nd
141 3530 225 3590 wenn
257 3527 280 3587 's
311 3529 384 3589 mich
415 3530 494 3590 Hals

544 3540 709 3600 Geschichte
740 3544 786 3604 des
823 3545 1005 3605 „Leutnant
1030 3547 1166 3607 Gustl",
1190 3550 1243 3610 des
1273 3554 1497 3614 unglücklichen
1534 3554 1663 3614 „Fräu¬

71 3575 142 3635 muß
184 3578 308 3638 gespielt
344 3578 497 3638 werden!

548 3589 598 3649 lein
627 3588 740 3648 Else",
763 3593 870 3653 immer
894 3591 966 3651 tritt
990 3593 1068 3653 einem
1115 3594 1165 3654 der
1188 3597 1442 3657 Seelenkenner,
1466 3599 1510 3659 der
1539 3600 1663 3660 Schich¬

66 3623 179 3683 altigen
219 3626 338 3686 starken
384 3626 490 3686 Erfolg

548 3635 772 3695 salsgestalter,
796 3640 848 3700 der
879 3641 1061 3701 wunderbar
1091 3644 1196 3704 gütige
1232 3647 1379 3707 Künstler
1409 3650 1656 3710 überwältigend

69 3667 188 3727 hnitzler
207 3670 264 3730 mit
290 3673 365 3733 einem
410 3672 485 3732 Ruck

543 3679 709 3739 entgegen.

71 3718 163 3778 ig
193 3721 326 3781 Speidel
350 3720 413 3780 wat
443 3721 494 3781 der

638 3727 752 3787 Arthur
785 3729 950 3789 Schnitzler
970 3730 1027 3790 hat
1047 3731 1091 3791 den
1124 3736 1411 3796 Schwanengesang
1444 3739 1494 3799 des
1521 3739 1661 3799 Bürger¬

67 3766 110 3826 der
150 3764 200 3824 die
232 3769 327 3829 junge
353 3769 493 3829 Meister¬

546 3773 626 3833 tums
655 3778 874 3838 angestimmt,
898 3778 926 3838 so
955 3779 1191 3839 verführerisch,
1215 3784 1237 3844 so
1267 3785 1479 3845 bezaubernd,
1503 3788 1560 3848 wie
1590 3786 1652 3846 kein

69 3820 127 3880 diet

545 3823 674 3883 anderer
702 3824 779 3884 Poet
806 3826 831 3886 im
876 3826 1014 3886 deutschen
1050 3830 1302 3890 Sprachdereich.
1320 3833 1363 3893 Er
1390 3835 1485 3895 ahnte
1512 3835 1659 3895 vielleicht

1779 103 1892 163 Geistes
1918 106 1949 166 zu
1975 109 2166 169 verschenken
2192 110 2326 170 wußte;
2348 113 2404 173 nur
2425 114 2476 174 daß
2508 116 2564 176 uns
2591 118 2631 178 ein
2663 118 2890 178 leidgefurchtes

1775 162 1894 222 Antlitz
1922 163 2002 223 nicht
2035 166 2121 226 mehr
2155 165 2301 225 begegnen
2334 168 2425 228 wird,
2453 171 2479 231 in
2518 171 2572 231 das
2600 173 2626 233 so
2654 174 2707 234 viel
2730 174 2821 234 Stolz
2843 174 2891 234 der

1782 219 2025 279 Ueberwindung
2053 225 2231 285 geschrieben
2259 225 2340 285 war,
2362 225 2421 285 nur
2443 226 2497 286 daß
2525 228 2584 288 wir
2606 231 2681 291 alle,
2698 231 2773 291 diese
2796 231 2893 291 Stadt

1771 270 1827 330 und
1864 274 1956 334 dieses
1993 275 2102 335 Land,
2134 281 2236 341 ärmer
2258 282 2418 342 geworden
2460 283 2522 343 sind
2569 286 2604 346 um
2663 288 2740 348 einen
2771 288 2879 348 großen

1786 330 1932 390 Künstler,
1966 332 2003 392 um
2058 334 2139 394 einen
2173 338 2286 398 wahren
2319 339 2433 399 Weisen
2483 342 2537 402 und
2565 345 2689 405 gütigen
2717 346 2896 406 Menschen.

1825 526 1933 586 Der
1979 521 2097 581 Tod
2152 526 2306 586 eines
2362 530 2816 590 Unsterblichen.

2130 610 2188 670 Von
2216 613 2337 673 Franz
2365 615 2524 675 Werfel.

1857 706 1933 766 Eine
1981 706 2069 766 eisige
2117 708 2204 768 Hand
2252 710 2311 770 hat
2358 712 2417 772 uns
2465 712 2529 772 alle
2572 715 2718 775 berührt.
2754 716 2877 776 Arthur

1766 761 1949 821 Schnitzler,
1969 766 2017 826 der
2042 766 2164 826 geliebte
2190 766 2330 826 Dichter,
2349 768 2398 828 der
2423 769 2563 829 herrliche
2589 771 2723 831 Mensch,
2742 772 2778 832 ist
2797 772 2876 832 nicht

1766 817 1866 877 mehr.
1890 817 1960 877 Vor
1990 819 2036 879 dem
2090 820 2172 880 Tore
2196 821 2295 881 dieses
2331 825 2607 885 unheildrohenden
2649 825 2790 885 Winters
2826 828 2878 888 hat

1763 873 1792 933 er
1834 876 2058 936 haltgemacht.
2094 878 2141 938 In
2183 876 2229 936 der
2265 879 2395 939 Stunde
2431 882 2655 942 fassungslosen
2697 885 2873 945 Schmerzes

1765 928 1841 988 kann
1877 930 1959 990 seine
1983 932 2124 992 Gestalt,
2155 934 2207 994 sein
2237 936 2354 996 Werk,
2384 936 2460 996 seine
2490 939 2650 999 Wirkung
2686 939 2761 999 nicht
2792 938 2879 998 über¬

1761 986 1854 1046 blickt
1880 987 2018 1047 werden.
2044 988 2093 1048 Es
2125 990 2199 1050 geht
2226 989 2288 1049 mit
2320 991 2363 1051 ihm
2414 994 2458 1054 ein
2496 995 2608 1055 großer
2640 995 2803 1055 Künstler,
2829 994 2872 1054 ein

1763 1043 1862 1103 reiner
1889 1045 1995 1105 Geist,
2022 1047 2088 1107 eine
2122 1048 2247 1108 sittliche
2281 1048 2380 1108 Kraft
2408 1051 2500 1111 hoher
2534 1052 2805 1112 Verantwortung
2845 1055 2871 1115 in

1760 1100 1808 1160 die
1830 1103 2074 1163 Weltgeschichte
2096 1105 2158 1165 ein.
2180 1106 2320 1166 Zugleich
2349 1106 2418 1166 aber
2447 1107 2656 1167 verschwindet
2685 1109 2740 1169 mit
2762 1109 2852 1169 seinem

1761 1157 1877 1217 schönen
1914 1159 1976 1219 und
2013 1160 2111 1220 lieben
2149 1162 2265 1222 Antlitz
2303 1161 2352 1221 der
2383 1162 2469 1222 letzte
2500 1163 2611 1223 Schein
2648 1166 2771 1226 unserer
2809 1166 2876 1226 ver¬

1749 1210 1868 1270 lorenen
1903 1212 2044 1272 Heimat,
2068 1214 2118 1274 der
2147 1213 2289 1273 Abglanz
2318 1216 2368 1276 des
2397 1216 2476 1276 alten
2511 1219 2692 1279 Oesterreich
2727 1220 2749 1280 in
2784 1222 2868 1282 tiefer

1757 1267 1867 1327 Nacht.
1902 1269 1965 1329 Ein
2001 1270 2093 1330 Reich
2129 1268 2180 1328 der
2210 1270 2331 1330 Freude
2378 1272 2435 1332 und
2477 1272 2528 1332 der
2558 1274 2784 1334 Traurigkeit,
2819 1274 2871 1334 des

1756 1324 1902 1384 Genusses
1942 1324 1998 1384 und
2032 1325 2082 1385 der
2108 1325 2242 1385 Schuld,
2268 1327 2312 1387 ein
2346 1327 2434 1387 Reich
2473 1329 2517 1389 der
2550 1330 2780 1390 Verfeinerung
2813 1332 2863 1392 und

1754 1378 1804 1438 des
1836 1380 1974 1440 Wissens
2012 1384 2049 1444 um
2100 1384 2155 1444 das
2187 1384 2294 1444 Ende.
2320 1384 2401 1444 Eine
2433 1387 2571 1447 wirklich
2603 1389 2753 1449 herznahe
2785 1384 2872 1444 Welt

1756 1435 1816 1495 voll
1854 1437 2092 1497 Landschaften,
2118 1440 2283 1500 Klängen,
2314 1440 2467 1500 Werten,
2492 1442 2669 1502 Gesichten,
2700 1445 2767 1505 hold
2805 1442 2865 1502 und

1751 1493 2038 1553 unwiederholbar,
2065 1496 2148 1556 folgt
2174 1497 2257 1557 ihrem
2302 1497 2449 1557 Meister.
2475 1498 2533 1558 Ein
2572 1500 2680 1560 großes
2720 1501 2866 1561 Zeitalter

1753 1550 1842 1610 dieser
1875 1551 1977 1611 Stadt
2003 1552 2086 1612 sinkt
2112 1554 2176 1614 mit
2196 1554 2323 1614 Arthur
2349 1554 2515 1614 Schnitzler
2548 1556 2598 1616 ins
2625 1557 2733 1617 Grab,
2760 1558 2791 1618 um
2843 1557 2868 1617 in

1757 1607 1849 1667 seinem
1890 1607 2108 1667 unsterblichen
2142 1610 2254 1670 Werke
2281 1610 2386 1670 weiter
2414 1612 2446 1672 zu
2480 1613 2579 1673 leben.
2606 1613 2672 1673 Wir
2706 1613 2771 1673 aber
2799 1613 2858 1673 sind

1752 1661 1913 1721 verwaist.

1750 1841 1889 1901 damals,
1910 1843 1960 1903 zur
1980 1842 2050 1902 Zeit
2071 1842 2121 1902 des
2147 1843 2307 1903 „Anatol"
2333 1845 2391 1905 und
2417 1846 2467 1906 der
2487 1846 2685 1906 „Liebelei",
2705 1849 2756 1909 gar
2776 1849 2871 1909 nicht,

1753 1885 1794 1945 daß
1831 1888 1920 1948 dieses
1945 1886 2120 1946 Bürgertum
2163 1888 2313 1948 persinken
2344 1892 2458 1952 werde,
2477 1892 2530 1952 daß
2561 1894 2651 1954 seine,
2670 1897 2868 1957 Schnitzlers,

1740 1933 1937 1993 Dichtungen
1973 1935 2057 1995 einen
2097 1936 2386 1996 Schwanengesang
2421 1939 2585 1999 bedeuten.
2614 1942 2756 2002 Deshalb
2790 1944 2863 2004 wird

1745 1977 1833 2037 dieses
1864 1981 2030 2041 vornehme
2060 1981 2237 2041 Bürgertum
2285 1986 2350 2046 auch
2386 1987 2409 2047 in
2446 1985 2629 2045 Schnitzlers
2666 1990 2754 2050 Werk
2790 1989 2866 2049 fort¬

1741 2023 1822 2083 leben
1863 2026 1920 2086 und
1967 2025 2025 2085 alle
2060 2028 2239 2088 Menschen,
2269 2029 2361 2089 denen
2408 2030 2436 2090 er
2472 2028 2599 2088 Gestalt
2634 2035 2709 2095 gab,
2739 2037 2854 2097 werden

1740 2070 1872 2130 lebendig
1903 2072 2041 2132 bleiben,
2066 2074 2138 2134 weil
2163 2076 2235 2136 über
2266 2078 2344 2138 jeden
2381 2077 2525 2137 Umsturz
2550 2080 2688 2140 hinweg,
2713 2082 2761 2142 der
2792 2082 2858 2142 doch

1740 2116 1798 2176 nur
1835 2118 1910 2178 einen
1947 2121 2248 2181 Gesellschaftsbau,
2278 2124 2325 2184 nie
2355 2122 2431 2182 aber
2461 2126 2520 2186 das
2556 2127 2862 2187 Ewig-Menschliche

1739 2163 1901 2223 vernichten
1943 2166 2040 2226 kann,
2071 2169 2116 2229 die
2146 2169 2302 2229 Gestalten
2338 2171 2547 2231 Schnitzlers,
2571 2171 2651 2231 viele
2681 2175 2774 2235 seiner
2803 2173 2866 2233 Ge¬

1746 2211 1864 2271 stalten,
1882 2212 1938 2272 wie
1967 2214 2017 2274 der
2040 2214 2125 2274 Herr
2154 2215 2204 2275 von
2234 2218 2334 2278 Sala,
2358 2220 2414 2280 wie
2437 2220 2488 2280 der
2511 2220 2703 2280 Medardus,
2721 2221 2777 2281 wie
2800 2219 2856 2279 alle

1746 2255 1873 2315 Figuren
1903 2258 1926 2318 im
1973 2258 2118 2318 „Grünen
2148 2261 2322 2321 Kakadu",
2340 2264 2397 2324 wie
2427 2264 2473 2324 der
2502 2264 2659 2324 Leutnant
2683 2267 2781 2327 Gustl
2805 2268 2857 2328 und

1739 2303 1883 2363 Fräulein
1918 2305 1988 2365 Else
2017 2306 2069 2366 und
2104 2306 2197 2366 viele,
2215 2308 2289 2368 viele
2319 2312 2446 2372 andere,
2470 2312 2532 2372 eine
2562 2312 2787 2372 Lebenskraft,
2811 2313 2851 2373 ein

1731 2348 1891 2408 Wahrsein
1923 2353 1985 2413 und
2017 2354 2084 2414 eine
2110 2354 2252 2414 Echtheit
2277 2356 2302 2416 in
2340 2358 2389 2418 sich
2427 2360 2551 2420 tragen,
2583 2359 2625 2419 die
2651 2360 2762 2420 immer
2794 2359 2862 2419 An¬

1735 2396 1791 2456 teil
1819 2399 1949 2459 wecken.

1823 2458 1865 2518 Er
1891 2459 1945 2519 hat
1971 2461 2033 2521 eine
2064 2464 2150 2524 neue,
2176 2464 2237 2524 eine
2269 2464 2368 2524 eigene
2399 2467 2460 2527 Art
2486 2467 2535 2527 des
2567 2469 2783 2529 Anschauens,
2802 2470 2851 2530 des

1736 2506 1910 2566 Ausdruchs
1945 2508 1974 2568 in
2016 2507 2056 2567 die
2091 2509 2248 2569 Literatur
2283 2512 2440 2572 gebracht,
2470 2515 2527 2575 und
2563 2515 2615 2575 bis
2663 2517 2720 2577 auf
2761 2518 2854 2578 diesen

1729 2550 1865 2610 heutigen
1895 2554 1960 2614 Tag
1996 2554 2031 2614 ist
2055 2554 2109 2614 der
2139 2557 2263 2617 Einfluß
2299 2558 2482 2618 Schnitzlers
2513 2560 2536 2620 in
2572 2563 2750 2623 Hunderten
2792 2565 2844 2625 von

1734 2598 1865 2658 Büchern
1896 2601 1926 2661 zu
1969 2602 2101 2662 spüren,
2126 2603 2167 2663 die
2204 2604 2276 2664 nach
2320 2605 2415 2665 seinem
2470 2606 2627 2666 Beispiel,
2652 2611 2717 2671 nach
2760 2611 2856 2671 seiner

1730 2646 2020 2706 richtunggebenden
2062 2649 2274 2709 Führerschaft
2311 2652 2488 2712 entstanden
2530 2655 2612 2715 sind.
2643 2654 2719 2714 Sein
2755 2655 2849 2715 Werk

1733 2691 1803 2751 steht
1834 2691 1921 2751 neben
1957 2695 2111 2755 Schuhert
2141 2697 2193 2757 und
2229 2697 2352 2757 Johann
2389 2700 2536 2760 Strauß.
2560 2700 2619 2760 Als
2649 2700 2772 2760 Dichter
2802 2705 2854 2765 hat

1727 2739 1755 2799 er
1784 2739 1920 2799 dasselbe
1950 2742 2132 2802 vollbracht,
2155 2742 2211 2802 was
2246 2744 2320 2804 diese
2349 2747 2473 2807 Meister
2503 2748 2559 2808 mit
2583 2748 2667 2808 ihren
2703 2750 2850 2810 Melodien

1727 2785 1906 2845 bewirkten.
1930 2787 1975 2847 Er
1999 2787 2051 2847 hat
2080 2788 2166 2848 Wien
2202 2790 2323 2850 erstehen
2358 2793 2450 2853 lassen
2480 2794 2531 2854 vor
2561 2794 2612 2854 den
2648 2794 2763 2854 Blicken
2798 2797 2849 2857 der

1726 2828 1821 2888 Welt.
1839 2834 1933 2894 Nicht
1958 2835 2011 2895 das
2036 2835 2124 2895 Wien
2154 2835 2201 2895 des
2226 2838 2415 2898 Grinzinger
2440 2840 2618 2900 Heurigen,
2636 2840 2689 2900 das
2714 2843 2855 2903 Duliäh¬

1724 2876 1834 2936 Wien,
1858 2879 1916 2939 und
1952 2879 2033 2939 nicht
2062 2881 2114 2941 das
2150 2882 2237 2942 Wien
2272 2883 2325 2943 der
2355 2886 2523 2946 Raunzer.
2547 2888 2616 2948 Das
2652 2891 2768 2951 wahre,
2798 2891 2850 2951 das

1725 2924 1842 2984 herzlich
1885 2927 2098 2987 beschwingte,
2122 2927 2174 2987 das
2211 2931 2683 2991 schwermütig-nachdenkliche,
2709 2937 2761 2997 das
2809 2937 2843 2997 an

1727 2967 1809 3027 Geist
1838 2970 1892 3030 wie
1921 2972 1953 3032 an
1987 2972 2081 3032 Seele
2110 2973 2170 3033 und
2198 2973 2231 3033 an
2270 2977 2375 3037 Musik
2409 2979 2636 3039 überquellende
2670 2983 2752 3043 Wien
2797 2982 2852 3042 hat

1725 3016 1845 3076 Arthur
1881 3019 2048 3079 Schnitzler
2083 3020 2135 3080 dem
2182 3023 2344 3083 Begreifen
2385 3026 2436 3086 der
2471 3026 2558 3086 Welt
2587 3029 2778 3089 erschlossen.
2807 3029 2847 3089 Er

1725 3062 1865 3122 war...
1894 3066 1922 3126 im
1968 3067 2148 3127 Augenblick
2183 3068 2233 3128 und
2268 3072 2352 3132 wohl
2375 3073 2437 3133 sehr
2466 3072 2556 3132 lange
2585 3073 2647 3133 noch
2681 3076 2850 3136 unfaßbar,

1724 3110 1781 3170 daß
1811 3112 1839 3172 er
1863 3112 1908 3172 der
1938 3113 2186 3173 Vergangenheit
2210 3117 2372 3177 angehört,
2390 3119 2505 3179 denen,
2523 3118 2562 3178 die
2592 3120 2666 3180 nicht
2690 3122 2771 3182 mehr
2794 3124 2851 3184 auf

1723 3154 1819 3214 Erden
1853 3158 2015 3218 wandeln.
2037 3160 2225 3220 Gegenwart
2258 3164 2312 3224 und
2351 3166 2491 3226 Zukunft
2518 3167 2632 3227 werden
2665 3169 2772 3229 freilich
2805 3170 2837 3230 an

1724 3201 1816 3261 seinem
1863 3204 1949 3264 Grab
1979 3205 2082 3265 vorbei
2106 3208 2326 3268 entscheiden:
2350 3211 2378 3271 er
2408 3213 2470 3273 ist!
2494 3212 2598 3272 Aber,
2622 3214 2667 3274 für
2697 3216 2754 3276 alle
2784 3216 2846 3276 die¬

1724 3250 1862 3310 jenigen,
1881 3251 1920 3311 die
1944 3252 1996 3312 das
2026 3252 2112 3312 Glück
2142 3255 2298 3315 genossen,
2316 3258 2356 3318 ihm
2397 3258 2472 3318 nahe
2495 3258 2524 3318 zu
2553 3260 2629 3320 sein,
2647 3262 2698 3322 den
2728 3263 2848 3323 Zauber

1727 3297 1811 3357 seiner
1846 3298 1997 3358 Stimme,
2021 3300 2065 3360 die
2100 3303 2206 3363 gütige
2229 3303 2387 3363 Weisheit
2421 3303 2516 3363 seiner
2557 3305 2658 3365 Reden
2703 3309 2731 3369 zu
2777 3307 2844 3367 ver¬

1715 3343 1859 3403 nehmen,
1882 3345 1926 3405 für
1954 3347 2032 3407 alle,
2055 3348 2099 3408 die
2127 3349 2154 3409 es
2188 3349 2232 3409 als
2266 3351 2360 3411 etwas
2389 3351 2555 3411 Kostbares
2584 3354 2789 3414 empfanden,
2812 3354 2834 3414 in

1726 3387 1778 3447 sein
1813 3390 1893 3450 edles
1929 3393 2044 3453 Antlitz
2073 3393 2102 3453 zu
2138 3395 2253 3455 schauen
2294 3394 2351 3454 und
2386 3396 2409 3456 in
2450 3396 2496 3456 die
2526 3399 2670 3459 zärtliche
2700 3401 2838 3461 Flamme

1720 3438 1810 3498 seiner
1833 3438 1957 3498 Augen,
1975 3441 2036 3501 gilt
2054 3441 2110 3501 nur
2133 3441 2184 3501 der
2201 3444 2308 3504 bittere
2332 3444 2501 3504 Schmerz:
2518 3444 2546 3504 er
2569 3448 2653 3508 war.

1809 3500 1857 3560 Es
1883 3502 1919 3562 ist
1951 3504 2018 3564 noch
2050 3503 2099 3563 gar
2124 3506 2203 3566 nicht
2223 3507 2315 3567 lange
2341 3506 2408 3566 her,
2440 3506 2476 3566 da
2514 3506 2581 3566 traf
2600 3509 2643 3569 ich
2669 3511 2711 3571 ihn
2755 3512 2834 3572 eines

1719 3547 1912 3607 Vormittags
1935 3550 1962 3610 in
1985 3551 2034 3611 der
2052 3551 2168 3611 Stadt.
2191 3554 2262 3614 Wir
2302 3555 2434 3615 sprachen
2457 3555 2506 3615 von
2535 3556 2629 3616 seinem
2663 3559 2829 3619 siebzigsten

1721 3597 1923 3657 Geburtstag.
1947 3599 2044 3659 „Was
2074 3600 2161 3660 sagen
2190 3602 2300 3662 Sie?“
2329 3602 2386 3662 rief
2405 3602 2438 3662 er
2462 3603 2520 3663 und
2550 3604 2630 3664 hatte
2654 3608 2833 3668 aufrichtige

1712 3644 1906 3704 Entrüstung
1946 3644 1967 3704 in
2001 3644 2051 3704 den
2085 3646 2207 3706 Mienen
2235 3647 2291 3707 wie
2319 3648 2341 3708 im
2386 3650 2469 3710 Ton.
2503 3653 2602 3713 „Was
2631 3655 2714 3715 einem
2753 3656 2830 3716 alles

1712 3691 1853 3751 passieren
1883 3691 1996 3751 kann!
2014 3693 2244 3753 Unglaublich!
2262 3697 2445 3757 Siebzigster
2469 3698 2711 3758 Geburtstag!"
2736 3703 2823 3763 Dann

1715 3737 1805 3797 lachte
1828 3737 1856 3797 er
1879 3739 1970 3799 gleich
2010 3739 2135 3799 nachher
2169 3740 2231 3800 mit
2260 3742 2356 3802 voller
2379 3745 2600 3805 Herzlichkeit.
2629 3748 2720 3808 Nun,
2743 3748 2833 3808 dieser

1709 3787 1901 3847 Geburtstag
1941 3787 2026 3847 zählt
2061 3788 2088 3848 zu
2129 3789 2179 3849 den
2219 3790 2355 3850 wenigen
2396 3793 2542 3853 Dingen,
2577 3794 2622 3854 die
2651 3796 2696 3856 ihm
2747 3798 2826 3858 nicht

1710 3837 1841 3897 passiert
1861 3835 1935 3895 sind.
1955 3835 1998 3895 Es
2018 3838 2105 3898 wäre
2125 3840 2199 3900 schön
2231 3841 2375 3901 gewesen.
2388 3842 2432 3902 Er
2451 3844 2507 3904 hat
2527 3844 2551 3904 es
2577 3847 2658 3907 nicht
2677 3847 2827 3907 gewollt!
