3344 4352
669 340 722 400 Die
746 345 874 405 Heimat
898 345 989 405 seines
1020 346 1133 406 Geistes
1165 349 1217 409 und
1249 351 1339 411 seines
1371 352 1500 412 Herzens
1524 354 1592 414 war
1615 354 1668 414 das
1699 354 1759 414 alte
1783 355 1973 415 öffentliches
2004 358 2156 418 Auftreten
2187 360 2286 420 nicht,
2302 361 2362 421 war
2386 362 2446 422 fast
2470 364 2568 424 immer
2600 363 2690 423 etwas
2722 365 2866 425 weltscheu
2897 366 2949 426 und

586 383 777 443 Oesterreich,
801 383 851 443 wie
876 383 992 443 Werfel
1016 383 1043 443 es
1072 385 1094 445 in
1123 388 1216 448 seinem
1254 389 1388 449 Nachruf
1408 390 1599 450 umschrieben
1627 392 1692 452 hat,
1711 392 1762 452 das

143 389 202 449 ser

1785 395 1866 455 hatte
1889 395 1952 455 auch
1975 395 2052 455 keine
2076 398 2270 458 geschwätzige
2293 401 2488 461 Sekretärin,
2506 401 2551 461 die
2570 401 2615 461 die
2633 403 2837 463 Intimitäten
2865 406 2955 466 seines

578 420 673 480 Feld,
692 422 744 482 das
769 422 802 482 er
826 422 969 482 bestellte,
989 425 1051 485 war
1075 425 1127 485 das
1156 426 1242 486 weite
1267 428 1347 488 Land
1372 428 1424 488 der
1448 428 1553 488 Seele.
1592 428 1634 488 In
1664 430 1744 490 jenen

1785 433 1901 493 Lebens
1934 435 2175 495 ausplauderte.
2218 437 2413 497 Bescheiden,
2441 441 2543 501 gütig,
2571 443 2696 503 skeptisch
2734 443 2789 503 und
2827 446 2961 506 gescheit,

134 452 176 512 der
198 452 362 512 Künstler,
379 452 420 512 ein
453 449 548 509 reinen

580 461 756 521 Oesterreich
788 461 918 521 wurzeln
951 463 1004 523 alle
1032 464 1108 524 seine
1136 464 1285 524 Menschen
1322 467 1375 527 und
1403 467 1452 527 die
1480 469 1615 529 tragische
1643 473 1963 533 Inner=anmutvoll
1991 473 2045 533 und
2072 476 2189 536 ironisch

2262 478 2478 538 österreichisch
2512 479 2570 539 war
2599 480 2627 540 er
2653 482 2714 542 auch
2744 482 2768 542 im
2806 485 2922 545 Wesen.

137 493 184 553 her
217 491 485 551 Verantwortung
523 491 546 551 in

583 500 782 560 gesetzlichkeit
814 500 1053 560 österreichischen
1090 506 1334 566 todgezeichneten
1371 506 1488 566 Lebens
1520 507 1556 567 ist
1583 506 1628 566 die
1665 508 1759 568 tiefste

1856 515 1889 575 Zu
1919 515 2010 575 seinem
2050 515 2102 575 60.
2122 518 2315 578 Geburtstag
2345 518 2392 578 hat
2437 521 2494 581 sein
2524 521 2640 581 Freund
2669 521 2755 581 Hugo
2786 524 2833 584 von
2868 523 2959 583 Hoff¬

142 533 199 593 leich
237 533 304 593 aber
338 533 552 593 verschwindet
581 539 709 599 Wurzel
734 539 786 599 von
820 540 996 600 Schnitzlers
1025 544 1221 604 dichterischem
1264 545 1498 605 Pessimismus.
1532 545 1612 605 Drei
1637 545 1756 605 Motive

1782 553 1958 613 mannstal,
1976 554 2033 614 nun
2064 556 2130 616 auch
2157 556 2227 616 schon
2259 558 2342 618 dahin
2373 560 2536 620 gegangen,
2572 562 2620 622 ihm
2660 562 2700 622 die
2727 564 2951 624 nachfolgenden

128 571 204 631 jeben
243 574 361 634 Antlitz
391 571 438 631 der
472 572 548 632 letzte
577 576 681 636 kehren
715 577 739 637 in
773 577 863 637 seinem
906 577 992 637 Werk
1016 580 1125 640 immer
1155 583 1283 643 wieder:
1326 583 1388 643 Der
1413 583 1474 643 Tod
1503 583 1560 643 und
1589 585 1632 645 die
1661 584 1751 644 Liebe

1787 594 1875 654 Zeilen
1909 595 2082 655 gewidmet,
2101 598 2147 658 die
2171 598 2250 658 Form
2298 598 2349 658 und
2378 601 2495 661 Gehalt
2519 601 2612 661 seiner
2636 604 2786 664 Dichtung
2814 605 2954 665 wunder¬

139 614 238 674 limat,
264 613 308 673 der
338 613 477 673 Abglanz
503 612 546 672 des

1779 634 1846 694 voll
1865 634 2045 694 umreißen:

135 655 228 715 acht.
276 652 332 712 Ein
375 654 463 714 Reich
500 652 552 712 der

1854 683 2056 743 „Schnitzlers
2087 687 2309 747 Theaterstücke
2334 690 2392 750 sind
2418 691 2630 751 vollkommene
2656 694 2892 754 Theaterstücke,
2913 695 2956 755 ge¬

142 696 191 756 des
227 694 380 754 Genusses
410 694 469 754 und
499 693 548 753 der

1769 722 1867 782 baut,
1887 724 1921 784 um
1961 726 1985 786 zu
2016 726 2133 786 fesseln,
2153 730 2178 790 zu
2208 730 2419 790 beschäftigen,
2439 733 2463 793 zu
2493 733 2695 793 unterhalten,
2720 736 2744 796 in
2774 736 2955 796 geistreicher

138 735 237 795 erung
263 736 317 796 und
348 733 392 793 des
417 733 546 793 Wissens

1783 759 1875 819 Weise
1899 764 1922 824 zu
1951 766 2165 826 überraschen;
2180 768 2217 828 sie
2241 768 2287 828 tun
2316 770 2362 830 dem
2400 772 2577 832 Augenblick
2596 775 2690 835 genug
2718 774 2774 834 und
2798 775 2951 835 vermögen

137 777 157 837 h
194 774 344 834 herznahe
376 774 458 834 Welt
490 774 551 834 voll

1773 802 1837 862 noch
1867 804 2059 864 nachträglich
2084 807 2138 867 das
2163 808 2276 868 Gemüt
2301 811 2380 871 und,
2400 812 2444 872 die
2464 812 2617 872 Gedanken
2667 813 2696 873 zu
2741 816 2957 876 beschäftigen;

191 813 369 873 Gesichten,
396 815 459 875 hold
496 815 548 875 und

1774 843 1845 903 ihre
1869 845 2031 905 Handlung
2061 849 2112 909 und
2142 849 2189 909 ihr
2213 852 2323 912 Dialog
2352 852 2543 912 beschwingen
2572 855 2715 915 einander
2744 855 2959 915 wechselweise,

147 855 295 915 Meister.
338 855 401 915 Ein
438 855 551 915 großes

1774 885 1828 945 die
1853 887 2034 947 Charaktere
2060 888 2118 948 sind
2143 891 2305 951 vorzüglich
2335 893 2492 953 erfunden,
2532 894 2610 954 leben
2645 896 2689 956 ihr
2714 897 2831 957 eigenes
2861 897 2949 957 Leben

142 894 195 954 mit
227 896 344 956 Arthur
377 894 547 954 Schnitzlei

1776 927 1836 987 und
1865 927 1962 987 dienen
1995 930 2055 990 doch
2083 930 2139 990 nur
2167 930 2213 990 dem
2251 933 2394 993 Ganzen.
2446 933 2543 993 Wenn
2576 936 2636 996 man
2669 936 2743 996 diese
2767 938 2873 998 Stücke
2902 939 2929 999 au

138 935 280 995 erblichen
311 934 417 994 Werke
444 936 545 996 weiter

1777 965 1830 1025 der
1856 967 1963 1027 Bühne
1988 971 2071 1031 sieht,
2091 971 2139 1031 hat
2169 971 2227 1031 man
2262 971 2311 1031 das
2341 974 2472 1034 Gefühl:
2507 977 2673 1037 derjenige,
2693 974 2737 1034 der
2762 977 2796 1037 sie
2821 977 2952 1037 gemacht

259 974 360 1034 Franz
383 974 506 1034 Werfel

138 1016 154 1076 n
188 1014 255 1074 Tod
284 1013 457 1073 gestorben,
503 1013 547 1073 die

1777 1008 1845 1068 hat,
1865 1010 1899 1070 ist
1924 1012 1973 1072 auf
1998 1011 2046 1071 den
2076 1012 2223 1072 Brettern
2253 1016 2282 1076 zu
2312 1016 2409 1076 Hause
2434 1016 2488 1076 und
2518 1018 2567 1078 hat
2592 1018 2684 1078 keinen
2714 1016 2841 1076 anderen
2871 1018 2954 1078 Ehr¬

1780 1052 1856 1112 geiz,
1872 1049 1914 1109 als
1939 1049 2020 1109 durch
2045 1052 2098 1112 das
2122 1052 2252 1112 Theater
2277 1054 2300 1114 zu
2330 1055 2455 1115 wirken.

145 1055 199 1115 von
240 1055 284 1115 ihm
329 1056 468 1116 gewußt,
493 1055 547 1115 wie

125 1094 170 1154 ne
211 1094 246 1154 am
298 1095 542 1155 gegenwärtigen

1852 1092 2034 1152 Schnitzlers
2064 1094 2275 1154 Erzählungen
2310 1096 2368 1156 sind
2393 1097 2545 1157 lebendig,
2565 1097 2732 1157 spannend:
2777 1097 2811 1157 sie
2856 1100 2944 1160 haben

139 1134 185 1194 die
212 1136 347 1196 Theater
373 1136 461 1196 haben
498 1136 539 1196 ihr

1778 1130 1888 1190 immer
1910 1132 1962 1192 das
1989 1133 2083 1193 nötige
2110 1135 2231 1195 Detail,
2247 1136 2315 1196 aber
2337 1136 2384 1196 nie
2406 1138 2505 1198 zuviel
2521 1139 2632 1199 davon,
2653 1139 2684 1199 sie
2711 1139 2795 1199 haben
2827 1139 2953 1199 Psycho¬

172 1174 271 1234 seiner
308 1174 403 1234 letzten
445 1176 528 1236 Jahr

1780 1171 1873 1231 logie,
1893 1171 1961 1231 aber
1981 1172 2025 1232 die
2050 1174 2236 1234 Psychologie
2261 1174 2344 1234 dient
2369 1177 2428 1237 nur
2453 1179 2535 1239 dazu,
2555 1177 2604 1237 den
2634 1177 2722 1237 Gang
2752 1177 2796 1237 des
2826 1179 2948 1239 Ganzen

137 1215 191 1275 soch
226 1215 340 1275 immer
375 1214 542 1274 andächtige

1770 1210 1802 1270 in
1836 1213 1914 1273 einem
1952 1216 2105 1276 reizenden
2138 1216 2310 1276 Rhythmus
2339 1216 2403 1276 bald
2432 1219 2455 1279 zu
2483 1219 2730 1279 verlangsamen,
2754 1219 2813 1279 bald
2847 1220 2874 1280 zu
2907 1218 2953 1278 be¬

131 1255 150 1315 n
187 1250 279 1310 Else“
315 1252 381 1312 war
412 1255 468 1315 vor
500 1255 540 1315 ein

1777 1253 1977 1313 schleunigen,
1992 1257 2025 1317 sie
2050 1257 2140 1317 stecken
2174 1258 2231 1318 voll
2251 1258 2481 1318 Beobachtung,
2500 1258 2562 1318 aber
2586 1260 2648 1320 auch
2678 1258 2720 1318 die
2740 1262 2950 1322 Beobachtung

134 1294 309 1354 ucherfolg.
354 1297 396 1357 Zu
436 1297 533 1357 seinem

1774 1291 1813 1351 ist
1838 1292 1881 1352 dem
1921 1297 2107 1357 eigentlichen
2137 1298 2210 1358 Reiz
2235 1297 2284 1357 der
2309 1300 2480 1360 Erzählung
2510 1300 2755 1360 untergeordnet.
2790 1302 2872 1362 Man
2902 1303 2951 1363 hat

160 1336 286 1396 gefeiert
312 1336 408 1396 hätte,
434 1336 550 1396 hätten,

1771 1333 1828 1393 das
1857 1336 1985 1396 Gefühl,
2000 1337 2048 1397 daß
2082 1339 2115 1399 sie
2139 1339 2192 1399 von
2221 1339 2302 1399 einem
2345 1339 2440 1399 Mann
2474 1342 2656 1402 herrühren,
2676 1342 2766 1402 dessen
2796 1342 2948 1402 primäres

137 1376 187 1436 nen
223 1376 273 1436 sich
304 1377 400 1437 seiner
431 1377 542 1437 wieder

1777 1374 1891 1434 Talent
1915 1377 1967 1437 das
1996 1377 2111 1437 Talent
2136 1377 2183 1437 des
2207 1380 2370 1440 Erzählers
2399 1380 2499 1440 kurzer
2528 1380 2595 1440 oder
2638 1380 2791 1440 eigentlich
2839 1382 2949 1442 mittel¬

128 1416 260 1476 utlicher
288 1416 470 1476 geworden,
493 1419 542 1479 daß

1771 1415 1883 1475 langer
1904 1419 2114 1479 Erzählungen
2144 1419 2192 1479 ist.
2247 1419 2290 1479 In
2325 1422 2423 1482 beiden
2453 1422 2604 1482 Formen:
2639 1422 2761 1482 Drama
2811 1422 2864 1482 und
2889 1421 2952 1481 Er¬

160 1457 235 1517 daß,
264 1455 324 1515 was
362 1458 395 1518 an
433 1458 526 1518 seinem

1766 1458 1918 1518 zählung,
1938 1460 1967 1520 ist
1987 1461 2016 1521 er
2041 1461 2182 1521 durchaus
2212 1461 2251 1521 ein
2276 1461 2432 1521 Künstler,
2453 1462 2506 1522 und
2531 1461 2589 1521 war
2614 1462 2638 1522 es
2668 1462 2717 1522 vom
2752 1464 2834 1524 ersten
2864 1466 2947 1526 Tage

128 1496 227 1556 teren
253 1497 414 1557 geruhiger
447 1497 545 1557 leben¬

1763 1497 1827 1557 an.
1862 1497 1905 1557 Es
1935 1499 1969 1559 ist
1989 1500 2028 1560 ein
2058 1501 2269 1561 erstaunlicher
2294 1502 2446 1562 Gedanke,
2467 1503 2515 1563 daß
2545 1503 2584 1563 die
2609 1503 2712 1563 kleinen
2747 1506 2859 1566 Szenen
2889 1505 2943 1565 aus

129 1534 198 1594 frd.
236 1538 326 1598 Denn
358 1538 448 1598 dieses
481 1536 534 1596 sein

1778 1536 1827 1596 dem
1868 1537 1952 1597 Leben
1983 1539 2063 1599 einer
2084 1541 2263 1601 erfundenen
2294 1543 2389 1603 Figur
2415 1544 2575 1604 „Anatol",
2596 1544 2640 1604 die
2661 1544 2746 1604 heute
2771 1544 2841 1604 aller
2867 1546 2951 1606 Welt

151 1577 260 1637 Voller
292 1578 542 1638 österreichischer

1777 1577 1801 1637 in
1826 1578 1943 1638 Europa
1973 1580 2027 1640 und
2052 1580 2120 1640 über
2140 1580 2263 1640 Europa
2288 1583 2400 1643 hinaus
2425 1585 2552 1645 geläufig
2578 1585 2626 1645 ist,
2641 1585 2695 1645 und
2720 1586 2783 1646 eine
2803 1586 2900 1646 kurze,
2921 1586 2940 1646 in

148 1616 279 1676 zwischen
316 1617 402 1677 leisem
449 1617 544 1677 Spott

1773 1616 1853 1676 ihrer
1883 1621 1944 1681 Art
1965 1622 2156 1682 vollkommen
2192 1622 2267 1682 reife
2293 1623 2348 1683 und
2379 1625 2575 1685 meisterhafte
2601 1625 2777 1685 Erzählung
2824 1628 2949 1688 „Reich¬

571 1631 626 1691 das
654 1634 852 1694 Todesahnen
887 1637 908 1697 im
947 1637 1129 1697 Augenblick
1152 1637 1196 1697 des
1224 1638 1345 1698 höchsten
1379 1639 1633 1699 Lebensgefühls,
1650 1638 1661 1698 —
1706 1640 1749 1700 die

129 1658 162 1718 n
191 1658 247 1718 und
277 1658 407 1718 ziseliert
436 1658 458 1718 in
493 1658 538 1718 der

1778 1658 1858 1718 tum“
1881 1660 1931 1720 das
1954 1662 2026 1722 erste
2049 1664 2161 1724 waren,
2180 1661 2288 1721 womit
2306 1664 2333 1724 er
2356 1664 2405 1724 vor
2424 1664 2446 1724 so
2469 1664 2559 1724 vielen
2587 1667 2699 1727 Jahren
2727 1667 2911 1727 hervortrat.

570 1676 771 1736 schmerzvolle
795 1676 924 1736 Einsicht
948 1676 972 1736 in
1001 1676 1048 1736 die
1073 1676 1144 1736 tiefe
1169 1678 1369 1738 Unsicherheit
1389 1679 1441 1739 der
1466 1679 1662 1739 menschlichen
1696 1678 1753 1738 Be¬

1846 1702 1910 1762 Ihm
1949 1702 2008 1762 sind
2038 1703 2092 1763 alle
2117 1705 2333 1765 Instrumente
2378 1706 2402 1766 zu
2437 1706 2555 1766 Dienst,
2595 1706 2639 1766 die
2678 1706 2732 1766 das
2772 1708 2949 1768 Handwerk

571 1715 753 1775 ziehungen,
778 1715 802 1775 in
837 1715 885 1775 die
916 1717 1166 1777 Unmöglichkeit,
1186 1715 1229 1775 die
1260 1718 1352 1778 Ferne
1382 1718 1510 1778 zwischen
1545 1720 1657 1780 Mensch
1692 1718 1750 1778 und

136 1736 281 1796 chtvoller
314 1739 483 1799 Erzähler,

1772 1741 1856 1801 einem
1897 1741 2068 1801 erfahrenen
2098 1744 2153 1804 und
2184 1744 2243 1804 sehr
2269 1747 2500 1807 nachdenklichen
2531 1747 2671 1807 Künstler
2717 1747 2741 1807 in
2787 1747 2832 1807 die
2857 1749 2942 1809 Hand

570 1750 688 1810 Mensch
714 1751 744 1811 zu
771 1752 981 1812 überbrücken,
1003 1755 1017 1815 —
1064 1755 1120 1815 und
1147 1754 1301 1814 schließlich
1337 1756 1383 1816 der
1410 1758 1527 1818 Glaube
1559 1759 1589 1819 an
1621 1759 1718 1819 geheim

129 1777 204 1837 Frisch
234 1777 362 1837 schlicht,
386 1780 450 1840 klug
486 1777 537 1837 und

1766 1781 1851 1841 gibt,
1871 1782 1901 1842 um
1942 1783 2022 1843 selbst
2048 1783 2093 1843 den
2129 1786 2275 1846 scheinbar
2305 1789 2512 1849 unergiebigen
2548 1786 2638 1846 Stoff
2660 1787 2734 1847 ganz
2760 1789 2785 1849 zu
2816 1789 2946 1849 bezwin¬

569 1789 706 1849 nisvolle
731 1792 947 1852 Verknüpfung
977 1792 1173 1852 menschlicher
1199 1794 1370 1854 Schicksale.

130 1816 308 1876 rgreifend,
333 1819 411 1879 mehr
442 1819 525 1879 gütig

1777 1822 1824 1882 gen
1853 1824 1905 1884 und
1934 1825 1977 1885 der
2006 1825 2145 1885 Materie
2164 1828 2245 1888 ihren
2274 1828 2394 1888 inneren
2423 1828 2566 1888 Reichtum
2605 1831 2628 1891 zu
2658 1829 2815 1889 entlocken.
2834 1831 2939 1891 Keines

638 1829 804 1889 Schnitzler
825 1831 888 1891 war
908 1831 1025 1891 Dichter
1046 1831 1099 1891 und
1124 1833 1212 1893 Arzt:
1233 1833 1325 1893 Seine
1351 1835 1610 1895 militärärztliche
1630 1834 1747 1894 Charge

131 1857 174 1917 nd
213 1858 324 1918 immer
358 1858 401 1918 ein
441 1858 537 1918 wenig

565 1867 624 1927 hat
646 1867 678 1927 er
705 1868 802 1928 wegen
840 1870 888 1930 der
921 1870 1044 1930 Novelle
1072 1872 1233 1932 Leutnant
1256 1873 1363 1933 Gustel
1390 1873 1546 1933 verloren,
1573 1875 1637 1935 aber
1665 1873 1745 1933 seine
1779 1867 1870 1927 davon
1897 1866 2058 1926 gebraucht
2080 1867 2112 1927 er
2140 1867 2193 1927 mit
2215 1867 2361 1927 größerer
2394 1867 2447 1927 und
2474 1869 2662 1929 reizvollerer
2684 1870 2872 1930 Virtuosität
2900 1870 2942 1930 als

132 1900 153 1960 n
192 1897 318 1957 Technik
346 1897 401 1957 von
435 1898 528 1958 Ibsen
561 1909 710 1969 ärztliche
732 1909 853 1969 Praxis
881 1909 936 1969 hat
964 1909 991 1969 er
1019 1911 1173 1971 eigentlich
1201 1912 1250 1972 nie
1278 1913 1481 1973 aufgegeben,
1504 1912 1558 1972 und
1587 1912 1614 1972 in
1653 1913 1724 1973 seine

1777 1903 1821 1963 die
1841 1906 1968 1966 Ironie.
2003 1908 2046 1968 Je
2071 1906 2174 1966 kühner
2199 1906 2228 1966 er
2253 1908 2321 1968 diese
2346 1909 2517 1969 anwendet,
2533 1909 2557 1969 je
2582 1909 2660 1969 mehr
2685 1910 2714 1970 er
2739 1912 2827 1972 seinen
2857 1911 2949 1971 Stoff

131 1936 215 1996 an
254 1938 301 1998 die
330 1938 457 1998 Grenze
490 1938 537 1998 des

1776 1941 1829 2001 und
1859 1945 1927 2005 seine
1953 1947 2070 2007 Motive
2100 1947 2153 2007 mit
2173 1947 2217 2007 ihr
2237 1947 2266 2007 in
2291 1950 2334 2010 die
2355 1950 2437 2010 Enge
2462 1950 2565 2010 treibt,
2585 1950 2653 2010 desto
2678 1950 2776 2010 weiter
2801 1953 2942 2013 erscheint

564 1945 642 2005 Art,
657 1947 908 2007 Seelenzustände
932 1950 955 2010 zu
983 1948 1118 2008 schildern
1146 1950 1202 2010 und
1225 1950 1248 2010 zu
1277 1950 1439 2010 ergründen
1473 1950 1505 2010 ist
1524 1953 1630 2013 immer
1650 1953 1742 2013 etwas

151 1977 201 2037 der
227 1980 334 2040 großen
366 1980 524 2040 Romanen

565 1985 810 2045 sezierererisches
840 1986 985 2046 gewesen.
1026 1986 1085 2046 Der
1111 1989 1346 2049 Psychoanalyse
1372 1990 1441 2050 aber
1467 1991 1517 2051 hat
1542 1991 1587 2051 er,
1602 1991 1742 2051 genialer
1774 1986 2029 2046 paradoxerweise
2054 1989 2109 2049 sein
2135 1989 2269 2049 geistiger
2295 1991 2460 2051 Horizont.
2511 1990 2555 2050 So
2586 1992 2680 2052 würde
2706 1993 2741 2053 ich
2766 1994 2871 2054 sagen,
2892 1995 2936 2055 daß

128 2019 280 2079 wahrhaft
311 2016 351 2076 ein
387 2018 534 2078 Schöpfer

567 2025 898 2085 Seelendiagnostiker,
920 2027 967 2087 der
988 2028 1019 2088 er
1046 2028 1125 2088 war,
1141 2030 1277 2090 klassische
1304 2028 1451 2088 Beispiele
1478 2028 1593 2088 vorweg
1620 2030 1746 2090 genom=
1779 2025 1867 2085 neben
1894 2028 1941 2088 der
1973 2028 2157 2088 „Liebelei",
2173 2030 2215 2090 die
2242 2031 2304 2091 eine
2331 2032 2441 2092 Arbeit
2463 2034 2515 2094 von
2542 2034 2620 2094 ganz
2663 2035 2788 2095 einziger
2815 2034 2878 2094 Art
2900 2038 2946 2098 ist,

132 2058 386 2118 Beschwingtheit
443 2058 539 2118 seiner

571 2062 637 2122 men

1768 2067 1872 2127 einige
1897 2069 1987 2129 seiner
2011 2070 2121 2130 kleinen
2150 2071 2340 2131 Kunstwerke
2365 2069 2374 2129 —
2418 2073 2627 2133 Erzählungen
2657 2074 2723 2134 oder
2748 2073 2881 2133 Dramen
2915 2073 2923 2133 —

129 2097 158 2157 lt
189 2098 248 2158 und
278 2097 458 2157 Elastizität
488 2097 535 2157 des

642 2098 737 2158 Seire
764 2103 1000 2163 Menschlichkeit
1033 2103 1064 2163 ist
1091 2103 1196 2163 denen,
1223 2104 1265 2164 die
1292 2103 1339 2163 ihn
1371 2105 1444 2165 nicht
1471 2106 1629 2166 persönlich
1656 2109 1724 2169 kann

1769 2107 1853 2167 durch
1884 2109 1929 2169 den
1960 2111 2075 2171 Fauber
2105 2111 2150 2171 der
2176 2112 2291 2172 Ironie
2317 2112 2362 2172 als
2388 2114 2432 2174 die
2453 2115 2568 2175 größten
2599 2115 2779 2175 erscheinen.
2830 2115 2935 2175 Ihnen

134 2138 325 2198 ituationen.

538 2141 632 2201 ten,
653 2141 778 2201 ziemlich
809 2141 904 2201 fremd
934 2141 1104 2201 geblieben.
1150 2141 1195 2201 Er
1221 2144 1315 2204 liebte
1341 2144 1386 2204 die
1416 2145 1657 2205 Oeffentlichkeit
1688 2147 1742 2207 und

1781 2149 1850 2209 allen
1874 2148 1950 2208 wohn
1990 2150 2066 2210 nicht
2091 2150 2144 2210 nur
2168 2152 2206 2212 die
2230 2153 2407 2213 Andeutung
2431 2156 2516 2216 inne,
2532 2156 2577 2216 daß
2609 2156 2655 2216 der
2679 2156 2825 2216 Schöpfer
2849 2156 2934 2216 dieser

1795 2240 1905 2300 kleinen
1931 2240 2035 2300 Welten
2068 2240 2146 2300 mehr
2166 2240 2217 2300 von
2244 2240 2289 2300 der
2316 2243 2394 2303 Welt
2414 2243 2505 2303 weiß,
2519 2243 2563 2303 als
2590 2243 2616 2303 er
2636 2244 2661 2304 zu
2688 2243 2772 2303 sagen
2799 2243 2902 2303 vorhat

1787 2282 1853 2342 dies
1880 2282 1915 2342 ist
1936 2283 1972 2343 ein
1998 2283 2209 2343 gewöhnlicher
2231 2283 2333 2343 Reflex
2360 2284 2427 2344 aller
2443 2282 2555 2342 Ironie
2571 2283 2617 2343 —,
2628 2285 2747 2345 sondern
2778 2285 2839 2345 auch
2866 2283 2953 2343 dieses

1795 2321 1981 2381 Besondere:
2006 2324 2069 2384 man
2104 2324 2191 2384 ahnt,
2231 2324 2260 2384 er
2290 2324 2368 2384 hätte
2398 2324 2461 2384 noch
2491 2325 2569 2385 mehr
2613 2324 2666 2384 und
2696 2324 2843 2384 vielleicht
2888 2323 2951 2383 noch

1793 2362 1952 2422 Stärkeres
1984 2364 2009 2424 zu
2036 2362 2139 2422 geben,
2160 2364 2201 2424 als
2233 2364 2274 2424 ihm
2316 2362 2413 2422 bisher
2440 2366 2465 2426 zu
2492 2363 2574 2423 geben
2606 2364 2724 2424 gefallen
2751 2364 2802 2424 hat
2823 2363 2890 2423 oder
2911 2363 2957 2423 ge¬

1794 2404 1893 2464 stattet
1918 2405 1994 2465 war.
2033 2404 2128 2464 Unter
2157 2406 2242 2466 diesen
2277 2405 2453 2465 Umständen
2487 2404 2554 2464 kann
2588 2404 2650 2464 man
2679 2404 2755 2464 nicht
2780 2404 2827 2464 vom
2870 2403 2956 2463 Alter

1793 2444 1876 2504 eines
1898 2446 1998 2506 solchen
2030 2446 2182 2506 Menschen
2209 2446 2356 2506 sprechen,
2378 2446 2441 2506 denn
2473 2446 2499 2506 es
2526 2446 2557 2506 ist
2579 2444 2720 2504 durchaus
2747 2445 2884 2505 möglich,
2900 2446 2952 2506 daß

1789 2485 1835 2545 ein
1866 2487 1969 2547 solcher
1995 2487 2046 2547 von
2078 2488 2159 2548 einem
2196 2488 2273 2548 Teil
2299 2488 2386 2548 seiner
2412 2488 2515 2548 Kräfte
2541 2488 2602 2548 noch
2634 2487 2767 2547 niemals
2794 2486 2948 2546 sichtbaren

1787 2527 1945 2587 Gebrauch
1972 2527 2105 2587 gemacht
2127 2527 2179 2587 und
2206 2527 2274 2587 auch
2317 2527 2402 2587 einen
2429 2529 2502 2589 Teil
2524 2527 2613 2587 seiner
2640 2528 2762 2588 Jugend
2805 2526 2952 2586 irgendwo

1792 2567 2025 2627 zurückbehalten
2056 2567 2121 2627 oder
2148 2568 2310 2628 verborgen
2341 2568 2401 2628 hat.

1870 2610 1957 2670 Diese
1977 2610 2052 2670 letzte
2077 2610 2234 2670 Hoffnung
2259 2610 2296 2670 ist
2316 2608 2428 2668 freilich
2454 2607 2529 2667 nicht
2548 2607 2573 2667 in
2598 2607 2767 2667 Erfüllung
2793 2608 2955 2668 gegangen:

1789 2652 1853 2712 nach
1884 2652 1934 2712 dem
1976 2653 2131 2713 tragischen
2167 2651 2288 2711 Freitod
2319 2649 2409 2709 seiner
2440 2649 2545 2709 jungen
2582 2649 2702 2709 Tochter
2728 2649 2783 2709 vor
2809 2649 2853 2709 ein
2884 2648 2959 2708 paar

1790 2696 1906 2756 Jahren
1959 2694 2027 2754 war
2070 2692 2149 2752 seine
2197 2691 2403 2751 Lebenskraft
2446 2691 2599 2751 gebrochen
2652 2690 2709 2750 und
2757 2688 2810 2748 sein
2858 2688 2958 2748 letzter

1792 2738 1901 2798 großer
1925 2735 2040 2795 Roman
2069 2734 2230 2794 „Therese,
2243 2732 2381 2792 Chronik
2400 2731 2480 2791 eines
2504 2728 2775 2788 Frauenlebens",
2798 2726 2855 2786 war
2879 2729 2954 2789 schon

1791 2777 1830 2837 ein
1860 2774 1978 2834 müdes,
1998 2774 2051 2834 und
2077 2774 2101 2834 in
2131 2774 2204 2834 aller
2229 2771 2524 2831 Formvollendung,
2544 2769 2647 2829 mattes
2677 2765 2780 2825 Werk.

1871 2816 1967 2876 Seine
1990 2813 2137 2873 Stellung
2166 2813 2189 2873 in
2218 2813 2262 2873 der
2291 2813 2438 2873 Dichtung
2467 2813 2518 2873 und
2547 2812 2569 2872 in
2597 2812 2648 2872 der
2672 2813 2739 2873 Zeit
2762 2811 2807 2871 hat
2831 2810 2858 2870 er
2881 2809 2965 2869 selbst

1785 2859 1951 2919 gezeichnet
1974 2855 2028 2915 mit
2051 2855 2095 2915 den
2129 2855 2233 2915 Versen
2267 2855 2289 2915 in
2318 2855 2367 2915 dem
2401 2854 2545 2914 Einakter
2567 2852 2788 2912 „Paracelsus"

1963 2894 2020 2954 „Es
2049 2895 2158 2955 fließen
2188 2894 2369 2954 ineinander
2394 2894 2499 2954 Traum
2538 2892 2590 2952 und
2614 2892 2733 2952 Wacher

1967 2935 2126 2995 Wahrheit
2149 2935 2203 2995 und
2231 2935 2324 2995 Lüge.
2358 2932 2534 2992 Sicherheit
2556 2932 2589 2992 ist
2612 2932 2771 2992 nirgends.

1965 2974 2028 3034 Wir
2053 2975 2146 3035 wissen
2176 2977 2264 3037 nichts
2294 2976 2342 3036 vom
2377 2974 2509 3034 andern,
2529 2972 2617 3032 nichts
2642 2972 2690 3032 von
2720 2974 2793 3034 uns,

1964 3014 2028 3074 Wir
2056 3019 2158 3079 spielen
2185 3016 2315 3076 immer;
2332 3016 2391 3076 wer
2413 3016 2439 3076 es
2468 3016 2559 3076 weiß,
2576 3015 2608 3075 ist
2625 3014 2705 3074 klug.

2152 3138 2359 3198 Schnitzlers
2392 3135 2599 3195 Begräbnis

1868 3199 1935 3259 Das
1964 3200 2026 3260 „B.
2049 3195 2099 3255 T."
2128 3194 2263 3254 berichtet
2286 3195 2342 3255 aus
2376 3195 2477 3255 Wien:
2501 3194 2590 3254 Still,
2614 3192 2681 3252 aber
2710 3194 2861 3254 ungemein
2902 3190 2963 3250 ein¬

1783 3240 1960 3300 drucksvoll,
1986 3237 2099 3297 vollzog
2134 3237 2178 3297 sich
2214 3237 2297 3297 heute
2332 3234 2386 3294 das
2421 3234 2589 3294 Begräbnis
2629 3234 2742 3294 Arthur
2778 3232 2969 3292 Schnitzlers.

1793 3281 1832 3341 In
1868 3277 1918 3337 der
1949 3279 2024 3339 Villa
2060 3278 2110 3338 des
2146 3276 2261 3336 Dichter
2292 3276 2383 3336 waren
2419 3276 2499 3336 nebst
2525 3276 2569 3336 der
2596 3275 2726 3335 Familie
2757 3276 2802 3336 die
2828 3273 2963 3333 Freunde

1789 3318 1836 3378 des
1865 3320 1975 3380 Hauses
2004 3316 2210 3376 versammelt.
2249 3315 2305 3375 Die
2335 3315 2426 3375 Leiche
2460 3315 2516 3375 war
2546 3315 2564 3375 im
2608 3315 2833 3375 Schlafzimmer
2862 3313 2962 3373 aufge¬

1786 3357 1886 3417 bahrt.
1920 3358 1968 3418 Am
2007 3356 2089 3416 Fuße
2113 3356 2161 3416 des
2185 3354 2324 3414 einfachen
2358 3353 2522 3413 Holzsarges
2547 3353 2628 3413 lagen
2657 3353 2806 3413 Blumen,
2821 3353 2965 3413 darunter

1789 3398 1833 3458 ein
1864 3398 1964 3458 Kranz
1989 3396 2029 3456 des
2060 3395 2295 3455 Burgtheaters.
2326 3395 2391 3455 Der
2416 3395 2576 3455 Leichenzug
2602 3394 2667 3454 fuhr
2693 3392 2722 3452 am
2763 3393 2963 3453 Burgtheaten

1784 3436 1889 3496 vorbei
1920 3437 1970 3497 zum
2022 3434 2179 3494 Friedhof.
2225 3437 2305 3497 Dort
2341 3434 2438 3494 hatten
2479 3434 2524 3494 sich
2555 3431 2712 3491 zahlreiche
2748 3431 2970 3491 Schriftsteller,

1788 3476 1942 3536 Vertreter
1970 3473 2017 3533 des
2045 3473 2450 3533 Unterrichtsministeriums
2479 3473 2530 3533 und
2563 3473 2609 3533 des
2638 3473 2800 3533 erkrankten
2834 3471 2950 3531 Bürger

1795 3515 1942 3575 meisters,
1962 3514 2059 3574 ferner
2089 3513 2162 3573 viele
2183 3516 2368 3576 „Mitglieder
2398 3515 2442 3575 des
2477 3513 2707 3573 Burgtheaters,
2732 3515 2775 3575 des
2805 3513 2961 3573 Deutschen

1789 3553 2009 3613 Volkstheaters
2048 3553 2105 3613 und
2139 3553 2263 3613 anderer
2293 3553 2422 3613 Bühnen
2456 3553 2667 3613 eingefunden.
2715 3553 2758 3613 In
2797 3553 2844 3613 der
2878 3553 2950 3613 Zere

1790 3595 1994 3655 monienhalle
2028 3594 2120 3654 sprach
2158 3592 2195 3652 ein
2232 3592 2353 3652 Kantor
2386 3592 2423 3652 ein
2461 3592 2568 3652 Gebet,
2596 3592 2712 3652 worauf
2741 3592 2787 3652 der
2820 3593 2903 3653 Sarg
2936 3590 2963 3650 zu

1792 3634 1892 3694 Grabe
1921 3634 2054 3694 getragen
2093 3631 2207 3691 wurde.
2251 3631 2313 3691 Dem
2356 3631 2494 3691 Wunsche
2519 3631 2566 3691 des
2600 3631 2805 3691 Verblichenen
2839 3632 2968 3692 entspre¬

1791 3673 1873 3733 chend
1901 3673 2014 3733 wurden
2047 3673 2124 3733 keine
2152 3673 2247 3733 Reden
2280 3672 2430 3732 gehalten.

2107 3729 2233 3789 Nachlaß
2271 3729 2323 3789 und
2356 3729 2429 3789 letzte
2456 3731 2651 3791 Verfügung.

1860 3777 1927 3837 Wie
1951 3779 1999 3839 der
2028 3778 2110 3838 Sohn
2149 3777 2192 3837 des
2226 3777 2424 3837 verstorbenen
2458 3777 2578 3837 Wiener
2608 3777 2815 3837 Dramatikers
2849 3780 2964 3840 Arthur

1793 3818 1953 3878 Schnitzler
1979 3819 2114 3879 mitteilt,
2135 3819 2185 3879 hat
2211 3818 2236 3878 er
2266 3817 2286 3877 im
2327 3819 2452 3879 Nachlaß
2483 3816 2574 3876 seines
2599 3819 2709 3879 Vaters
2735 3819 2871 3879 folgende
2896 3819 2966 3879 Ver¬

1798 3858 1941 3918 fügungen
1975 3858 2190 3918 vorgefunden:
2214 3858 2491 3918 „Bestimmungen,
2512 3857 2554 3917 die
2574 3857 2611 3917 ich
2641 3858 2721 3918 gleich
2751 3858 2813 3918 nach
2842 3858 2951 3918 meinem

1789 3897 1922 3957 Ableben
1956 3897 1979 3957 zu
2013 3897 2132 3957 erfüllen
2166 3897 2251 3957 bitte:
2276 3897 2428 3957 Herzstich.
2467 3897 2557 3957 Keine
2581 3897 2709 3957 Kränze.
2748 3897 2843 3957 Keine
2872 3897 2962 3957 Parte

1794 3935 2101 3995 (schwarzumrahmte
2130 3935 2469 3995 Trauerkundgebung),
2493 3935 2554 3995 auch
2587 3935 2614 3995 in
2652 3936 2698 3996 der
2726 3935 2852 3995 Zeitung
2885 3935 2973 3995 nicht.

1798 3977 1969 4037 Begräbnis
1994 3977 2081 4037 letzter
2107 3974 2214 4034 Klasse.
2254 3974 2317 4034 Das
2342 3976 2420 4036 durch
2450 3975 2611 4035 Befolgung
2636 3974 2724 4034 dieser
2749 3978 2959 4038 Verfügungen

1792 4016 1943 4076 erübrigte
1973 4016 2046 4076 Geld
2071 4016 2105 4076 ist
2130 4015 2351 4075 Spitalzwecken
2381 4016 2582 4076 zuzuwenden.
2621 4016 2714 4076 Keine
2739 4016 2851 4076 Reden.
2886 4015 2969 4075 Ver¬

1801 4057 1936 4117 meidung
1960 4058 2030 4118 allen
2060 4058 2118 4118 ritu
2137 4056 2190 4116 llen
2220 4057 2384 4117 Beiwerks.
2420 4056 2514 4116 Keine
2538 4056 2650 4116 Trauer
2674 4058 2774 4118 tragen
2804 4058 2868 4118 nach
2892 4056 2962 4116 mei¬

1814 4156 1871 4216 nem
1908 4156 1985 4216 Tode
2012 4152 2022 4212 —
2069 4150 2184 4210 absolut
2205 4147 2298 4207 keine"

2657 4177 2765 4237 Flucht
2786 4174 2813 4234 in
2841 4173 2881 4233 dic
