3436 4352
630 267 767 327 Extract
785 264 853 324 from

633 407 856 467 Everyman

630 461 843 521 LONDON

775 586 859 646 1.
871 586 964 646 1931

413 804 781 864 Arthur
859 822 1395 882 Schnitzler
1473 829 1535 889 by
1577 840 1754 900 Hetty
1807 846 2124 906 Landstone

606 910 689 970 Dr.
708 915 853 975 Arthur
883 920 1125 980 Schnitzler,
1144 927 1204 987 the
1229 928 1409 988 Viennese
1434 936 1664 996 dramatist,
1682 941 1760 1001 died
1791 945 1863 1005 last
1888 945 1972 1005 week

977 1021 1088 1081 HAD
1176 1028 1246 1088 the

1293 1028 1353 1088 term
1406 1034 1557 1094 invented
1595 1037 1632 1097 by
1666 1040 1755 1100 him,
1779 1041 1883 1101 which
1921 1043 1945 1103 is
1978 1048 2120 1108 difficuit
2149 1052 2176 1112 to

946 1069 1160 1129 privilege
1208 1073 1254 1133 of

1303 1074 1471 1134 translate,
1500 1082 1649 1142 meaning
1682 1085 1818 1145 literally
1851 1085 1864 1145 “
1888 1088 1991 1148 sweet
2020 1092 2085 1152 girl

902 1111 1087 1171 Kvisiting
1112 1118 1249 1178 Arthur

1335 1118 1410 1178 best
1437 1121 1526 1181 girl.”
1584 1126 1654 1186 The
1687 1129 1814 1189 nearest
1834 1133 2014 1193 prototype
2040 1136 2071 1196 to
2104 1139 2128 1199 it
2155 1139 2180 1199 is

897 1158 1121 1218 Schnitzler
1177 1162 1251 1222 last

1305 1162 1440 1222 perhaps
1463 1167 1508 1227 the
1531 1169 1703 1229 midinette
1726 1172 1758 1232 of
1776 1174 1875 1234 Paris.
1922 1177 1953 1237 It
1972 1177 2034 1237 was
2053 1183 2170 1243 alleged

895 1202 1065 1262 summer,
1108 1204 1146 1264 at
1198 1206 1248 1266 his

1297 1207 1338 1267 by
1367 1207 1417 1267 the
1450 1212 1659 1272 Antisemites
1688 1217 1757 1277 that
1781 1219 1818 1279 he
1846 1219 1906 1279 had
1939 1222 1994 1282 not
2023 1224 2097 1284 only
2125 1228 2153 1288 in

897 1246 1063 1306 beautiful
1121 1250 1245 1310 private

1296 1251 1406 1311 vented
1438 1255 1490 1315 the
1517 1258 1619 1318 term,
1637 1259 1694 1319 but
1716 1260 1777 1320 also
1804 1265 1924 1325 created
1955 1267 2007 1327 the
2034 1270 2127 1330 type,
2145 1274 2175 1334 as

888 1290 991 1350 house
1018 1294 1058 1354 on
1090 1294 1144 1354 the
1171 1296 1229 1356 out

1297 1294 1347 1354 the
1381 1298 1454 1358 girls
1488 1300 1520 1360 of
1553 1303 1674 1363 Vienna
1707 1306 1865 1366 modelled
1903 1311 2098 1371 themselves
2131 1315 2168 1375 on

895 1336 992 1396 skirts
1032 1336 1066 1396 of
1111 1339 1233 1399 Vienna

1295 1342 1344 1402 the
1381 1342 1530 1402 heroines
1567 1344 1603 1404 of
1631 1347 1716 1407 their
1749 1353 1907 1413 favourite
1944 1356 2062 1416 author
2099 1360 2166 1420 with

894 1379 999 1439 where
1037 1381 1073 1441 he
1110 1383 1188 1443 lived
1225 1386 1239 1446 a

1298 1383 1379 1443 their
1400 1388 1481 1448 light
1497 1391 1547 1451 and
1578 1392 1644 1452 easy
1670 1395 1802 1455 morais.

893 1422 1006 1482 quiet,
1021 1425 1093 1485 well
1107 1428 1240 1488 ordered

1338 1443 1438 1503 While
1469 1448 1595 1508 writing
1626 1451 1661 1511 of
1687 1452 1737 1512 the
1768 1455 1869 1515 smart
1894 1458 1959 1518 set,
1981 1461 2036 1521 the
2062 1464 2167 1524 young

891 1467 970 1527 life,
1001 1471 1115 1531 alone.

1294 1488 1408 1548 author
1435 1491 1496 1551 was
1519 1494 1677 1554 naturally
1708 1499 1836 1559 moving
1863 1503 1978 1563 among
2000 1506 2070 1566 them
2110 1509 2167 1569 and

889 1515 1075 1575 daughter,
1085 1515 1094 1575 a
1115 1517 1231 1577 beauti

1294 1530 1364 1590 with
1387 1536 1487 1596 them.
1532 1536 1580 1596 He
1602 1539 1659 1599 was
1681 1542 1786 1602 looked
1813 1545 1892 1605 upon
1915 1547 1940 1607 as
1959 1547 1971 1607 a
1989 1547 2055 1607 man
2073 1550 2174 1610 about

889 1556 942 1616 ful
980 1559 1044 1619 girl
1077 1559 1136 1619 and
1185 1562 1238 1622 the

1292 1574 1374 1634 town
1392 1579 1447 1639 and
1466 1580 1497 1640 an
1521 1583 1694 1643 exquisite,
1704 1586 1795 1646 while
1819 1589 1864 1649 few
1892 1592 2111 1652 remembered
2134 1597 2175 1657 his

892 1601 993 1661 apple

1060 1604 1104 1664 of

1288 1619 1360 1679 race
1378 1622 1410 1682 or
1428 1623 1473 1683 his
1492 1627 1614 1687 origin.
1656 1630 1751 1690 After
1769 1633 1887 1693 writing
1915 1637 2001 1697 some
2020 1639 2114 1699 thirty
2138 1643 2169 1703 or

886 1646 1022 1706 father's
1057 1647 1134 1707 eye,
1164 1649 1232 1709 who

1282 1667 1366 1727 forty
1394 1667 1506 1727 novels
1530 1670 1586 1730 and
1620 1673 1727 1733 plays,
1747 1677 1882 1737 running
1911 1681 1953 1741 up
1981 1682 2042 1742 and
2070 1684 2164 1744 down

886 1691 981 1751 made
1005 1691 1013 1751 a
1041 1691 1104 1751 love
1132 1694 1231 1754 match

1288 1711 1340 1771 the
1374 1711 1474 1771 whole
1503 1715 1617 1775 gamut
1642 1718 1679 1778 of
1704 1718 1775 1778 love
1804 1723 1861 1783 and
1895 1724 1947 1784 the
1976 1728 2104 1788 senses,
2129 1730 2162 1790 he

891 1736 1017 1796 against
1037 1736 1083 1796 his
1107 1738 1224 1798 wishes

444 1750 575 1810 Arthur
596 1753 784 1813 Schnitzler

1282 1753 1446 1813 suddenly
1470 1759 1653 1819 astonished
1682 1763 1738 1823 and
1766 1766 1941 1826 clectrified
1969 1769 2016 1829 his
2040 1773 2171 1833 follow¬

889 1777 959 1837 died
1012 1780 1101 1840 three
1150 1781 1239 1841 years

1285 1798 1333 1858 ing
1370 1799 1439 1859 with
1477 1803 1546 1863 Weg
1579 1807 1626 1867 ins
1653 1807 1802 1867 Freie—“
1829 1808 1898 1868 The
1931 1813 2015 1873 Road
2053 1817 2079 1877 to
2117 1819 2164 1879 the

346 1819 423 1879 ago,
451 1821 551 1881 under
579 1822 679 1882 tragic
712 1825 985 1885 circumstances.
1027 1825 1091 1885 His
1119 1827 1196 1887 son,
1219 1828 1228 1888 a

1287 1843 1414 1903 Open,”
1444 1846 1453 1906 a
1483 1849 1552 1909 long
1577 1852 1694 1912 novel,
1714 1854 1832 1914 mostly
1862 1857 2009 1917 autobio«
2039 1863 2170 1923 aphical

353 1861 405 1921 film
444 1864 550 1924 actor,
560 1864 583 1924 is
608 1866 747 1926 working
772 1870 795 1930 in
820 1867 1041 1927 Hollywood.

1282 1888 1311 1948 in
1341 1888 1355 1948 a
1385 1891 1498 1951 setting
1533 1893 1567 1953 of
1592 1896 1744 1956 religious
1769 1900 1828 1960 and
1858 1903 1961 1963 social
1986 1906 2152 1966 problems

392 1909 579 1969 Schnitzler
607 1910 668 1970 was
687 1912 701 1972 a
725 1914 892 1974 charming
921 1915 1140 1975 personality,
1160 1916 1224 1976 with

1288 1933 1425 1993 painting
1475 1936 1543 1996 with
1588 1938 1602 1998 a
1647 1940 1720 2000 sure
1760 1944 1819 2004 pen
1863 1948 2050 2008 Christian,
2085 1953 2138 2013 Jew

347 1953 525 2013 beautiful,
549 1956 703 2016 sensitive
737 1959 863 2019 hands,
887 1957 938 2017 the
976 1956 1079 2016 hands
1112 1959 1145 2019 of
1178 1961 1229 2021 the

1275 1977 1408 2037 Zionist
1438 1980 1497 2040 and
1537 1986 1749 2046 Antisemite,
1779 1989 1833 2049 and
1873 1992 1956 2052 their
1992 1996 2163 2056 divergent

342 1997 435 2057 artist
453 1998 510 2058 and
538 1998 586 2058 the
609 2001 769 2061 surgeon,
787 2003 854 2063 that
872 2001 1023 2061 attracted
1055 2003 1103 2063 the
1126 2005 1228 2065 atten¬

1283 2019 1404 2079 views.

349 2041 414 2101 tion
456 2040 530 2100 even
568 2043 605 2103 of
638 2046 819 2106 strangers.
862 2046 954 2106 The.
974 2046 1038 2106 lock
1081 2047 1113 2107 of
1151 2051 1234 2111 hair,

1319 2073 1368 2133 On
1403 2073 1457 2133 the
1487 2078 1575 2138 same
1610 2081 1688 2141 lines
1723 2082 1747 2142 is
1777 2085 1934 2145 Professor
1969 2092 2151 2152 Bernhardi

350 2086 490 2146 hanging
516 2088 606 2148 down
632 2091 682 2151 the
707 2091 828 2151 middle
849 2091 883 2151 of
904 2091 949 2151 his
975 2091 1146 2151 forehead,
1162 2094 1231 2154 that

1279 2118 1441 2178 produced
1481 2122 1510 2182 in
1550 2125 1647 2185 1911,
1678 2127 1775 2187 which
1816 2131 1884 2191 ells
1919 2134 1953 2194 of
1983 2136 2036 2196 the
2072 2138 2150 2198 clash

347 2131 404 2191 had
433 2131 510 2191 been
540 2134 669 2194 famous
694 2136 723 2196 in
752 2136 804 2196 the
824 2136 843 2196 “
868 2136 944 2196 Café
974 2136 1103 2196 Europa
1162 2137 1224 2197 and

1278 2159 1419 2219 between
1450 2165 1498 2225 the
1525 2167 1635 2227 Jewish
1670 2173 1780 2233 doctor
1803 2174 1833 2234 at
1855 2174 1868 2234 a
1900 2177 2053 2237 Viennese
2080 2180 2155 2240 hos¬

347 2176 391 2236 all
411 2174 489 2234 over
519 2178 661 2238 Vienna,
681 2180 769 2240 when
800 2182 824 2242 it
849 2181 912 2241 was
942 2183 1021 2243 pure
1046 2183 1143 2243 gold,
1163 2183 1222 2243 was

1275 2208 1358 2268 pital
1373 2207 1432 2267 and
1457 2210 1467 2270 a
1492 2213 1639 2273 Catholic
1664 2216 1777 2276 priest,
1792 2219 1860 2279 each
1891 2222 1983 2282 doing
2008 2225 2057 2285 his
2078 2226 2150 2286 duty

341 2219 402 2279 now
440 2222 569 2282 turning
598 2222 626 2282 to
655 2222 769 2282 silver.

1266 2251 1444 2311 according
1474 2255 1503 2315 to
1534 2255 1583 2315 his
1613 2261 1682 2321 own
1717 2263 1831 2323 lights.
1876 2264 1959 2324 This
1990 2269 2059 2329 play
2094 2273 2157 2333 was

391 2265 440 2325 He
465 2264 524 2324 was
545 2267 588 2327 the
609 2268 663 2328 son
688 2270 722 2330 of
742 2270 752 2330 a
772 2270 881 2330 throat
901 2270 1078 2330 specialist,
1098 2272 1153 2332 and
1178 2272 1226 2332 his

1273 2295 1427 2355 censored
1454 2297 1490 2357 at
1509 2299 1581 2359 first
1604 2303 1626 2363 in
1659 2306 1808 2366 Austria,
1827 2309 1926 2369 owing
1959 2311 1985 2371 to
2014 2313 2049 2373 its
2077 2314 2149 2374 sup¬

346 2309 481 2369 brother
510 2311 532 2371 is
561 2312 631 2372 still
654 2312 663 2372 a
696 2315 826 2375 famous
855 2315 990 2375 surgeon
1028 2316 1051 2376 in
1088 2317 1228 2377 Vienna.

1275 2338 1365 2398 posed
1411 2344 1650 2404 disrespectful
1683 2350 1859 2410 treatment
1896 2353 1932 2413 of
1968 2355 2018 2415 the
2059 2358 2145 2418 State

336 2353 388 2413 He
428 2354 567 2414 himself
602 2356 664 2416 was
693 2359 843 2419 brought
868 2360 906 2420 up
940 2359 968 2419 to
1003 2359 1056 2419 the
1085 2359 1229 2419 medical

1271 2383 1424 2443 religion.
1467 2389 1499 2449 It
1537 2389 1592 2449 has
1630 2391 1709 2451 been
1751 2395 1937 2455 performed
1980 2401 2007 2461 in
2054 2405 2147 2465 many

344 2398 542 2458 profession,
575 2399 631 2459 and
681 2402 813 2462 became
854 2404 889 2464 an
929 2404 1031 2464 Army
1076 2405 1203 2465 Medica

1271 2428 1443 2488 languages
1467 2433 1510 2493 all
1525 2434 1601 2494 over
1626 2437 1754 2497 Europe
1779 2440 1831 2500 and
1860 2442 1893 2502 an
1923 2445 2051 2505 English
2080 2447 2152 2507 ver¬

337 2443 481 2503 Officer.
533 2444 641 2504 While
673 2449 853 2509 occupying
890 2449 957 2509 this
989 2449 1148 2509 position,
1175 2452 1216 2512 he

1266 2471 1330 2531 sion
1368 2473 1406 2533 by
1439 2479 1560 2539 myself
1588 2480 1644 2540 has
1673 2482 1751 2542 been
1785 2485 1957 2545 published
1991 2490 2051 2550 and
2089 2493 2149 2553 was

336 2485 435 2545 wrote
459 2490 645 2550 Lieutenant
668 2492 777 2552 Gustl,
792 2494 805 2554 a
828 2494 928 2554 biting
956 2494 1087 2554 censure
1111 2494 1142 2554 of
1165 2495 1210 2555 the

1279 2516 1415 2576 recently
1442 2523 1597 2583 produced
1633 2527 1666 2587 by
1693 2528 1701 2588 a
1729 2530 1857 2590 Sunday
1883 2532 2004 2592 society
2040 2535 2073 2595 at
2091 2538 2142 2598 the

331 2529 436 2589 system
482 2532 518 2592 of
537 2535 747 2595 compulsory
775 2538 944 2598 duelling.
985 2538 1017 2598 It
1040 2538 1063 2598 is
1091 2538 1209 2598 written

338 2574 365 2634 in
393 2575 442 2635 the
461 2577 528 2637 form
565 2578 597 2638 of
615 2580 624 2640 a
647 2580 865 2640 monologue,
879 2583 933 2643 and
956 2583 978 2643 is
1001 2583 1010 2643 a
1038 2583 1219 2643 wonderful

329 2619 427 2679 study
460 2622 497 2682 of
526 2622 577 2682 the
610 2624 732 2684 shallow
779 2627 934 2687 thoughts
967 2628 1004 2688 of
1028 2628 1065 2688 an
1103 2630 1210 2690 empty

338 2664 445 2724 mind.
488 2667 520 2727 It
557 2667 692 2727 aroused
739 2670 790 2730 the
837 2673 1037 2733 indignation
1084 2673 1121 2733 of
1159 2674 1209 2734 the

329 2709 542 2769 authorities,
556 2713 610 2773 and
638 2712 688 2772 the
711 2715 815 2775 young
838 2715 951 2775 doctor
970 2717 1033 2777 was
1052 2718 1156 2778 forced
1179 2719 1206 2779 to

334 2753 437 2813 resign
477 2756 545 2816 from
594 2756 648 2816 the
688 2759 810 2819 Armý.
850 2759 944 2819 After
978 2759 1061 2819 this,
1091 2762 1115 2822 in
1155 2762 1209 2822 the

329 2798 487 2858 nineties,
510 2801 550 2861 he
577 2801 647 2861 took
683 2804 722 2864 up
753 2804 881 2864 writing
913 2804 943 2864 as
970 2805 983 2865 a
1015 2807 1191 2867 profession

325 2841 393 2901 But
421 2843 471 2903 his
504 2846 650 2906 medical
678 2849 866 2909 knowledge
903 2850 967 2910 was
1000 2852 1059 2912 not
1092 2852 1206 2912 wasted

329 2888 388 2948 and
425 2888 447 2948 is
475 2891 638 2951 apparent
665 2893 692 2953 in
725 2894 769 2954 all
793 2894 842 2954 his
875 2895 997 2955 works,
1020 2897 1119 2957 which
1156 2897 1206 2957 are

324 2932 457 2992 imbued
488 2935 554 2995 with
586 2935 599 2995 a
621 2938 780 2998 profound
812 2938 1002 2998 knowledge
1029 2938 1064 2998 of
1083 2941 1197 3001 human

325 2976 461 3036 nature,
480 2980 534 3040 and
563 2980 732 3040 especially
760 2983 796 3043 of
815 2983 869 3043 the
897 2984 1002 3044 body.

375 3022 510 3082 Outside
542 3025 692 3085 Austria,
715 3028 901 3088 Schnitzler
929 3028 956 3088 is
984 3031 1097 3091 known
1134 3032 1206 3092 best

330 3064 367 3124 by
392 3067 434 3127 his
454 3069 563 3129 lighter
584 3070 760 3130 comedies.
808 3070 875 3130 The
899 3073 1018 3133 Anatol
1033 3073 1210 3133 Dialogues,

323 3112 492 3172 translated
533 3112 574 3172 by
611 3115 945 3175 Granville-Barker,
973 3118 1041 3178 give
1078 3118 1115 3178 us
1152 3118 1201 3178 the

326 3154 395 3214 love
419 3153 526 3213 affairs
550 3156 587 3216 of
606 3156 620 3216 a
653 3157 807 3217 Viennese
836 3159 967 3219 dandy.
1009 3160 1041 3220 In
1075 3160 1205 3220 Liebelei

323 3198 359 3258 or
387 3198 551 3258 Flirtation
584 3198 624 3258 we
652 3201 734 3261 have
761 3203 811 3263 the
839 3204 907 3264 love
935 3204 1067 3264 theme,
1085 3207 1199 3267 ending

319 3243 410 3303 more
435 3246 593 3306 tragically
613 3246 636 3306 in
665 3247 742 3307 duel
757 3248 814 3308 and
839 3249 982 3309 suicide.
1026 3252 1107 3312 This
1127 3252 1194 3312 play

319 3286 384 3346 was
408 3290 487 3350 done
511 3291 544 3351 at
563 3291 624 3351 His
648 3291 821 3351 Majesty’s
845 3294 1004 3354 Theatre,
1024 3297 1127 3357 under
1151 3297 1197 3357 the

315 3332 384 3392 title
416 3334 512 3394 Light
534 3335 566 3395 of
594 3335 695 3395 Love.
738 3335 807 3395 The
835 3338 909 3398 plot
931 3338 968 3398 of
996 3338 1048 3398 the
1076 3340 1150 3400 play
1178 3341 1204 3401 is

317 3377 434 3437 slight,
448 3377 509 3437 but
528 3380 575 3440 the
599 3380 707 3440 theme
726 3380 763 3440 of
782 3380 829 3440 the
853 3382 975 3442 danger
999 3383 1022 3443 to
1046 3386 1140 3446 youth
1169 3385 1201 3445 of

314 3422 447 3482 playing
477 3422 551 3482 with
586 3422 654 3482 love
685 3424 714 3484 is
744 3427 882 3487 handled
917 3428 1015 3488 deftly
1051 3428 1105 3488 and
1145 3431 1193 3491 the

317 3467 501 3527 characters
519 3467 566 3527 are
588 3470 664 3530 real,
678 3470 729 3530 the
746 3472 814 3532 play
841 3473 930 3533 being
952 3473 960 3533 a
986 3475 1192 3535 masterpiece

318 3512 354 3572 of
382 3512 577 3572 technique.
627 3514 731 3574 Other
764 3515 927 3575 comedies
964 3518 1123 3578 produced
1164 3520 1186 3580 in

319 3555 444 3615 English
501 3556 580 3616 were
628 3559 782 3619 Countess
829 3559 941 3619 Miszi
984 3561 1040 3621 and
1092 3563 1190 3623 Green

319 3598 500 3658 Cockatoo.
519 3601 552 3661 In
581 3601 715 3661 Freiwild
739 3604 772 3664 or
791 3604 863 3664 Fair
882 3604 996 3664 Game,
1011 3607 1192 3667 Schnitzler

311 3644 466 3704 indulged
498 3646 524 3706 in
556 3648 693 3708 another
721 3648 876 3708 dramatic
907 3651 1040 3711 diatribe
1072 3655 1196 3715 against

316 3691 479 3751 duelling.
493 3691 520 3751 It
539 3691 625 3751 must
648 3692 679 3752 be
703 3694 920 3754 remembered
948 3697 1016 3757 that
1039 3698 1197 3758 duelling,

305 3732 463 3792 although
508 3735 700 3795 technically
746 3739 873 3799 illegal,
909 3740 972 3800 was
1013 3741 1076 3801 not
1111 3742 1185 3802 only

314 3777 437 3837 winked
468 3780 499 3840 at
521 3780 543 3840 in
579 3782 729 3842 Austria,
742 3783 804 3843 but
822 3784 1007 3844 practically
1038 3786 1184 3846 enforced

314 3822 354 3882 by
378 3822 386 3882 a
409 3823 554 3883 so-called
582 3827 658 3887 code
681 3828 712 3888 of
727 3828 876 3888 honour,
890 3830 971 3890 until
989 3831 1039 3891 the
1057 3831 1188 3891 Empire

309 3867 441 3927 became
468 3867 477 3927 a
505 3870 682 3930 Republic.

349 3912 380 3972 In
417 3912 463 3972 all
487 3914 537 3974 his
565 3915 647 3975 carly
680 3916 804 3976 works,
827 3917 1015 3977 Schnitzler
1044 3920 1108 3980 was
1140 3920 1190 3980 the

299 3956 422 4016 apostle
451 3956 482 4016 of
501 3958 551 4018 the
575 3959 648 4019 flesh
681 3961 736 4021 and
764 3962 801 4022 its
824 3962 1012 4022 pleasures,
1027 3965 1183 4025 preached

310 4001 336 4061 in
364 4001 413 4061 the
437 4004 577 4064 frankest
601 4004 750 4064 manner,
764 4007 886 4067 though
915 4007 982 4067 with
1010 4010 1041 4070 an
1069 4008 1186 4068 under¬

310 4046 393 4106 lying
428 4046 492 4106 vein
522 4048 556 4108 of
576 4049 802 4109 melancholy.
843 4050 896 4110 He
921 4051 1014 4111 could
1044 4054 1133 4114 write
1158 4056 1182 4116 in

305 4091 458 4151 masterly
490 4094 628 4154 manner
655 4094 691 4154 of
718 4097 770 4157 the
798 4094 813 4154 “
840 4096 972 4156 Suesses
1004 4100 1136 4160 Maedl"
1168 4101 1183 4161 a

2227 728 2373 788 Phoenix
2398 733 2553 793 Theatre.
2601 740 2752 800 Another
2772 743 2917 803 startling
2942 748 3069 808 feature
3089 750 3102 810 o

2236 771 2301 831 this
2324 776 2417 836 play,
2436 777 2562 837 coming
2595 781 2664 841 from
2707 783 2757 843 the
2786 789 2953 849 exponent
2982 792 3014 852 of
3038 794 3116 854 light

2238 815 2325 875 love,
2353 819 2375 879 is
2410 819 2450 879 its
2486 822 2605 882 almost
2637 828 2831 888 exclusively
2872 833 2951 893 male
2987 835 3053 895 cast
3084 837 3119 897 of

2237 861 2459 921 twenty-two,
2477 866 2545 926 with
2576 869 2652 929 only
2679 872 2734 932 one
2760 874 2875 934 female
2901 879 3081 939 character,
3099 882 3111 942 a

2232 906 2345 966 nurse,
2362 907 2429 967 who
2450 909 2589 969 appears
2610 914 2686 974 only
2707 915 2732 975 in
2757 918 2808 978 the
2833 921 2900 981 first
2922 922 3030 982 scene.

2276 948 2383 1008 There
2413 952 2504 1012 could
2534 955 2568 1015 be
2599 956 2633 1016 no
2668 959 2753 1019 more
2779 965 2943 1025 complete
2969 968 3115 1028 contrast

2229 992 2303 1052 than
2336 995 2477 1055 between
2511 1000 2571 1060 this
2600 1004 2674 1064 play
2703 1004 2759 1064 and
2793 1007 2928 1067 Reigen,
2948 1010 2975 1070 in
3009 1012 3107 1072 which

2231 1037 2281 1097 the
2319 1040 2435 1100 author
2473 1044 2683 1104 experienced
2725 1051 2912 1111 difficulties
2950 1053 3019 1113 with
3057 1057 3107 1117 the

2234 1082 2359 1142 Censor
2378 1085 2419 1145 for
2439 1085 2508 1145 very
2532 1091 2686 1151 different
2700 1094 2844 1154 reasons.
2886 1098 2914 1158 In
2943 1099 3003 1159 this
3022 1101 3110 1161 play,

2230 1127 2281 1187 the
2307 1130 2495 1190 physician,
2513 1133 2538 1193 to
2569 1133 2658 1193 whom
2702 1139 2787 1199 there
2813 1141 2864 1201 are
2890 1142 2925 1202 no
2955 1144 3113 1204 reserves,

2227 1168 2324 1228 treats
2353 1171 2389 1231 of
2409 1174 2459 1234 the
2483 1177 2632 1237 physical
2651 1180 2777 1240 aspects
2800 1183 2837 1243 of
2856 1184 2926 1244 love
2954 1186 3024 1246 with
3057 1189 3103 1249 the

2223 1213 2309 1273 most
2337 1217 2445 1277 brutal
2469 1220 2614 1280 realism.
2660 1225 2692 1285 It
2716 1225 2738 1285 is
2766 1227 2793 1287 in
2825 1228 2834 1288 a
2866 1230 2966 1290 series
2994 1232 3025 1292 of
3053 1234 3098 1294 ten

2227 1260 2413 1320 dialogues,
2437 1264 2483 1324 all
2512 1265 2539 1325 in
2577 1267 2627 1327 the
2666 1269 2749 1329 same
2787 1272 2866 1332 key.
2899 1275 2982 1335 Even
3015 1276 3108 1336 casy-

2226 1303 2321 1363 going
2351 1306 2466 1366 Vienna
2492 1309 2557 1369 was
2578 1312 2714 1372 shocked
2760 1316 2845 1376 when
2875 1318 2925 1378 the
2951 1321 3021 1381 play
3046 1321 3096 1381 did

2227 1347 2259 1407 at
2274 1347 2334 1407 last
2349 1353 2478 1413 manage
2498 1353 2525 1413 to
2544 1355 2595 1415 get
2614 1356 2646 1416 on
2670 1357 2721 1417 the
2740 1359 2824 1419 stage
2843 1362 2866 1422 in
2894 1364 2991 1424 1920.
3034 1365 3103 1425 The

2227 1392 2376 1452 students
2416 1395 2513 1455 rioted
2562 1401 2619 1461 and
2668 1402 2768 1462 police
2814 1406 2994 1466 protection
3042 1408 3104 1468 was

2223 1435 2370 1495 required
2405 1443 2527 1503 nightly
2552 1443 2601 1503 for
2631 1444 2680 1504 the
2710 1449 2945 1509 theatre-going
2980 1455 3107 1515 public.

2228 1477 2294 1537 The
2324 1482 2471 1542 outbreak
2505 1488 2663 1548 probably
2692 1491 2749 1551 had
2783 1494 2868 1554 more
2893 1496 2931 1556 of
2955 1497 2988 1557 an
3017 1499 3103 1559 anti¬

2221 1524 2345 1584 semitic
2365 1529 2432 1589 than
2457 1530 2470 1590 a
2490 1532 2596 1592 purist
2611 1535 2740 1595 source.
2789 1538 2855 1598 The
2875 1541 2942 1601 play
2967 1543 2990 1603 is
3010 1544 3096 1604 being

2227 1568 2385 1628 produced
2409 1571 2441 1631 at
2461 1573 2507 1633 the
2531 1575 2614 1635 Gate
2643 1580 2778 1640 Theatre
2797 1582 2830 1642 at
2849 1583 2998 1643 present,
3013 1589 3036 1649 in
3064 1587 3096 1647 an

2223 1613 2351 1673 English
2381 1617 2500 1677 version
2525 1619 2564 1679 by
2584 1620 2633 1680 N.
2648 1625 2850 1685 Alexander.

2262 1658 2476 1718 Schnitzler's
2525 1665 2697 1725 historical
2745 1670 2855 1730 drama
2908 1674 3104 1734 Medardus,

2215 1700 2339 1760 dealing
2378 1704 2450 1764 with
2494 1708 2547 1768 the
2586 1712 2788 1772 Napoleonic
2827 1716 3019 1776 occupation
3063 1721 3096 1781 of

2225 1744 2363 1804 Vienna,
2378 1749 2440 1809 was
2460 1750 2545 1810 given
2575 1751 2584 1811 a
2608 1756 2818 1816 magnificent
2838 1761 3029 1821 production
3058 1763 3091 1823 by

2218 1789 2400 1849 Reinhardt
2429 1795 2486 1855 and
2525 1798 2548 1858 is
2578 1798 2592 1858 a
2631 1800 2755 1860 regular
2794 1804 2933 1864 standby
2977 1807 3010 1867 at
3044 1807 3096 1867 the

2216 1834 2427 1894 Burgtheater
2449 1840 2474 1900 in
2506 1840 2625 1900 Vienna
2651 1845 2702 1905 and
2729 1846 2754 1906 in
2786 1846 2910 1906 Berlin.
2947 1852 3060 1912 Lately
3081 1854 3096 1914 I

2213 1878 2301 1938 came
2339 1882 2442 1942 across
2480 1884 2493 1944 a
2532 1885 2667 1945 passage
2705 1890 2733 1950 in
2776 1891 2902 1951 Rupert
2940 1896 3094 1956 Brooke's

2214 1924 2386 1984 memoirs,
2406 1930 2606 1990 mentioning
2635 1933 2700 1993 this
2724 1935 2817 1995 play,
2836 1937 2933 1997 which
2967 1938 3003 1998 he
3027 1940 3078 2000 saw

2213 1965 2247 2025 on
2277 1967 2321 2027 his
2341 1969 2414 2029 visit
2429 1974 2453 2034 to
2479 1974 2640 2034 Germany
2665 1977 2773 2037 before
2793 1979 2841 2039 the
2867 1982 2954 2042 War.
2975 1982 2994 2042 “
3019 1982 3087 2042 The

2215 2008 2286 2068 best
2315 2014 2424 2074 things
2458 2017 2482 2077 in
2521 2018 2664 2078 German
2698 2023 2860 2083 culture,”
2899 2026 2932 2086 he
2971 2028 3090 2088 writes,

2214 2052 2317 2112 “seem
2366 2058 2395 2118 to
2435 2060 2473 2120 be
2508 2062 2630 2122 written
2675 2065 2714 2125 by
2749 2069 2831 2129 Jews
2876 2070 2900 2130 in
2949 2073 3071 2133 Vienna

2209 2098 2268 2158 Saw
2330 2103 2395 2163 Der
2416 2104 2522 2164 Junge
2548 2108 2749 2168 Medardus,
2775 2114 2790 2174 a
2816 2115 2926 2175 Jewish
2958 2118 3088 2178 journa¬

2209 2144 2284 2204 list's
2310 2147 2425 2207 version
2456 2150 2491 2210 of
2507 2150 2556 2210 the
2608 2154 2784 2214 Dynasts,'
2795 2158 2860 2218 but
2881 2162 2966 2222 quite
2987 2163 3092 2223 good.

2212 2187 2277 2247 The
2317 2192 2394 2252 play
2428 2193 2493 2253 was
2528 2197 2610 2257 done
2650 2200 2677 2260 in
2711 2201 2777 2261 full
2806 2204 2866 2264 and
2911 2207 2983 2267 took
3027 2210 3088 2270 five

2205 2234 2326 2294 hours.

2240 2278 2425 2338 Schnitzler
2449 2282 2508 2342 had
2533 2286 2544 2346 a
2569 2288 2664 2348 great
2683 2290 2783 2350 vogue
2808 2293 2849 2353 up
2874 2294 2903 2354 to
2927 2297 2981 2357 the
3005 2297 3082 2357 time

2204 2318 2238 2378 of
2263 2323 2317 2383 his
2347 2325 2460 2385 death,
2485 2330 2538 2390 and
2574 2330 2588 2390 a
2623 2332 2696 2392 very
2726 2335 2800 2395 high
2835 2339 3017 2399 reputation
3057 2341 3081 2401 in

2199 2366 2348 2426 Austria,
2372 2370 2474 2430 where
2498 2374 2549 2434 the
2578 2376 2728 2436 younger
2752 2379 2873 2439 writers
2902 2383 3009 2443 looked
3042 2386 3074 2446 up

2199 2410 2228 2470 to
2273 2412 2321 2472 him
2381 2413 2415 2473 as
2450 2417 2568 2477 guide,
2602 2422 2818 2482 philosopher
2858 2428 2917 2488 and
2962 2430 3088 2490 friend.

2199 2455 2361 2515 Although
2392 2458 2426 2518 he
2451 2461 2510 2521 had
2540 2464 2614 2524 been
2649 2466 2772 2526 writing
2798 2469 2846 2529 for
2871 2472 2955 2532 forty
2981 2474 3088 2534 years,

2197 2498 2243 2558 his
2267 2502 2392 2562 outlook
2421 2504 2481 2564 was
2505 2508 2584 2568 fresh
2617 2511 2673 2571 and
2701 2513 2738 2573 he
2767 2515 2827 2575 was
2851 2517 2859 2577 a
2888 2518 3018 2578 modern
3042 2522 3079 2582 of

2196 2544 2248 2604 the
2271 2545 2448 2605 moderns.
