3392 4352
193 361 319 421 12.
370 363 969 423 Schnitzler's
1039 365 1274 425 Death

1472 370 1599 430 box
1680 374 1871 434 42/6

2829 691 2935 751 Seite
2970 691 2983 751 3

2155 694 2207 754 ber
2241 697 2334 757 1931

1266 736 1365 796 Ra

559 740 1181 800 OBSERVE

652 801 678 861 I.
696 801 812 861 österr.
830 798 977 858 behördl.
1000 798 1285 858 konzessioniertes

620 843 847 903 Unternehmen
879 840 923 900 für
946 838 1317 898 Zeitungs-Ausschnitte

2181 870 2232 930 die
2259 864 3005 924 Concave-shoulder

669 903 818 963 WIEN,
839 901 884 961 I.,
904 900 1186 960 WOLLZEILE
1232 900 1277 960 11

756 952 975 1012 TELEPHON
1012 950 1189 1010 R-23-0-43

2206 954 2347 1014 Das
2397 953 2828 1013 Kennzeichen
2887 953 2986 1013 des

2311 1040 2886 1100 Jawo-Mantels

546 1097 778 1157 Ausschnitt
807 1094 874 1154 aus

2352 1112 2538 1172 bestimmt
2579 1115 2632 1175 die
2673 1115 2872 1175 Paßform,

949 1142 1010 1202 Der
1029 1138 1117 1198 1a8,
1127 1142 1215 1202 Kles

2390 1183 2511 1243 macht
2527 1183 2584 1243 die
2606 1183 2685 1243 gute
2707 1180 2814 1240 Figur

2566 1247 2624 1307 VI.
2653 1249 2957 1309 Mariahilferstr.
2982 1249 3021 1309 91

806 1297 905 1357 22.
936 1290 1064 1350 OKT.
1086 1285 1184 1345 1931

2201 1300 2605 1360 I.
2616 1298 2902 1358 Weihburggasse
2923 1297 2932 1357 5

562 1321 692 1381 vom:

1580 1598 1737 1658 rta

666 1601 1033 1661 SerS

2219 1603 2806 1663 mitzlers.

616 1744 679 1804 In
746 1744 861 1804 der
915 1747 1123 1807 letzten
1190 1747 1318 1807 Zeit
1372 1753 2191 1813 Beklemmungszuftände.

2279 1739 2291 1799 —
2396 1753 2864 1813 Schlaganfall.

462 1828 586 1888 Gestern
621 1831 740 1891 abends
769 1831 950 1891 verbreitete
979 1831 1030 1891 sich
1059 1833 1087 1893 in
1116 1834 1200 1894 Wien
1235 1832 1280 1892 die

1353 1836 1511 1896 stündiger
1537 1836 1628 1896 tiefer
1653 1840 1922 1900 Bewußtlosigkeit
1947 1839 2020 1899 starb
2045 1837 2155 1897 Doktor
2186 1837 2413 1897 Volkstheater
2444 1840 2627 1900 aufgeführt
2659 1842 2774 1902 werden
2830 1843 2891 1903 und
2928 1843 3032 1903 wurde

411 1873 597 1933 Nachricht,
638 1875 696 1935 daß
731 1876 783 1936 der
813 1876 940 1936 Dichter
970 1876 1074 1936 Artur
1110 1879 1278 1939 Schnitzlei

1350 1888 1460 1948 Artur
1485 1890 1651 1950 Schnitzler
1682 1891 1798 1951 wenige
1823 1891 1964 1951 Monate
1990 1891 2044 1951 vor
2069 1891 2161 1951 Voll-
2193 1879 2278 1939 eines
2328 1881 2382 1941 der
2432 1882 2672 1942 erfolgreichsten
2709 1884 2814 1944 Stücke
2845 1885 3047 1945 Schnitzlers.

411 1915 497 1975 einem
544 1918 770 1978 Schlaganfall
794 1921 910 1981 erlegen
945 1921 996 1981 sei.

2185 1924 2254 1984 Auf
2288 1924 2336 1984 dem
2386 1927 2602 1987 Burgtheater
2636 1928 2798 1988 erschienen
2831 1929 2912 1989 dann
2951 1930 3042 1990 „Ko¬

1349 1941 1473 2001 endung
1510 1941 1604 2001 seines
1641 1941 1694 2001 70.
1724 1943 1950 2003 Lebensjahres
1986 1938 2004 1998 —
2064 1940 2093 2000 er
2129 1942 2164 2002 ist

460 1957 538 2017 Was
573 1959 675 2019 Artur
704 1962 880 2022 Schnitzler
909 1962 960 2022 für
989 1963 1074 2023 Wien
1114 1965 1273 2025 bedeutete

2194 1966 2333 2026 mödie
2360 1968 2431 2028 der
2453 1968 2644 2028 Worte",
2666 1971 2706 2031 ein
2738 1971 2831 2031 Stück
2852 1971 2898 2031 der
2925 1971 3043 2031 Schau¬

1355 1992 1387 2052 am
1435 1994 1488 2054 18.
1508 1995 1580 2055 Mai
1608 1995 1687 2055 1862
1708 1995 1834 2055 geboren
1861 1993 1873 2053 —
1928 1994 2013 2054 eines
2042 1995 2153 2055 sanften

409 2002 484 2062 kann
516 2004 581 2064 man
617 2004 693 2064 schon
745 2007 846 2067 daran
898 2007 1065 2067 erkennen,
1107 2010 1162 2070 daß
1213 2008 1269 2068 von

2194 2010 2316 2070 spieler,
2366 2010 2421 2070 das
2458 2013 2761 2073 Journalistenstück
2792 2015 2921 2075 „Fink
2953 2013 3038 2073 und

1347 2046 1478 2106 Todes.

410 2046 505 2106 diesem
565 2049 763 2109 Augenblick
802 2049 844 2109 an
898 2050 946 2110 die
995 2052 1183 2112 Telephone
1226 2052 1279 2112 der

2190 2055 2552 2115 Fliederbusch",
2598 2056 2649 2116 die
2701 2058 3040 2118 Casanova=Komödie

418 2091 618 2151 Zeitungen,
640 2094 713 2154 aber
740 2094 808 2154 auch
841 2094 935 2154 vieler
967 2095 1167 2155 Privatleute
1200 2094 1278 2154 nicht

1356 2098 1399 2158 An
1472 2097 1573 2157 seinem
1655 2099 1857 2159 Sterbelager
1909 2100 2032 2160 weilten
2098 2099 2155 2159 sein

2197 2097 2295 2157 „Die
2326 2098 2640 2158 Schwestern",
2684 2100 2788 2160 „Die
2826 2103 3041 2163 Komödie

417 2133 501 2193 mehr
530 2136 756 2196 stillestanden,
808 2137 853 2197 bis
888 2138 1046 2198 schließlich
1086 2138 1154 2198 auch
1188 2138 1273 2198 durch

1309 2138 1457 2198 Bruder,
1513 2139 1567 2199 der
1629 2141 1777 2201 bekannte
1827 2141 1959 2201 Wiener
2015 2141 2152 2201 Chirurg
2186 2138 2262 2198 der
2290 2141 2632 2201 Verführung",
2654 2143 2698 2203 die
2726 2142 2918 2202 dramatische
2947 2140 3040 2200 Dich¬

416 2177 482 2237 eine
510 2180 653 2240 offizielle
681 2180 896 2240 Ausschickung
952 2183 1012 2243 und
1056 2181 1150 2241 durch
1200 2180 1271 2240 eine
1306 2184 1675 2244 Universitätsprofessor
1714 2184 1780 2244 Dr.
1813 2185 1934 2245 Julius
1979 2184 2161 2244 Schnitz=
2190 2184 2266 2244 tung
2306 2183 2410 2243 „Der
2444 2183 2570 2243 Gang
2604 2185 2675 2245 zum
2720 2186 2940 2246 Weiher",
2979 2186 3034 2246 das

410 2222 673 2282 Verlautbarung
713 2225 740 2285 im
792 2225 897 2285 Radio
932 2225 982 2285 die
1016 2225 1262 2285 Todesnachrich

1304 2225 1397 2285 ler,
1419 2228 1479 2288 und
1513 2228 1607 2288 dessen
1641 2227 1728 2287 Sohn
1762 2227 1828 2287 Dr.
1857 2228 1944 2288 Hans
1978 2228 2165 2288 Schnitzler,
2194 2225 2276 2285 letzte
2305 2226 2414 2286 Stück,
2443 2227 2492 2287 das
2531 2226 2586 2286 von
2620 2228 2790 2288 Schnitzler
2825 2228 3045 2288 uraufgeführt

419 2267 595 2327 verifiziert
618 2268 745 2328 wurde.

1304 2270 1360 2330 der
1392 2270 1541 2330 ebenfalls
1577 2270 1752 2330 Mediziner
1784 2272 1834 2332 ist.
1882 2273 1948 2333 Der
1980 2273 2072 2333 Sohn
2108 2272 2159 2332 des

2196 2267 2319 2327 wurde,
2361 2270 2437 2330 denn
2479 2270 2531 2330 das
2567 2271 2732 2331 allererste,
2780 2274 2856 2334 „Im
2904 2273 3038 2333 Spiel

1310 2315 1474 2375 Dichters,
1499 2313 1645 2373 Heinric,
1675 2314 1857 2374 Schnitzler,
1881 2315 1934 2375 der
1970 2315 2016 2375 als
2052 2314 2163 2374 Regis¬
2188 2310 2269 2370 der
2300 2313 2682 2373 Sommerlüfte",
2706 2315 2823 2375 brachte
2853 2315 2905 2375 das
2936 2313 3041 2373 Deut¬

465 2316 536 2376 Wer
564 2321 642 2381 nicht
670 2321 719 2381 zum
764 2324 891 2384 engeren
925 2322 1030 2382 Kreise
1074 2324 1112 2384 um
1174 2324 1279 2384 Artur

2194 2353 2253 2413 sche
2275 2353 2499 2413 Volkstheater
2527 2356 2654 2416 heraus.

1309 2356 1379 2416 seur
1439 2356 1498 2416 und
1552 2356 1773 2416 Schauspieler
1828 2356 2065 2416 augenblicklich
2125 2353 2152 2413 in

412 2363 583 2423 Schnitzler
614 2365 754 2425 gehörte,
781 2366 905 2426 konnte,
932 2365 1019 2425 wenn
1057 2366 1087 2426 er
1119 2367 1165 2427 die
1197 2365 1279 2425 mar¬

2237 2395 2357 2455 Spater
2390 2398 2434 2458 als
2473 2398 2523 2458 der
2550 2398 2753 2458 Dramatiker
2780 2401 2951 2461 Schnitzler
2978 2401 3028 2461 kam

1310 2401 1422 2461 Berlin
1464 2401 1540 2461 tätig
1576 2401 1629 2461 ist,
1671 2401 1777 2461 wurde
1813 2401 1913 2461 sofort
1943 2401 2155 2461 telegraphisch

410 2407 502 2467 kante
546 2407 757 2467 Erscheinung
807 2408 861 2468 des
910 2410 1029 2470 Poeten
1084 2410 1116 2470 in
1171 2409 1258 2469 einem

417 2448 569 2508 Theater,
594 2452 616 2512 in
653 2452 740 2512 einem
782 2452 876 2512 Lokal
900 2452 970 2512 oder
1000 2453 1029 2513 in
1059 2455 1111 2515 dem
1153 2454 1282 2514 Bezirk,
1313 2443 1383 2503 nach
1419 2443 1506 2503 Wien
1560 2443 1683 2503 berufen
1731 2443 1790 2503 und
1837 2443 1943 2503 durfte
1973 2443 2066 2503 heute
2096 2440 2166 2500 ein=
2197 2440 2249 2500 der
2291 2443 2520 2503 Erzähler
2562 2443 2738 2503 Schnitzler
2786 2446 2844 2506 zur
2898 2446 3050 2506 Geltung.

2188 2485 2270 2545 Sein
2304 2486 2392 2546 erstes
2426 2485 2625 2545 erzählendes
2653 2487 2746 2547 Werk
2775 2488 2840 2548 war
2869 2488 2912 2548 die
2941 2489 3045 2549 Skizze

1308 2488 1440 2548 treffen.
1462 2487 1535 2547 Erst
1562 2487 1635 2547 dann
1673 2488 1789 2548 werden
1826 2489 2053 2549 Verfügungen
2086 2485 2143 2545 übe

409 2494 441 2554 in
479 2494 526 2554 dem
596 2496 633 2556 er
661 2497 804 2557 wohnte,
847 2497 1034 2557 auftauchen
1088 2497 1156 2557 sah,
1205 2496 1263 2556 nich

1313 2530 1354 2590 die
1390 2530 1454 2590 Art
1490 2530 1542 2590 und
1578 2530 1678 2590 Weise
1708 2530 1760 2590 der
1790 2532 1966 2592 Beisetzung
2008 2531 2066 2591 und
2103 2531 2155 2591 des
2191 2530 2455 2590 „Sterben",
2479 2530 2638 2590 Professor
2668 2532 2844 2592 Nothnagel
2868 2532 3050 2592 gewidmet,

411 2538 532 2598 ahnen,
574 2540 632 2600 daß
662 2538 760 2598 dieser
784 2541 906 2601 Dichter
935 2541 958 2601 so
988 2541 1057 2601 bald
1105 2541 1162 2601 aus
1209 2540 1261 2600 dem

1309 2573 1538 2633 Begräbnisses
1573 2571 1723 2631 getroffen
1763 2571 1903 2631 werden.

2185 2571 2256 2631 eine
2296 2574 2473 2634 realistische
2512 2574 2723 2634 Schilderung
2757 2575 2806 2635 der
2835 2574 2929 2634 letzten
2963 2574 3045 2634 Tage

415 2583 518 2643 Leben
543 2583 670 2643 scheiden
707 2583 822 2643 werde.

1349 2616 1395 2676 Es
1430 2616 1465 2676 ist
1495 2616 1569 2676 keine
1605 2616 1745 2676 Phrase:
1769 2616 1827 2676 Als
1856 2616 1925 2676 man
1961 2616 2013 2676 sich
2042 2616 2158 2676 gestern

2196 2616 2276 2676 eines
2305 2618 2635 2678 Schwindsüchtigen.
2659 2618 2722 2678 Von
2763 2619 2855 2679 seinen
2891 2619 3040 2679 Novellen

499 2635 559 2695 Die
594 2638 770 2698 Bekannten
819 2640 989 2700 allerdings
1037 2640 1179 2700 wußten,
1214 2642 1267 2702 daß

1308 2658 1429 2718 abends
1477 2658 1503 2718 in
1552 2659 1641 2719 Wien
1689 2660 1736 2720 die
1779 2660 1942 2720 Nachricht
1975 2661 2032 2721 vom
2081 2658 2159 2718 Tod¬

2192 2658 2251 2718 wie
2293 2661 2399 2721 „Die
2429 2661 2547 2721 Frau
2583 2661 2654 2721 des
2690 2663 2903 2723 Weisen",
2940 2665 3051 2725 „Der

455 2691 557 2751 Artur
602 2692 775 2752 Schnitzler
814 2694 903 2754 seit
943 2694 1051 2754 zwei
1084 2694 1263 2754 Jahren
1302 2703 1500 2763 Schnitzlers
1539 2703 1590 2763 von
1636 2702 1738 2762 Mund
1771 2702 1802 2762 zu
1841 2703 1949 2763 Mund
1989 2704 2065 2764 gab,
2091 2699 2161 2759 löste

2190 2703 2460 2763 erblindete
2535 2706 2811 2766 Geronimo"

2897 2709 3040 2769 „Frau

448 2744 564 2804 über
614 2744 1044 2804 Herzbeschwerden
1106 2747 1278 2807 klagte,
1303 2747 1346 2807 sie
1377 2747 1432 2807 bei
1457 2747 1543 2807 jedem
1593 2744 1690 2804 tiefste
1722 2744 1967 2804 Erschütterung
2005 2744 2078 2804 aus.
2110 2744 2152 2804 Es
2184 2746 2331 2806 Berta
2381 2746 2589 2806 Garlan"
2657 2748 2724 2808 und
2787 2750 3044 2810 „Leutnant

2180 2789 2333 2849 Gustl“
2373 2792 2492 2852 machte
2527 2792 2572 2852 die
2601 2793 2817 2853 novellistische
2852 2795 2965 2855 Studie
3000 2792 3045 2852 des

458 2800 520 2860 und
552 2798 602 2858 daß
634 2798 683 2858 sich
716 2799 771 2859 sein
803 2801 997 2861 körperlicher
1042 2798 1179 2858 Zustand
1217 2799 1273 2859 seit
1312 2790 1380 2850 war
1412 2787 1480 2847 eine
1506 2788 1643 2848 ähnliche
1675 2789 1863 2849 Stimmung
1901 2788 1957 2848 wie
1989 2788 2151 2848 seinerzeit

1312 2836 1357 2896 als
1386 2834 1413 2894 in
1448 2834 1532 2894 Wien
1566 2833 1611 2893 ein
1640 2832 1763 2892 Großer
1792 2834 1848 2894 aus
1877 2832 1927 2892 dem
1972 2833 2079 2893 Reiche
2108 2831 2158 2891 der
2187 2833 2350 2893 Offiziers
2379 2834 2417 2894 am
2463 2834 2587 2894 meisten
2621 2836 2790 2896 Aufsehen,
2824 2837 2902 2897 weil
2926 2837 2965 2897 sie
2993 2835 3044 2895 der

458 2852 508 2912 dem
553 2852 716 2912 plötzlichen
748 2854 912 2914 tragischen
944 2853 1000 2913 Tod
1032 2852 1127 2912 seiner
1153 2852 1278 2912 Tochter

1314 2876 1601 2936 Schauspielkunst,
1634 2876 1746 2936 Kainz,
1778 2876 2034 2936 dahingegangen
2079 2875 2166 2935 war.
2192 2877 2298 2937 Anlaß
2324 2879 2410 2939 war,
2424 2879 2479 2939 daß
2499 2879 2668 2939 Schnitzler
2687 2880 2781 2940 seiner
2794 2883 3050 2943 Offiziers¬

464 2903 533 2963 noch
565 2906 811 2966 verschlimmert
836 2906 937 2966 hatte.

1681 2915 1741 2975 **

2180 2921 2340 2981 charge
2371 2922 2417 2982 für
2448 2924 2667 2984 verlustig
2705 2925 2816 2985 erklärt
2847 2924 2965 2984 wurde.

493 2955 563 3015 Vor
585 2957 706 3017 einigen
743 2959 891 3019 Monaten
921 2957 1013 3017 schien
1042 2959 1070 3019 es
1092 2959 1141 3019 ihm
1178 2959 1277 3019 etwas

2234 2967 2279 3027 In
2325 2965 2420 3025 seinem
2472 2965 2606 3025 einzigen
2647 2968 2770 3028 Roman
2810 2968 2917 3028 „Der
2946 2968 3041 3028 Weg

1434 2989 1637 3049 Schnitzler
1674 2989 1754 3049 und
1790 2989 1860 3049 sein
1906 2989 2046 3049 Werk.

2192 3007 2255 3067 ins
2290 3010 2445 3070 Freie"
2498 3008 2555 3068 gab
2585 3009 2619 3069 er
2648 3011 2700 3071 den
2747 3012 2862 3072 großen
2914 3010 3046 3070 Wiener

457 3012 555 3072 besser
581 3013 611 3073 zu
642 3011 759 3071 gehen,
778 3013 852 3073 aber
877 3013 907 3073 in
939 3013 988 3073 den
1019 3011 1117 3071 letzten
1149 3011 1272 3071 Wochen

1350 3040 1455 3100 Artur
1481 3043 1650 3103 Schnitzler
1675 3043 1782 3103 wurde
1826 3041 1863 3101 am
1907 3043 1964 3103 15.
1983 3043 2057 3103 Mai
2083 3040 2157 3100 1862

2191 3052 2315 3112 Roman
2356 3052 2406 3112 der
2435 3053 2792 3113 Jahrhundertwende.
2815 3057 2882 3117 Ihm
2929 3055 3041 3115 folgten

462 3064 546 3124 hatte
566 3064 617 3124 sich
644 3065 696 3125 sein
723 3064 826 3124 Leiden
861 3064 1023 3124 verschärft
1043 3065 1101 3125 und
1128 3066 1160 3126 er
1180 3064 1277 3124 klagt¬

1308 3085 1336 3145 in
1365 3085 1450 3145 Wien
1479 3085 1631 3145 geboren.
1649 3085 1705 3145 Als
1729 3085 1814 3145 Sohn
1848 3085 1893 3145 des
1923 3085 2143 3145 Laryngologe

2195 3094 2305 3154 wieder
2328 3097 2477 3157 Novellen
2505 3098 2559 3158 wie
2582 3100 2670 3160 „Dr.
2688 3100 2903 3160 Gräsler,
2915 3097 3052 3157 Bade¬

464 3118 564 3178 seinem
627 3118 866 3178 behandelnden
923 3118 1017 3178 Arzt,
1068 3119 1118 3179 dem
1188 3118 1268 3178 Herz

1308 3129 1379 3189 Dr.
1399 3129 1530 3189 Johann
1563 3126 1732 3186 Schnitzler
1759 3126 1824 3186 war
1851 3126 1883 3186 er
1929 3126 2001 3186 bald
2028 3127 2079 3187 für
2106 3126 2157 3186 das

2180 3138 2324 3198 arzt",
2348 3139 2638 3199 „Casanovas
2668 3142 2958 3202 Heimfahrt"
2987 3141 3044 3201 und

1304 3171 1448 3231 Studium
1501 3171 1552 3231 der
1582 3171 1720 3231 Medizin
1751 3171 1930 3231 bestimmt,
1965 3171 2161 3231 praktizierte

463 3171 652 3231 spezialisten
721 3172 794 3232 Dr.
843 3171 1026 3231 Ferdinand
1081 3171 1264 3231 Donath

2196 3177 2224 3237 in
2259 3183 2502 3243 „Fräulein
2537 3182 2658 3242 Else"
2694 3183 2774 3243 kehrt
2798 3183 2826 3243 er
2856 3184 2971 3244 wieder
3001 3186 3052 3246 zur

459 3226 541 3286 öfter
567 3225 726 3285 darüber,
759 3225 815 3285 daß
861 3225 892 3285 er
931 3222 1148 3282 anfallsweise
1181 3222 1276 3282 starke
1315 3214 1378 3274 eine
1410 3214 1505 3274 Reihe
1538 3214 1595 3274 von
1635 3214 1755 3274 Jahren
1788 3213 1825 3273 an
1864 3214 1915 3274 den
1954 3213 2093 3273 Kliniken
2126 3213 2157 3273 in

2191 3225 2480 3285 Monolognovelle
2509 3225 2627 3285 zurück.
2645 3228 2707 3288 Die
2730 3228 2808 3288 letzte
2838 3229 2984 3289 Novelle,
3007 3228 3052 3288 die

1302 3256 1398 3316 Wien
1433 3255 1494 3315 und
1529 3257 1638 3317 wurde
1675 3257 1832 3317 scheßzlich
1860 3256 2012 3316 Assistent
2061 3254 2156 3314 seines
2198 3265 2252 3325 von
2281 3267 2446 3327 Schnitzler
2467 3267 2515 3327 als
2536 3269 2618 3329 Buch
2639 3270 2791 3330 erschien,
2805 3271 2873 3331 war
2895 3273 3052 3333 „Spiel

461 3276 862 3336 Beklemmungszustände
913 3276 1008 3336 habe.
1066 3273 1276 3333 Nichtsdesto¬

1314 3300 1448 3360 Vaters.
1467 3300 1583 3360 Später
1615 3299 1676 3359 trat
1695 3297 1860 3357 Schnetzler
1886 3297 1916 3357 in
1947 3297 1995 3357 den
2027 3297 2149 3357 militär

2186 3309 2230 3369 im
2276 3311 2700 3371 Morgengrauen",
2735 3312 2797 3372 eine
2832 3313 2978 3373 Novelle,
3002 3315 3046 3375 die

455 3326 598 3386 weniger
639 3326 769 3386 änderte
803 3328 973 3388 Schnitzler
1007 3326 1084 3386 seine
1119 3326 1281 3386 gewohnte

1306 3341 1467 3401 ärztlichen
1502 3341 1635 3401 Dienst,
1670 3338 1831 3398 quittierte
1885 3338 1936 3398 ihn
1995 3339 2040 3399 als
2070 3338 2156 3398 Regi

2195 3353 2543 3413 eigentümlicherweise
2582 3353 2621 3413 an
2666 3353 2748 3413 seine
2787 3356 2864 3416 erste
2904 3356 3052 3416 Meister¬

458 3380 678 3440 Lebensweise
704 3380 801 3440 nicht,
821 3383 900 3443 wozu
938 3380 1090 3440 eigentlich
1116 3380 1189 3440 auch
1215 3377 1275 3437 kein
1313 3384 1491 3444 mentsarzt
1534 3383 1595 3443 und
1626 3383 1706 3443 lebte
1731 3384 1810 3444 dann
1842 3383 1909 3443 nur
1935 3383 2020 3443 mehr
2070 3383 2149 3443 seine

2195 3395 2313 3455 novelle
2347 3398 2525 3458 „Leutnant
2553 3398 2667 3458 Gustl“
2700 3399 2862 3459 besonders
2895 3399 3058 3459 erinnert.

457 3434 647 3494 besonderer
684 3434 788 3494 Anlaß
832 3434 966 3494 gewesen
1010 3434 1114 3494 wäre,
1157 3434 1193 3494 da
1243 3433 1279 3493 er
1311 3426 1519 3486 literarischen
1551 3427 1673 3487 Arbeit.

2231 3440 2420 3500 Schnitzlers
2475 3441 2637 3501 allerletzte
2692 3442 2810 3502 Arbeit
2860 3443 2930 3503 war
2980 3443 3049 3503 eine

1344 3469 1451 3529 Schon
1484 3471 1649 3531 frühzeitig
1682 3470 1758 3530 hatte
1791 3470 1963 3530 Schnitzler
1995 3470 2020 3530 zu
2059 3469 2154 3529 schrei

2190 3485 2609 3545 Neubearbeitung
2643 3485 2736 3545 seines
2759 3485 2908 3545 Dramas
2937 3488 3047 3548 „Der

458 3488 566 3548 mäßig
604 3487 664 3547 und
695 3488 882 3548 vernünftig
913 3485 1010 3545 lebte.

1306 3511 1357 3571 ben
1393 3513 1572 3573 begonnen.
1595 3515 1664 3575 Das
1688 3512 1798 3572 Milieu
1833 3515 1861 3575 in
1891 3515 1942 3575 dem
1984 3514 2087 3574 Hause
2111 3512 2168 3572 sei¬

2190 3526 2285 3586 Ruf
2314 3526 2387 3586 des
2422 3528 2636 3588 Lebens",
2660 3526 2716 3586 das
2750 3528 2846 3588 seinem
2898 3529 3044 3589 Wunsche

507 3539 557 3599 In
589 3538 638 3598 der
670 3538 852 3598 allerletzten
884 3538 958 3598 Zeit
990 3538 1084 3598 schien
1129 3538 1166 3598 er
1192 3538 1278 3598 sogar

1308 3555 1364 3615 nes
1396 3553 1535 3613 Vaters,
1582 3556 1612 3616 zu
1649 3554 1737 3614 dessen
1773 3556 2036 3616 Patientenkreis
2088 3553 2165 3613 viele

2191 3570 2298 3630 gemäß
2333 3569 2360 3629 im
2406 3571 2542 3631 nächsten
2588 3571 2678 3631 Jahr
2724 3571 2775 3631 zur
2815 3571 2905 3631 Feier
2945 3574 3046 3634 seines

467 3592 562 3652 etwas
593 3592 725 3652 heiterer
749 3592 911 3652 geworden
942 3593 971 3653 zu
1008 3592 1086 3652 sein,
1105 3592 1272 3652 allerdinge

1304 3598 1510 3658 prominente
1537 3599 1755 3659 Schauspieler
1787 3598 1845 3658 und
1878 3598 2010 3658 Sänger
2059 3596 2169 3656 gehör¬

2191 3614 2246 3674 70.
2274 3613 2505 3673 Geburtstages
2539 3615 2566 3675 im
2617 3616 2854 3676 Deutschen
2888 3616 3047 3676 Volks¬

466 3646 592 3706 merkten
627 3643 672 3703 die
703 3643 892 3703 Vertrauten
940 3643 997 3703 aus
1038 3644 1175 3704 gewissen
1212 3642 1280 3702 hin-
1310 3640 1378 3700 ten,
1419 3643 1506 3703 hatte
1535 3644 1586 3704 den
1616 3643 1725 3703 jungen
1755 3643 1934 3703 Studenten
1963 3642 2043 3702 stark
2067 3640 2164 3700 beein¬

2189 3658 2378 3718 theater
2405 3658 2534 3718 gespielt
2562 3658 2680 3718 werden
2730 3659 2826 3719 sollte.
2865 3659 2945 3719 Auch
2989 3661 3042 3721 das

1315 3686 1403 3746 flußt.

457 3700 659 3760 geworfenen
694 3699 954 3759 Bemerkungen,
990 3697 1041 3757 daß
1088 3699 1140 3759 ihn
1181 3697 1262 3757 dro

2185 3701 2515 3761 Burgtheater
2560 3702 2624 3762 und
2662 3702 2722 3762 das
2760 3703 2961 3763 Theater
3004 3702 3042 3762 in

1341 3726 1560 3786 „Anatol"
1614 3726 1687 3786 war
1734 3723 1793 3783 sein
1848 3723 1947 3783 erstes
2001 3720 2147 3780 aufsehen

2192 3745 2266 3805 der
2319 3744 2584 3804 Josefstadt
2625 3744 2786 3804 bereiteten
2845 3745 3052 3805 Festauffüh¬

454 3750 593 3810 hende
624 3750 874 3810 Ahnungen
911 3750 1057 3810 quälten,
1076 3750 1124 3810 die
1149 3750 1178 3810 er
1204 3750 1276 3810 aber

1308 3768 1493 3828 erregendes
1520 3770 1631 3830 Werk,
1648 3768 1711 3828 eine
1733 3765 1833 3825 Reihe
1855 3766 1912 3826 von
1940 3765 2162 3825 dramatischer

2190 3789 2308 3849 rungen
2345 3789 2391 3849 zum
2433 3786 2490 3846 70.
2511 3788 2707 3848 Geburtstag
2733 3789 2785 3849 des
2811 3789 2950 3849 Dichters
2982 3789 3033 3849 vor

456 3804 537 3864 nicht
565 3804 611 3864 als
646 3804 924 3864 Todesgedanken,
952 3804 1080 3864 sondern
1115 3804 1189 3864 eher
1217 3805 1271 3865 als
1299 3813 1481 3873 Diglogen,
1503 3813 1549 3873 die
1577 3813 1651 3873 aber
1679 3811 1733 3871 erst
1754 3810 1787 3870 um
1836 3811 1930 3871 vieles
1958 3808 2079 3868 später,
2101 3808 2161 3868 und

2190 3831 2248 3891 den
2280 3832 2433 3892 „Jungen
2465 3831 2667 3891 Medardus"
2699 3831 2756 3891 und
2789 3833 2836 3893 die
2863 3831 3048 3891 „Liebelei“.

460 3856 570 3916 Nahen
601 3858 686 3918 einer
718 3858 785 3918 noch
816 3858 1031 3918 unbekannten
1063 3855 1178 3915 Gefahr
1210 3858 1277 3918 auf-
1308 3858 1393 3918 zwar
1425 3858 1492 3918 nach
1523 3857 1652 3917 heftigem
1696 3852 1855 3912 Sträuben
1886 3852 2100 3912 Schnitzlers,
2119 3850 2149 3910 im

2185 3876 2379 3936 Schnitzler,
2412 3876 2460 3936 der
2493 3876 2536 3936 ein
2569 3876 2666 3936 Feind
2699 3876 2768 3936 aller
2801 3876 3039 3936 terminisierten

1299 3900 1471 3960 Deutschen
1505 3899 1721 3959 Volkstheater
1749 3897 1804 3957 auf
1827 3896 1871 3956 die
1905 3897 2021 3957 Bühne
2044 3894 2149 3954 kamen

462 3909 564 3969 faßte.

1349 3938 1397 3998 Es
1426 3942 1502 4002 war
1545 3940 1621 4000 aber
1671 3936 1733 3996 doch
1790 3937 1873 3997 einer
1902 3938 1957 3998 der
1986 3936 2167 3996 „Anatol"¬
2196 3916 2363 3976 Ehrungen
2392 3917 2475 3977 war,
2490 3917 2587 3977 freute
2609 3918 2657 3978 sich
2686 3917 2749 3977 doch
2770 3918 2826 3978 auf
2840 3919 2889 3979 die
2904 3917 3043 3977 Wieder¬

458 3959 625 4019 Außerlich
663 3959 729 4019 war
765 3959 795 4019 er
832 3959 898 4019 noch
935 3959 988 4019 bis
1025 3959 1048 4019 in
1092 3959 1139 4019 die
1176 3959 1272 4019 letzter

2185 3959 2363 4019 aufnahme
2397 3962 2494 4022 seiner
2522 3961 2631 4021 Werke
2675 3959 2701 4019 in
2745 3961 2935 4021 glänzenden
2985 3961 3049 4021 Be¬

1307 3986 1459 4046 Dialoge,
1483 3986 1511 4046 in
1545 3983 1641 4043 denen
1676 3980 1841 4040 Schnitzler
1875 3980 1926 4040 als
1960 3980 2147 4040 Dramatike

413 4001 567 4061 Stunder
613 4004 823 4064 vollkommen
885 4004 1001 4064 rüstig.
1046 4001 1090 4061 Er
1146 4003 1279 4063 besucht¬

2193 4007 2365 4067 setzungen.
2390 4004 2432 4064 Er
2458 4006 2512 4066 hat
2532 4007 2575 4067 sie
2600 4007 2679 4067 nicht
2705 4004 2784 4064 mehr
2816 4004 2926 4064 erlebt.

1308 4028 1498 4088 debütierte,
1546 4028 1720 4088 allerdings
1773 4025 1798 4085 in
1861 4025 1948 4085 einem
2016 4021 2160 4081 privaten

412 4046 573 4106 Dienstag
609 4046 730 4106 abends
761 4046 790 4106 in
831 4045 882 4105 der
918 4045 1069 4105 Komödie
1105 4045 1170 4105 eine
1201 4046 1266 4106 Vor

419 4088 553 4148 stellun,
584 4090 628 4150 des
660 4090 726 4150 jetzt
750 4088 824 4148 dort
847 4088 1004 4148 laufenden
1035 4088 1163 4148 Stückes
1194 4086 1275 4146 „Der
1306 4074 1418 4134 Kreise
1464 4072 1501 4132 in
1547 4070 1682 4130 Berlin,
1728 4066 1757 4126 im
1795 4066 1899 4126 Salon
1953 4064 2012 4124 des
2036 4062 2162 4122 Rechts¬

2202 4073 2289 4133 Wie
2317 4081 2530 4141 Schnitzler
2567 4082 2673 4142 seine
2718 4079 3046 4139 Offizierscharge

419 4131 779 4191 Gerichtsvollzieher",
802 4129 905 4189 wobei
928 4130 964 4190 er
994 4129 1200 4189 ausdrücklich
1230 4125 1281 4185 be=
1304 4114 1465 4174 anwaltes
1518 4113 1679 4173 Grelling.
1717 4110 1790 4170 Zur
1835 4110 2041 4170 Aufführung
2093 4106 2144 4166 kam

2539 4147 2699 4207 verlor.

1309 4159 1411 4219 „Die
1440 4157 1587 4217 Frage
1640 4153 1690 4213 an
1719 4150 1798 4210 das
1827 4149 2076 4209 Schicksal“,

415 4174 551 4234 merkte,
572 4176 619 4236 daß
651 4175 698 4235 ihn
725 4174 888 4234 besonders
915 4172 999 4232 Frau
1031 4172 1151 4232 Sybille
1178 4171 1278 4231 Bin¬

1305 4200 1391 4260 Kora
1418 4202 1526 4262 spielte
1554 4201 1596 4261 die
1619 4198 1732 4258 spätere
1759 4195 1835 4255 Frau
1873 4192 1927 4252 Leo
1954 4193 2149 4253 Slezaks

2232 4198 2291 4258 Als
2316 4198 2509 4258 Schnitzlers
2546 4198 2678 4258 Novelle
2715 4200 2896 4260 „Leutnant
2927 4199 3023 4259 Gustl

715 4205 812 4265 Stick
835 4205 1045 4265 interessiere,
1060 4213 1097 4273 aß
1128 4213 1209 4273 dann

2603 4237 2647 4297 ag
