3392 4320
201 237 279 297 2.
339 236 944 296 Schnitzler's
1014 231 1251 291 Deatl

346 903 454 963 SEITE
493 905 503 965 2

552 1022 669 1082 Arthur
693 1022 877 1082 Schnitzlers
901 1022 956 1082 Tod

350 1079 457 1139 den“.
487 1082 623 1142 Scharf
646 1080 719 1140 war
748 1079 805 1139 die
834 1082 992 1142 Einsicht
1004 1081 1162 1141 Schnitz¬

344 1124 415 1184 lers
468 1128 498 1188 in
561 1129 617 1189 die
674 1130 917 1190 dramatische
964 1130 1170 1190 Aesthetik.

354 1175 459 1235 „Was
488 1176 650 1236 Kleist“,
678 1176 712 1236 so
746 1180 885 1240 schrieb
919 1180 981 1240 er,
1004 1180 1082 1240 „als
1116 1178 1171 1238 die

353 1221 580 1281 Verwirrung
617 1225 678 1285 des
704 1227 859 1287 Gefühls
885 1227 1133 1287 bezeichnet-

347 1271 411 1331 und
463 1275 522 1335 bei
564 1276 619 1336 ihm
685 1276 836 1336 beginnt
877 1276 942 1336 das
988 1276 1159 1336 moderne

343 1321 477 1381 Drama
507 1325 569 1385 —,
588 1327 718 1387 könnte
747 1327 824 1387 man
853 1326 1055 1386 ebensogut
1080 1321 1166 1381 Ver¬

350 1370 502 1430 wirrung
547 1370 611 1430 des
655 1371 871 1431 Verstandes
911 1375 1068 1435 nennen.
1123 1375 1157 1435 In

351 1420 536 1480 Wahrheit
568 1418 758 1478 verwirren
800 1422 841 1482 sie
877 1423 939 1483 sich
975 1424 1166 1484 gegensei¬

344 1470 419 1530 tig;
447 1470 522 1530 dies
556 1470 637 1530 eben
675 1470 723 1530 ist
751 1471 816 1531 das
849 1473 1168 1533 Tragikomische,

349 1518 413 1578 und
449 1518 519 1578 fast
550 1520 675 1580 könnte
711 1523 787 1583 man
817 1521 948 1581 sagen,
968 1523 1028 1583 daß
1069 1521 1169 1581 dort,

347 1563 401 1623 wo
441 1568 504 1628 das
539 1570 774 1630 unbeirrbare
814 1570 957 1630 Gefühl
987 1570 1074 1630 oder
1114 1569 1163 1629 wo

348 1617 411 1677 das
459 1617 596 1677 völlige
639 1617 829 1677 Verstehen
883 1621 1057 1681 anfängt,
1100 1619 1162 1679 das

344 1667 482 1727 Drama
535 1667 601 1727 mit
638 1669 942 1729 Notwendigkeit
984 1669 1159 1729 aufhören

350 1715 468 1775 muß.“
513 1715 598 1775 Man
632 1717 696 1777 hat
724 1718 778 1778 ihn
811 1718 870 1778 oft
898 1717 962 1777 auf
990 1716 1044 1776 die
1082 1717 1147 1777 Illu

349 1764 417 1824 sion
450 1766 644 1826 festgelegt
666 1766 729 1826 und
761 1767 1067 1827 Hofmannsthals
1083 1765 1167 1825 Pro¬

348 1813 402 1873 log
448 1813 508 1873 zum
569 1816 750 1876 „Anatol“
796 1816 881 1876 oder
922 1815 987 1875 den
1033 1815 1168 1875 „Para¬

348 1861 481 1921 celsus“
524 1864 590 1924 und
633 1864 694 1924 den
736 1864 1047 1924 „Puppenspieler

349 1912 476 1972 meint.
519 1911 608 1971 „Die
651 1912 868 1972 Wirkungen
911 1913 973 1973 der
1011 1915 1132 1975 Kunst

349 1960 462 2020 lautet
488 1960 534 2020 ein
566 1960 813 2020 Aphorismus
834 1961 1071 2021 Schnitzlers,
1087 1963 1169 2023 „be¬

349 2011 454 2071 ruhen
495 2011 595 2071 nicht
627 2009 686 2069 auf
722 2011 888 2071 Illusion,
915 2011 1066 2071 sondern
1106 2013 1171 2073 auf

351 2058 751 2118 Ideenassoziationen.
795 2059 870 2119 Und
903 2056 940 2116 er
962 2058 1070 2118 zeigte
1092 2060 1172 2120 das,

346 2103 399 2163 die
443 2103 540 2163 Tiefe
576 2103 809 2163 enthüllend,
836 2103 875 2163 an
916 2103 1061 2163 unseren
1105 2105 1167 2165 Er¬

343 2152 565 2212 innerungen
603 2152 676 2212 beim
730 2154 830 2214 Tode
862 2153 925 2213 des
958 2154 1121 2214 Hamlet.

396 2208 443 2268 Er
481 2208 576 2268 wäre
619 2208 667 2268 ein
710 2211 852 2271 starker
890 2210 1071 2270 Schöpfer
1108 2216 1166 2276 ge¬

348 2258 482 2318 wesen,
511 2261 595 2321 auch
642 2261 739 2321 wenn
778 2260 834 2320 nie
871 2261 932 2321 das
970 2261 1165 2321 Orchester

344 2308 464 2368 seiner
525 2309 906 2369 Theaterdichtungen
973 2312 1168 2372 gerauscht

344 2357 463 2417 hätte.
496 2357 571 2417 Mit
599 2359 658 2419 der
691 2360 891 2420 „Liebelei“
925 2360 1060 2420 begann
1099 2363 1163 2423 sein

347 2408 484 2468 Ruhm.
522 2408 621 2468 Aber
654 2410 706 2470 ein
749 2411 833 2471 Jahr
865 2408 991 2468 früher
1024 2410 1161 2470 schrieb

342 2455 381 2515 er
417 2456 583 2516 „Sterben
619 2457 634 2517 ,
665 2457 740 2517 jene
776 2456 947 2516 Novelle,
973 2458 1028 2518 die
1064 2458 1164 2518 heute

348 2502 381 2562 so
415 2503 477 2563 von
511 2503 597 2563 Blut
621 2506 875 2566 durchströmt
900 2506 942 2566 ist
971 2506 1033 2566 wie
1067 2508 1172 2568 einst.

353 2554 425 2614 Und
461 2553 554 2613 dann
591 2554 684 2614 seine
716 2557 1063 2617 Schicksalsbilder,
1085 2559 1172 2619 stets

347 2604 371 2664 in
407 2602 593 2662 derselben
629 2605 860 2665 Prosaform,
885 2606 940 2666 die
970 2605 1004 2665 er
1034 2607 1102 2667 nur
1133 2607 1162 2667 in

352 2652 462 2712 „Frau
501 2651 633 2711 Bertha
673 2654 855 2714 Garlan“,
883 2655 910 2715 im
966 2654 1076 2714 „Weg
1115 2655 1165 2715 ins

356 2695 469 2755 Freie"
502 2702 567 2762 und
600 2702 632 2762 in
665 2700 725 2760 der
753 2703 1170 2763 kleinbürgerlich-pro¬

350 2748 561 2808 letarischen
596 2750 777 2810 „Therese
807 2751 821 2811 ,
841 2751 958 2811 seinen
993 2751 1076 2811 drei
1096 2752 1169 2812 Ro¬

343 2799 497 2859 manen,
551 2799 792 2859 überschritt.
856 2800 1164 2860 Oesterreichisch

350 2845 421 2905 war
460 2847 556 2907 diese
595 2847 724 2907 Prosa,
754 2849 821 2909 mit
855 2846 917 2906 der
951 2848 1066 2908 Farbe
1110 2849 1167 2909 der

347 2894 406 2954 von
451 2897 633 2957 lyrischer
674 2897 950 2957 Innerlichkeit,
985 2898 1043 2958 von
1089 2897 1167 2957 sen¬

348 2943 481 3003 sueller
511 2946 654 3006 Wärme
684 2948 940 3008 begnadetsten
975 2946 1162 3006 deutschen

359 2995 613 3055 Volkskultur.
629 2996 690 3056 Die
712 2996 810 3056 Fülle
837 2996 935 3056 einer
956 2996 1044 3056 alten
1076 2998 1174 3058 Stadt

352 3044 416 3104 und
455 3043 533 3103 ihre
573 3044 793 3104 melodische
833 3046 1058 3106 Landschaft
1093 3046 1132 3106 um

348 3094 518 3154 grenzten
549 3094 614 3154 sie.
640 3094 836 3154 Schnitzler
862 3095 1072 3155 beurlaubte
1103 3094 1163 3154 sich

353 3142 410 3202 von
444 3142 497 3202 ihr
526 3141 554 3201 im
603 3142 886 3202 venetianischen
925 3144 1073 3204 Rokoko
1107 3142 1164 3202 von

351 3193 583 3253 „Casanovas
604 3193 858 3253 Heimfahrt“.
874 3193 940 3253 Die
972 3193 1173 3253 unvergeß-

344 3241 436 3301 liche
463 3241 618 3301 Episode
650 3242 712 3302 des
738 3244 909 3304 „Blinden
941 3242 1142 3302 Geronimo

348 3288 395 3348 ist
422 3290 458 3350 am
507 3291 649 3351 Stilfser
681 3290 760 3350 Joch
793 3291 1014 3351 lokalisiert,
1036 3291 1173 3351 „Fräu-

347 3339 415 3399 lein
448 3338 521 3398 Else
574 3339 605 3399 im
654 3339 764 3399 Hotel
786 3341 812 3401 in
844 3340 907 3400 San
944 3342 1102 3402 Martino
1135 3341 1171 3401 di

344 3390 570 3450 ﻿Castrozza.
621 3390 792 3450 „Doktor
838 3390 1009 3450 Gräsler,
1055 3390 1170 3450 Bade-

343 3438 466 3498 arzt“,
501 3438 565 3498 der
605 3438 668 3498 auf
708 3440 806 3500 einer
846 3441 1058 3501 Adriainsel
1093 3440 1171 3500 ein¬

347 3485 457 3545 setzt,
486 3488 658 3548 entbehrt
692 3488 782 3548 dann
826 3488 887 3548 der
926 3489 1174 3549 Ortsangabe.

347 3536 443 3596 Aber
477 3536 539 3596 der
569 3537 776 3597 „Leutnant
805 3536 930 3596 Gustl“
969 3536 1041 3596 war
1070 3539 1156 3599 habs

351 3584 561 3644 burgisches
597 3585 712 3645 Wien,
743 3587 804 3647 wie
834 3587 919 3647 noch
960 3589 1020 3649 das
1051 3587 1176 3647 „Spiel

1441 228 1569 288 box
1651 228 1883 288 43/15

1739 901 1816 961 DIE
1858 901 2229 961 LITERARISCHE
2266 905 2394 965 WELT

1222 1022 1254 1082 im
1298 1024 1640 1084 Morgengrauen“.
1673 1025 1825 1085 „Bertha
1869 1025 2053 1085 Garlan“,

2395 1049 2643 1109 Persönliche
2672 1049 2982 1109 Erinnerungen
3017 1049 3064 1109 an
3100 1050 3244 1110 Arthur
3280 1049 3334 1109 So

1227 1073 1298 1133 eine
1352 1073 1572 1133 verwitwete
1621 1073 1764 1133 Bovary
1818 1074 1846 1134 in
1890 1073 2043 1133 Nieder-

2154 1118 2243 1178 Egon
2297 1118 2460 1178 Friedell
2509 1119 2630 1179 rühmt
2678 1119 2715 1179 an
2774 1121 2911 1181 Arthur

2979 1118 3069 1178 Blick
3107 1120 3155 1180 als
3180 1121 3321 1181 Diagno

1228 1121 1439 1181 österreich.
1481 1124 1579 1184 „Das
1616 1124 1704 1184 neue
1741 1122 1854 1182 Lied“
1891 1123 1922 1183 in
1964 1123 2025 1183 dem

2101 1168 2313 1228 Schnitzler,
2334 1168 2369 1228 er
2400 1169 2485 1229 habe
2517 1169 2577 1229 das
2603 1169 2816 1229 Sittenstück
2852 1169 2917 1229 auf

2975 1169 3023 1229 ten
3068 1169 3320 1229 Forschersinn

1230 1172 1426 1232 magischen
1457 1172 1572 1232 Bande
1603 1175 1921 1235 „Dämmerseelen
1957 1172 1972 1232 :
1992 1173 2042 1233 die

2978 1216 3023 1276 ich
3064 1216 3149 1276 viele
3178 1217 3275 1277 Male
3305 1216 3321 1276 Z

2103 1216 2172 1276 eine
2229 1216 2466 1276 menschliche
2527 1218 2593 1278 und
2649 1216 2911 1276 künstlerische

1225 1219 1462 1279 zerreißende
1515 1222 1752 1282 Traurigkeit
1800 1221 1897 1281 eines
1934 1222 2042 1282 Sonn¬

2099 1264 2196 1324 Höhe
2228 1267 2414 1327 gehoben,
2435 1267 2491 1327 die
2524 1266 2575 1326 die
2606 1267 2808 1327 Franzosen
2839 1266 2916 1326 nie¬

2980 1265 3029 1325 ihm
3080 1267 3313 1327 interessante

1230 1270 1303 1330 tags
1331 1270 1356 1330 im
1400 1269 1537 1329 Wiener
1559 1270 1707 1330 Vorort.
1734 1270 1819 1330 „Die
1851 1270 2020 1330 Fremde“

2100 1314 2186 1374 mals
2205 1317 2426 1377 erreichten;
2451 1315 2541 1375 seine
2566 1313 2681 1373 Wesen
2715 1316 2911 1376 bestünden

2984 1315 3175 1375 gelangen.
3208 1318 3268 1378 Die
3296 1318 3328 1378 en

1228 1318 1420 1378 Innsbruck
1454 1319 1516 1379 und
1550 1318 1602 1378 die
1627 1321 1776 1381 ehernen
1810 1321 1953 1381 Statuen
1983 1321 2045 1381 der

2101 1363 2196 1423 nicht
2221 1364 2321 1424 mehr
2346 1364 2408 1424 aus
2433 1366 2528 1426 einer
2553 1366 2639 1426 oder
2664 1363 2754 1423 zwei
2779 1364 2923 1424 Seelen,

2984 1363 3033 1423 die
3061 1363 3098 1423 er
3126 1364 3175 1424 als
3197 1366 3322 1426 Dichte

1233 1368 1445 1428 Hofkirche.
1467 1367 1578 1427 „Frau
1610 1369 1716 1429 Beate
1743 1369 1807 1429 und
1839 1371 1892 1431 ihr
1914 1369 2051 1429 Sohn“:

2098 1410 2252 1470 sondern
2308 1412 2369 1472 aus
2421 1413 2514 1473 einem
2585 1413 2720 1473 ganzen
2772 1413 2917 1473 Gesell¬

2977 1410 3078 1470 nicht
3126 1415 3226 1475 mehr
3280 1413 3333 1473 erl

1229 1418 1358 1478 Aussee
1397 1416 1458 1476 und
1497 1416 1689 1476 erlösende
1723 1419 1846 1479 Nacht
1871 1417 1899 1477 in
1938 1419 2033 1479 lauen

2102 1461 2333 1521 schaftsstaat
2363 1461 2421 1521 von
2456 1461 2598 1521 Seelen.
2633 1462 2706 1522 Das
2731 1461 2834 1521 trifft
2859 1461 2922 1521 zu,

2980 1459 3124 1519 wissen,
3151 1464 3215 1524 daß
3254 1463 3339 1523 Artl

1232 1464 1386 1524 Wellen,
1459 1466 1525 1526 mit
1593 1467 1655 1527 dem
1743 1467 2036 1527 gespenstischen

2106 1509 2186 1569 doch
2227 1509 2261 1569 es
2292 1511 2438 1571 erklärt
2469 1511 2550 1571 noch
2591 1512 2691 1572 nicht
2722 1512 2782 1572 den
2823 1512 2918 1572 Zau¬

2986 1507 3076 1567 wegs
3106 1512 3300 1572 ungesellig

1229 1516 1396 1576 Flackern
1431 1515 1494 1575 der
1525 1517 1672 1577 Masken
1712 1517 1770 1577 von
1806 1516 1943 1576 Kainz,
1969 1516 2027 1576 dem

2102 1560 2180 1620 ber,
2206 1557 2234 1617 in
2279 1558 2343 1618 den
2378 1560 2589 1620 jedermann
2629 1560 2776 1620 verfiel,
2806 1560 2909 1620 schon

2982 1557 3029 1617 tet
3056 1560 3199 1620 wurde.
3238 1560 3280 1620 Er
3307 1560 3322 1620 b

1233 1566 1482 1626 Königspieler
1515 1564 1572 1624 des
1600 1566 1881 1626 Burgtheaters.
1908 1564 2046 1624 Wiener

2106 1605 2158 1665 bei
2196 1605 2264 1665 der
2307 1608 2417 1668 ersten
2465 1610 2707 1670 Begegnung,
2740 1609 2807 1669 gar
2861 1607 2918 1667 bei

2981 1607 3221 1667 Schwermut,
3246 1610 3305 1670 von

1228 1615 1409 1675 Konturen
1445 1615 1505 1675 hat
1536 1613 1586 1673 die
1622 1614 1976 1674 „Traumnovelle",
1986 1613 2046 1673 hat

2108 1655 2309 1715 dauerndem
2376 1656 2542 1716 Verkehr
2588 1657 2659 1717 mit
2700 1657 2795 1717 ihm.
2846 1655 2916 1715 Ge¬

2984 1658 3114 1718 haucht
3136 1658 3272 1718 schien,
3295 1660 3337 1720 eir

1230 1664 1283 1724 die
1320 1664 1474 1724 „Flucht
1513 1661 1539 1721 in
1582 1661 1640 1721 die
1678 1664 1917 1724 Finsternis“.

2106 1706 2275 1766 wöhnlich
2318 1706 2392 1766 sind
2435 1706 2540 1766 Laien
2578 1704 2635 1764 bei
2668 1706 2917 1766 persönlicher

2983 1706 3104 1766 diger,
3135 1709 3330 1769 eindrucks

1972 1711 2045 1771 dass

1231 1712 1305 1772 war
1335 1712 1369 1772 so
1409 1709 1611 1769 ergreifend
1652 1711 1690 1771 an
1725 1712 1928 1772 Schnitzler

2108 1754 2315 1814 Begegnung
2364 1755 2428 1815 mit
2468 1755 2531 1815 von
2576 1756 2679 1816 ihnen
2724 1755 2911 1815 verehrten

2988 1756 3055 1816 war
3090 1757 3260 1817 jeglichem

1229 1760 1267 1820 er
1296 1761 1410 1821 seiner
1440 1757 1736 1817 Künstlerschaft
1760 1760 1793 1820 so
1827 1760 1903 1820 treu
1937 1759 2047 1819 blieb,

2107 1803 2166 1863 und
2215 1804 2470 1864 bewunderten
2520 1805 2686 1865 Dichtern
2735 1807 2794 1867 arg
2839 1807 2916 1867 ent-

2977 1805 3191 1865 strebungen
3235 1805 3294 1865 der

1227 1811 1323 1871 nicht
1353 1811 1487 1871 einmal
1512 1808 1574 1868 den
1613 1808 1767 1868 Versuch
1806 1811 1964 1871 machte,

2982 1851 3051 1911 sten
3081 1852 3156 1912 voll
3180 1852 3318 1912 Versteh

2105 1852 2262 1912 täuscht,
2282 1853 2326 1913 sie
2356 1853 2463 1913 haben
2498 1855 2542 1915 sie
2567 1852 2635 1912 sich
2670 1853 2753 1913 ganz
2783 1853 2915 1913 anders

1232 1858 1380 1918 äußeren
1419 1858 1534 1918 Dinge
1563 1858 1946 1918 umzuretouchieren.
1976 1858 2042 1918 Der

2109 1900 2336 1960 vorgestellt.
2403 1900 2485 1960 Was
2538 1901 2605 1961 das
2657 1900 2760 1960 Werk
2817 1902 2915 1962 eines

2981 1901 3034 1961 ren
3072 1901 3135 1961 hat
3163 1902 3200 1962 er
3233 1904 3339 1964 einm.

1233 1909 1459 1969 Sektionsrat
1474 1904 1610 1964 Robert
1630 1907 1660 1967 in
1696 1908 1786 1968 „Der
1807 1906 1958 1966 Fluch,
1978 1906 2038 1966 den

2108 1951 2293 2011 Künstlers
2319 1951 2419 2011 ihnen
2450 1951 2485 2011 zu
2510 1951 2742 2011 versprechen
2768 1951 2923 2011 scheint,

2981 1951 3068 2011 über
3126 1951 3289 2011 Hebbels

1237 1954 1337 2014 Wahn
1383 1956 1432 2016 ein
1478 1954 1740 2014 grauenhaftes
1776 1956 1876 2016 Ende
1917 1956 2037 2016 finden

2099 1999 2174 2059 soll
2197 1999 2288 2059 seine
2316 1999 2440 2059 Person
2473 2002 2651 2062 erfüllen.
2679 2002 2754 2062 Das
2776 2002 2916 2062 gelingt

2989 1999 3146 2059 „Hebbel
3173 2001 3235 2061 hat
3262 2002 3324 2062 sich

1230 2005 1324 2065 läßt,
1357 2005 1456 2065 zahlt
1494 2005 1742 2065 Trinkgelder
1781 2003 1864 2063 noch
1907 2004 1938 2064 in
1981 2004 2039 2064 det

2101 2046 2228 2106 selten,
2250 2048 2330 2108 aber
2357 2049 2496 2109 Arthur
2523 2049 2651 2109 gelang
2678 2048 2715 2108 es
2742 2049 2918 2109 vortreff-

2983 2048 3044 2108 ken
3073 2049 3128 2109 nie
3156 2049 3329 2109 erreicht.

1230 2052 1557 2112 Kronenwährung
1600 2052 1668 2112 und
1711 2052 1806 2112 paßt
1838 2052 1906 2112 sich
1949 2052 2043 2112 nicht

2104 2096 2193 2156 lich:
2220 2095 2259 2155 er
2290 2097 2477 2157 entsprach
2518 2097 2699 2157 durchaus
2730 2097 2796 2157 der
2831 2097 2901 2157 Vor

2986 2097 3075 2157 war,
3098 2097 3232 2157 Arthur
3261 2100 3339 2160 Sch.

1232 2100 1326 2160 einer
1361 2103 1553 2163 erlogenen
1588 2103 1819 2163 Gegenwart
1850 2100 1913 2160 an.

2103 2145 2278 2205 stellung,
2310 2145 2363 2205 die
2407 2145 2470 2205 der
2513 2145 2624 2205 Bürge
2689 2148 2752 2208 von
2801 2148 2896 2208 einem

2979 2148 3251 2208 anzuschauen,
3268 2147 3330 2207 wie

1281 2160 1349 2220 Wie
1387 2165 1568 2225 unerhört
1595 2165 1760 2225 gekonnt
1787 2163 1835 2223 ist
1867 2164 1930 2224 das
1963 2165 2047 2225 alles

2109 2193 2249 2253 Dichter
2298 2196 2379 2256 hat.
2428 2193 2547 2253 Dabei
2591 2192 2666 2252 war
2710 2195 2763 2255 ihm
2829 2199 2909 2259 jede

2980 2194 3043 2254 wie
3072 2195 3112 2255 er
3141 2196 3319 2256 Untreue,

1233 2214 1258 2274 in
1300 2214 1412 2274 seiner
1449 2214 1572 2274 Reife,
1598 2214 1716 2274 seiner
1753 2211 2046 2271 Verhaltenheit!

2111 2240 2234 2300 „Pose“
2271 2243 2451 2303 durchaus
2483 2243 2622 2303 fremd.
2653 2243 2720 2303 Die
2757 2243 2916 2303 Vorstel¬

2976 2243 3124 2303 samung
3160 2246 3309 2306 ertrug,

1228 2262 1450 2322 Schnitzler,
1466 2262 1556 2322 Erbe
1583 2261 1647 2321 der
1674 2263 1922 2323 Grillparzer,
1934 2261 2044 2321 Ebner

2106 2289 2181 2349 lung
2220 2291 2284 2351 des
2312 2292 2469 2352 Bürgers
2497 2294 2632 2354 scheint
2665 2294 2751 2354 ganz
2785 2295 2909 2355 richtig

2980 2291 3069 2351 trotz
3109 2294 3168 2354 der
3203 2295 3341 2355 stärkst

1232 2312 1291 2372 und
1340 2314 1449 2374 Saar,
1484 2313 1576 2373 hatte
1621 2312 1739 2372 Musik
1789 2310 1853 2370 aus
1888 2312 2044 2372 edelster

2098 2339 2138 2399 zu
2179 2340 2274 2400 sein,
2306 2341 2342 2401 er
2379 2342 2492 2402 weiß,
2520 2342 2592 2402 wem
2642 2342 2682 2402 er
2719 2343 2905 2403 vertrauen

2975 2342 3042 2402 sein
3083 2344 3282 2404 Schaffen,
3305 2344 3322 2404 d

1243 2360 1418 2420 Tradition
1455 2360 1480 2420 in
1511 2360 1604 2420 sich,
1630 2361 1692 2421 und
1728 2362 1831 2422 schon
1868 2360 1893 2420 in
1930 2360 2043 2420 „Ster¬

2108 2390 2203 2450 darf.
2246 2390 2467 2450 Schnitzlers
2505 2393 2600 2453 „Der
2638 2389 2716 2449 Ruf
2749 2391 2811 2451 des
2849 2393 2896 2453 Le

2977 2391 3104 2451 immer
3133 2393 3216 2453 noch
3251 2392 3339 2452 höhe

1233 2410 1287 2470 ben
1352 2411 1455 2471 klang
1493 2411 1780 2471 überwältigend
1824 2409 1878 2469 ihr
1911 2408 2045 2468 Rhyth¬

2106 2434 2201 2494 bens“
2248 2439 2404 2499 erschien
2450 2440 2556 2500 1906,
2588 2440 2637 2500 ihn
2683 2441 2754 2501 rief
2785 2441 2916 2501 immer

2979 2442 3050 2502 gen.

1227 2458 1325 2518 mus.
1365 2459 1414 2519 Er
1449 2458 1522 2518 war
1562 2458 1611 2518 ein
1651 2458 1680 2518 in
1725 2458 1882 2518 dunkles
1917 2458 2050 2518 Gebiet

2105 2485 2237 2545 wieder
2269 2487 2337 2547 das
2370 2488 2507 2548 Leben.
2545 2488 2629 2548 1926
2667 2491 2778 2551 folgte
2816 2491 2910 2551 „Der

1236 2509 1290 2569 der
1349 2506 1447 2566 Seele
1511 2507 1811 2567 vordringender
1860 2506 2042 2566 Gestalter

3026 2527 3071 2587 Er
3094 2528 3191 2588 hatte
3220 2530 3312 2590 einen

2106 2536 2200 2596 Gang
2244 2536 2312 2596 zum
2371 2536 2556 2596 Weiher“,
2583 2538 2652 2598 mir
2690 2539 2752 2599 das
2791 2539 2911 2599 liebste

1237 2557 1337 2617 durch
1391 2556 1443 2616 ein
1492 2557 1651 2617 „Zuviel
1699 2557 1735 2617 an
1790 2557 1932 2617 Gefühl
1975 2556 2038 2616 und

2977 2575 3093 2635 Blick,
3122 2578 3249 2638 scharf
3289 2578 3322 2638 un

2104 2586 2217 2646 seiner
2238 2585 2383 2645 Werke,
2404 2587 2513 2647 gleich
2545 2587 2648 2647 neben
2680 2588 2741 2648 der
2768 2587 2918 2647 „Flucht

1233 2605 1372 2665 Geist“.
1414 2606 1491 2666 Sein
1539 2605 1631 2665 Blick
1678 2605 1839 2665 forschte
1881 2605 1942 2665 wie
1984 2605 2046 2665 der

2976 2625 3074 2685 wenn
3131 2626 3173 2686 er
3225 2629 3337 2689 beoba

2105 2634 2129 2694 in
2164 2634 2218 2694 die
2253 2634 2494 2694 Finsternis“.
2524 2634 2795 2694 Oesterreicher
2830 2633 2917 2693 wer¬

1232 2655 1291 2715 des
1336 2655 1583 2715 Psychiaters.
1633 2653 1840 2713 Klinischer
1885 2652 2048 2712 Prozesse

2981 2672 3073 2732 wenn
3106 2673 3143 2733 er
3176 2676 3289 2736 Musik

2108 2683 2164 2743 den
2211 2684 2241 2744 ja
2283 2683 2360 2743 sehr
2397 2685 2505 2745 selten
2547 2684 2629 2744 nach
2671 2685 2820 2745 Gebühr
2857 2687 2913 2747 ge¬

1227 2703 1356 2763 kundig
1406 2703 1480 2763 war
1525 2700 1565 2760 er
1610 2702 1674 2762 von
1724 2703 1788 2763 dem
1853 2703 2041 2763 Erlöschen

2982 2721 3072 2781 warm
3119 2725 3184 2785 und
3220 2726 3321 2786 teilne

2105 2733 2258 2793 schätzt,
2302 2733 2349 2793 sie
2403 2733 2512 2793 gehen
2562 2733 2657 2793 einen
2710 2735 2906 2795 „einsamen

1227 2754 1336 2814 seines
1372 2751 1466 2811 Felix
1506 2752 1545 2812 an
1586 2751 1635 2811 bis
1671 2751 1710 2811 zu
1750 2753 1815 2813 der
1850 2753 2028 2813 Gehirner

2983 2772 3038 2832 lein
3084 2774 3150 2834 mit
3185 2774 3241 2834 ihm
3298 2774 3308 2834 s

2109 2781 2235 2841 Weg“,
2257 2782 2288 2842 es
2315 2781 2362 2841 ist
2384 2782 2436 2842 ja,
2458 2781 2532 2841 was
2559 2781 2622 2841 wir
2644 2781 2807 2841 erleben,
2829 2784 2918 2844 alles

1233 2802 1414 2862 krankung
1450 2801 1510 2861 des
1531 2802 1804 2862 Sektionsrats;
1825 2802 1926 2862 jeder
1952 2802 2047 2862 Fort¬

2985 2820 3090 2880 licher
3120 2823 3207 2883 Blick
3243 2823 3313 2883 war

2108 2832 2187 2892 doch
2230 2832 2410 2892 zunächst
2443 2831 2495 2891 cin
2533 2835 2888 2895 „Zwischenspiel“.

1235 2853 1321 2913 gang
1354 2850 1419 2910 der
1447 2850 1691 2910 Vernichtung
1724 2849 1766 2909 ist
1795 2851 1837 2911 da
1865 2850 1930 2910 mit
1963 2849 2044 2909 divi-

2982 2870 3255 2930 einhüllender;
3283 2872 3327 2932 ga

2521 2890 2704 2950 Hermann
2748 2891 2866 2951 BAHR

1227 2899 1450 2959 natorischer
1490 2898 1693 2958 Sicherheit
1733 2900 1956 2960 aufnotiert.
2005 2899 2043 2959 So

2982 2920 3059 2980 man
3086 2920 3152 2980 sich
3186 2921 3284 2981 darin
3312 2924 3322 2984 g

1227 2948 1289 3008 hat
1338 2946 1377 3006 er
1425 2947 1487 3007 den
1532 2948 1913 3008 Gedankenmonolog
1958 2947 2054 3007 eines

2984 2969 3071 3029 Arzt
3103 2971 3227 3031 sprach
3269 2970 3341 3030 mar

1236 2996 1441 3056 Leutnants,
1460 2996 1553 3056 eines
1582 2999 1717 3059 kleinen
1746 2999 1970 3059 Mädchens,
1984 2998 2040 3058 den

2155 3016 2224 3076 Sein
2259 3017 2402 3077 Anfang
2432 3017 2506 3077 war
2531 3018 2659 3078 ebenso
2690 3017 2828 3077 schwer
2858 3019 2917 3079 wie

2984 3015 3046 3075 und
3078 3020 3192 3080 genau
3224 3020 3255 3080 so
3282 3017 3344 3077 hör

1232 3044 1399 3104 ziellosen
1448 3046 1605 3106 Taumel
1650 3048 1753 3108 unter
1802 3046 2047 3106 Selbstmord¬

2106 3064 2174 3124 sein
2206 3067 2323 3127 Ende.
2355 3065 2434 3125 Nur
2461 3067 2525 3127 daß
2562 3065 2614 3125 die
2647 3067 2779 3127 Jugend
2817 3064 2922 3124 über-

2986 3065 3129 3125 legend,
3166 3067 3267 3127 rasch
3315 3067 3332 3127 z

1228 3095 1374 3155 zwang,
1405 3094 1612 3154 belauscht.
1653 3094 1698 3154 So
1740 3097 1861 3157 fragte
1897 3097 1957 3157 er,
1988 3096 2048 3156 der

2105 3115 2239 3175 winden
2278 3114 2364 3174 kann
2403 3113 2464 3173 und
2503 3115 2566 3175 das
2595 3115 2700 3175 Alter
2725 3114 2921 3174 überwun-

2983 3115 3047 3175 mit
3093 3117 3192 3177 einem
3262 3114 3341 3174 besd

1234 3142 1283 3202 die
1328 3142 1520 3202 Wahrheit
1555 3145 1737 3205 chaotisch
1782 3145 1939 3205 nannte,
1969 3144 2042 3204 eine

2111 3164 2165 3224 den
2212 3163 2322 3223 wird.
2363 3163 2504 3223 Arthur
2540 3166 2741 3226 Schnitzler
2782 3166 2913 3226 befand

2990 3163 3116 3223 Wissen
3156 3166 3334 3226 begreifer

1239 3193 1528 3253 „erschütternde
1562 3192 1622 3252 und
1660 3193 1903 3253 verwirrende
1936 3193 2048 3253 Reali¬

2102 3214 2161 3274 sich
2196 3214 2221 3274 in
2251 3213 2458 3273 dauerndem
2503 3214 2676 3274 Konflikt
2696 3214 2760 3274 mit
2785 3214 2899 3274 seinem

2978 3213 3079 3273 ruhig
3130 3214 3282 3274 gesehen

1232 3242 1299 3302 tät"
1342 3243 1423 3303 aus.
1468 3241 1568 3301 Seine
1607 3244 1828 3304 Menschen,
1858 3244 2054 3304 umstrickt

2110 3261 2232 3321 Vater,
2263 3260 2326 3320 der
2366 3260 2429 3320 vom
2484 3261 2740 3321 dichterischen
2790 3261 2922 3321 Talent

2990 3261 3293 3321 Taktlosigkeiten

1231 3291 1293 3351 vom
1350 3290 1495 3350 Fatum,
1532 3291 1712 3351 erblassen
1757 3291 1823 3351 und
1872 3290 2048 3350 verstum¬

2108 3310 2167 3370 des
2199 3312 2335 3372 Sohnes
2373 3309 2431 3369 wie
2473 3310 2532 3370 von
2574 3309 2669 3369 einer
2706 3309 2911 3369 schlimmen

2982 3312 3092 3372 liches
3128 3310 3320 3370 Feingefüh

1232 3339 1330 3399 men.
1360 3339 1454 3399 Aber
1479 3340 1553 3400 ihre
1583 3339 1741 3399 Antlitze
1766 3341 1879 3401 gehen
1910 3339 1969 3399 auf
1999 3339 2047 3399 die

2981 3360 3131 3420 niemals
3156 3360 3242 3420 aber
3268 3359 3325 3419 uns

2113 3360 2323 3420 Verfehlung
2365 3360 2515 3420 sprach.
2552 3360 2675 3420 Dieser
2707 3360 2835 3420 Vater,
2862 3359 2913 3419 ein

1239 3390 1327 3450 einer
1360 3387 1467 3447 neuen
1506 3388 1589 3448 Zeit
1618 3390 1729 3450 über.
1763 3387 1800 3447 In
1838 3386 1903 3446 der
1936 3387 2048 3447 öster¬

2987 3404 3044 3464 wie
3071 3408 3107 3468 er
3134 3408 3170 3468 zu
3208 3408 3302 3468 jedem

2105 3409 2422 3469 hervorragender
2466 3408 2571 3468 Arzt,
2606 3408 2817 3468 Professor,
2851 3410 2923 3470 Re¬

1231 3438 1444 3498 reichischen
1479 3438 1582 3498 Prosa
1618 3438 1731 3498 Franz
1766 3435 1919 3495 Werfels
1949 3438 2043 3498 leben

2983 3456 3173 3516 Menschen
3212 3457 3309 3517 stand

2107 3458 2352 3518 gierungsrat,
2387 3458 2480 3518 hatte
2525 3457 2613 3517 seine
2658 3457 2839 3517 Patienten
2884 3458 2908 3518 in

1233 3488 1272 3548 sie
1298 3488 1364 3548 mit
1390 3487 1445 3547 der
1471 3488 1582 3548 hellen
1618 3488 1729 3548 Kraft
1750 3485 1846 3545 einer
1877 3485 2044 3545 jüngeren

2984 3503 3083 3563 baren
3126 3506 3188 3566 und
3236 3506 3346 3566 unbes

2105 3506 2169 3566 den
2214 3506 2362 3566 Kreisen
2407 3504 2471 3564 des
2511 3506 2654 3566 Wiener
2694 3505 2828 3565 Hofes,
2863 3506 2921 3566 des

1232 3536 1449 3596 Generation
1488 3536 1582 3596 fort.

2985 3551 3222 3611 keitsgefühl:
3249 3554 3345 3614 untes

2108 3556 2310 3616 Hochadels
2336 3555 2401 3615 und
2437 3554 2497 3614 der
2528 3554 2837 3614 Künstlerschaft.
2873 3554 2913 3614 Er

2985 3602 3057 3662 Zeit
3094 3602 3185 3662 habe
3221 3601 3275 3661 ich
3319 3599 3330 3659 k

2107 3605 2191 3665 hielt
2229 3604 2318 3664 mich
2365 3605 2505 3665 einmal
2539 3604 2576 3664 an
2624 3604 2689 3664 und
2742 3602 2929 3662 wetterte:

2984 3650 3138 3710 gekannt
3181 3650 3244 3710 und
3287 3651 3324 3711 ge

2114 3655 2191 3715 „Ihr
2232 3653 2325 3713 wißt
2367 3654 2398 3714 ja
2445 3653 2559 3713 nicht,
2606 3653 2678 3713 was
2730 3650 2791 3710 für
2844 3652 2916 3712 eine

2982 3697 3102 3757 keinen
3145 3700 3333 3760 gerechter

2106 3702 2221 3762 Sünde
2252 3701 2306 3761 ihr
2337 3703 2488 3763 begeht,
2509 3700 2604 3760 wenn
2635 3700 2689 3760 ihr
2720 3700 2856 3760 Arthur
2886 3700 2911 3760 in

2987 3747 3053 3807 war
3098 3748 3153 3808 ihm
3219 3746 3269 3806 ein
3314 3745 3346 3805 f.

2105 3751 2219 3811 seinen
2259 3748 2527 3808 Schreibereien
2566 3751 2743 3811 bestärkt.
2781 3751 2824 3811 Er
2863 3751 2925 3811 hat

2988 3796 3148 3856 dürfnis:
3172 3796 3326 3856 vielleich

2101 3802 2168 3862 alle
2207 3800 2332 3860 Gaben
2371 3799 2409 3859 zu
2453 3799 2549 3859 einem
2602 3800 2785 3860 tüchtigen
2829 3799 2920 3859 Arzt

2982 3845 3054 3905 tere
3088 3847 3183 3907 Zeit,
3211 3846 3272 3906 der
3301 3842 3339 3902 en

2106 3850 2170 3910 und
2222 3850 2287 3910 zum
2349 3848 2495 3908 Dichter
2541 3850 2606 3910 gar
2647 3849 2788 3909 keine!“
2845 3847 2920 3907 Der

2993 3896 3088 3956 Jahre
3121 3894 3338 3954 unerbittlicl

2113 3899 2213 3959 Vater
2244 3897 2369 3957 konnte
2401 3894 2466 3954 sich
2497 3897 2602 3957 dabei
2628 3896 2689 3956 auf
2715 3896 2774 3956 das
2806 3897 2926 3957 Urtell

1647 3912 1827 3972 Soeben

2984 3945 3115 4005 bücher
3149 3942 3340 4002 hinterlass

2105 3946 2345 4006 Sonnenthals
2386 3945 2557 4005 berufen,
2607 3945 2671 4005 der
2721 3944 2750 4004 in
2799 3945 2897 4005 einem

2984 3993 3108 4053 chrlich
3145 3993 3207 4053 und
3239 3993 3326 4053 stren

2106 3996 2206 4056 Brief
2222 3995 2443 4055 geschrieben
2470 3993 2581 4053 hatte,
2602 3993 2739 4053 Arthur
2761 3996 2897 4056 Schnitz

1637 4022 1849 4082 erschien

2984 4042 3060 4102 loge
3095 4044 3195 4104 jedes
3231 4041 3335 4101 Wort

2111 4046 2158 4106 ler
2196 4046 2253 4106 sei
2296 4047 2412 4107 „ganz
2466 4043 2682 4103 talentlos".
2736 4047 2920 4107 Johannes

2980 4091 3124 4151 eigenen
3162 4090 3301 4150 Lebens
3328 4088 3344 4148 ü

2111 4094 2257 4154 Brahms
2288 4094 2358 4154 rief
2389 4093 2460 4153 mir
2490 4093 2622 4153 cinmal
2652 4092 2758 4152 überm
2815 4094 2915 4154 Tisch
