3392 4352
197 367 309 427 12.
367 368 957 428 Schnitzler's
1024 370 1251 430 Death

178 3235 234 3295 die
285 3235 467 3295 illegitime
501 3231 598 3291 Liebe
649 3231 824 3291 sozusagen
865 3226 978 3286 gesell¬

181 3286 322 3346 ftsfähig
351 3282 515 3342 gemacht,
533 3282 590 3342 daß
624 3279 652 3339 er
675 3279 738 3339 sie,
755 3278 817 3338 und
846 3276 914 3336 hier
943 3276 976 3336 :st

175 3335 223 3395 das
256 3332 359 3392 Wort
386 3329 528 3389 wirklich
561 3326 750 3386 zuständig,
795 3323 978 3383 eingebür¬

199 3383 277 3443 hat,
299 3383 367 3443 eine
394 3380 598 3440 Revolution
631 3374 688 3434 der
715 3374 978 3434 Sexualmoral,

188 3431 260 3491 man
317 3431 368 3491 sich
405 3428 497 3488 heute
530 3425 606 3485 kaum
675 3423 845 3483 vorstellen
882 3422 979 3482 kann.

175 3479 206 3539 ne
238 3479 421 3539 Schnitzler
454 3476 542 3536 hätte
581 3473 611 3533 es
649 3473 753 3533 keinen
796 3471 969 3531 Wedekind

181 3529 271 3589 eben,
294 3528 321 3588 ja
351 3525 532 3585 Schnitzler
561 3523 656 3583 selbst
675 3522 781 3582 greift
805 3520 884 3580 über
913 3517 980 3577 die¬

189 3577 374 3637 manchmal
411 3574 475 3634 und
501 3571 668 3631 wiederum
708 3571 869 3631 blitzartig
900 3568 980 3628 weit

177 3623 236 3683 aus
291 3625 345 3685 bis
394 3623 421 3683 in
454 3622 508 3682 die
530 3621 665 3681 Gefilde
714 3617 773 3677 der
823 3618 969 3678 neuesten

175 3673 338 3733 chlichkeit.
360 3673 407 3733 Er
429 3673 481 3733 tut
503 3670 560 3730 das
587 3667 787 3727 namentlich
814 3667 903 3727 dort,
925 3666 967 3726 wo

172 3720 235 3780 wie
262 3722 288 3782 im
336 3721 504 3781 „Reigen“
537 3718 583 3778 die
611 3715 774 3775 intimsten
811 3715 869 3775 und
901 3714 980 3774 dar¬

194 3771 246 3831 oft
294 3768 552 3828 ergreifendsten
584 3765 799 3825 Wahrheiten
842 3763 979 3823 gewagt

187 3820 257 3880 die
279 3820 397 3880 freilich
430 3819 484 3879 von
517 3816 570 3876 der
593 3813 792 3873 verblüfften
830 3811 981 3871 Mitwelt

175 3868 222 3928 ort
249 3870 301 3930 als
333 3868 602 3928 Pornographie
650 3863 861 3923 verleumdet
893 3861 982 3921 wur¬

205 3966 287 4026 Auch
317 3965 382 4025 mit
407 3965 460 4025 dem
508 3962 768 4022 Bürgerdichter
798 3959 922 4019 stimmt
947 3958 975 4018 es

165 4016 221 4076 cht.
244 4016 369 4076 Arthur
398 4013 584 4073 Schnitzler
613 4010 670 4070 hat
699 4010 783 4070 nicht
812 4010 874 4070 nur
903 4007 987 4067 Dir¬

170 4064 180 4124 n
203 4064 263 4124 und
292 4064 457 4124 Soldaten
485 4064 645 4124 schärfer,
662 4059 866 4119 lebendiger,
883 4055 982 4115 über¬

170 4114 302 4174 agender
330 4112 529 4172 geschildert
574 4112 623 4172 als
679 4110 795 4170 irgend
851 4108 895 4168 ein
934 4104 989 4164 be¬

171 4165 260 4225 jener
286 4165 535 4225 Volksdichter,
574 4162 606 4222 er
632 4162 708 4222 hat,
747 4163 797 4223 als
830 4162 861 4222 er
888 4159 976 4219 jenes

1481 374 1604 434 box
1683 377 1862 437 42/9

1020 3227 1130 3287 „süße"
1169 3219 1324 3279 Mädchen
1363 3219 1424 3279 aus
1463 3219 1518 3279 dem
1569 3217 1673 3277 Volke
1702 3216 1806 3276 schuf,
1829 3216 1878 3276 die

1020 3273 1124 3333 sanfte
1152 3269 1362 3329 liebesselige
1391 3267 1562 3327 Christine
1590 3267 1695 3327 etwa,
1735 3264 1789 3324 sich
1817 3263 1883 3323 mit

1019 3321 1106 3381 einem
1153 3319 1261 3379 Glanz
1314 3318 1380 3378 und
1432 3317 1525 3377 einer
1572 3315 1737 3375 Wehmut
1780 3312 1882 3372 ohne¬

1017 3370 1154 3430 gleichen
1186 3368 1212 3428 zu
1244 3368 1297 3428 der
1324 3367 1445 3427 großen
1477 3365 1694 3425 Demokratie
1716 3362 1768 3422 des
1800 3361 1879 3421 Her¬

1017 3420 1095 3480 zens
1128 3415 1285 3475 bekannt.

1100 3464 1231 3524 Arthur
1255 3464 1437 3524 Schnitzler
1481 3461 1525 3521 ist
1564 3460 1641 3520 auch
1686 3459 1780 3519 einer
1825 3457 1879 3517 der

1019 3514 1310 3574 „verbotensten“,
1338 3510 1608 3570 österreichischen
1646 3509 1775 3569 Dichter
1825 3504 1883 3564 ge¬

1021 3562 1139 3622 wesen.
1181 3559 1319 3619 Immer
1366 3558 1495 3618 wieder
1531 3557 1660 3617 erregte
1691 3556 1721 3616 er
1748 3553 1886 3613 Anstoß,

1019 3610 1332 3670 Zensurbedenken,
1354 3610 1386 3670 ja
1425 3607 1522 3667 sogar
1555 3604 1743 3664 öffentliche
1782 3602 1884 3662 Maß¬

1021 3660 1199 3720 regelung.
1216 3658 1357 3718 Immer
1384 3655 1510 3715 wieder
1537 3653 1657 3713 bewies
1690 3652 1747 3712 sein
1779 3649 1889 3709 Werk,

1019 3710 1078 3770 daß
1117 3709 1149 3769 es
1182 3706 1231 3766 sich
1269 3706 1318 3766 ihm
1368 3706 1400 3766 in
1438 3703 1530 3763 jedem
1580 3703 1748 3763 einzelnen
1787 3697 1889 3757 dieser

1022 3757 1119 3817 Fälle
1146 3755 1208 3815 nur
1234 3753 1276 3813 um
1318 3753 1411 3813 reine
1442 3750 1701 3810 Menschlichkeit
1728 3750 1790 3810 und
1821 3744 1883 3804 nur

1026 3806 1058 3866 um
1107 3804 1193 3864 deren
1226 3805 1344 3865 höchste
1372 3801 1431 3861 und
1464 3800 1588 3860 freieste
1615 3798 1739 3858 Moral
1761 3796 1885 3856 gehan¬

1024 3852 1094 3912 delt
1122 3853 1192 3913 hat.
1214 3852 1393 3912 Vielleicht
1426 3850 1507 3910 wird
1546 3848 1616 3908 man
1660 3846 1719 3906 erst
1747 3843 1882 3903 wirklich

1022 3903 1103 3963 viel,
1141 3901 1216 3961 viel
1255 3900 1369 3960 später
1418 3897 1521 3957 diesen
1559 3896 1863 3956 „Tendenzdichter

1027 3950 1153 4010 Arthur
1180 3948 1364 4008 Schnitzler
1391 3945 1571 4005 erkennen,
1614 3944 1676 4004 wie
1709 3944 1777 4004 man
1814 3941 1882 4001 auch

1028 4000 1084 4060 erst
1107 4001 1202 4061 lange
1248 3998 1321 4058 nach
1350 3993 1514 4053 Friedrich
1543 3992 1706 4052 Schillers
1735 3991 1802 4051 Tod
1837 3988 1881 4048 die

1024 4049 1153 4109 sittliche
1203 4046 1267 4106 und
1322 4045 1494 4105 politische
1522 4040 1754 4100 Sprengkraft
1798 4037 1878 4097 etwa

1031 4097 1130 4157 seiner
1159 4094 1303 4154 „Kabale
1331 4094 1391 4154 und
1420 4092 1536 4152 Liebe“
1565 4089 1703 4149 erkannt
1726 4088 1797 4148 hat.

1108 4147 1244 4207 Arthur
1271 4147 1465 4207 Schnitzler,
1505 4144 1563 4204 der
1609 4141 1778 4201 angeblich
1811 4139 1888 4199 zeit¬

1925 3213 2038 3273 lebens
2088 3213 2398 3273 Weltabgekehrte,
2436 3210 2496 3270 hat
2540 3210 2626 3270 allen
2682 3210 2784 3270 diesen

1923 3261 2204 3321 Konventionen,
2248 3261 2373 3321 freilich
2428 3261 2492 3321 auf
2520 3259 2606 3319 seine
2639 3260 2784 3320 überaus

1927 3311 2252 3371 grandseigneurale
2286 3309 2350 3369 Art
2400 3307 2453 3367 den
2497 3306 2595 3366 Krieg
2649 3309 2795 3369 erklärt:

1927 3359 1981 3419 dem
2030 3357 2315 3417 Uniformwahn,
2354 3354 2412 3414 der
2461 3356 2687 3416 Kriegslüge,
2731 3356 2790 3416 der

1933 3407 2240 3467 Sexualheuchelei,
2267 3404 2321 3464 dem
2370 3404 2677 3464 Familienterror.
2699 3404 2795 3464 Viel¬

1931 3456 2017 3516 leicht
2047 3455 2163 3515 dünkte
2193 3456 2239 3516 sich
2269 3453 2320 3513 die
2344 3452 2576 3512 Gesellschaft,
2595 3452 2652 3512 für
2682 3451 2734 3511 die
2764 3451 2792 3511 er

1932 3505 2083 3565 schreiben
2116 3503 2245 3563 mußte,
2278 3500 2418 3560 wirklich
2451 3500 2478 3560 zu
2511 3500 2694 3560 vornehm,
2733 3500 2770 3560 um

1930 3552 2014 3612 diese
2041 3553 2220 3613 Ketzereien
2274 3548 2305 3608 zu
2343 3547 2527 3607 bemerken.
2565 3547 2660 3607 Aber
2703 3548 2792 3608 diefe

1935 3601 2144 3661 Gesellschaft
2184 3599 2228 3659 ist
2251 3599 2350 3659 dahin
2406 3596 2471 3656 und
2528 3595 2577 3655 die
2611 3595 2787 3655 Ketzereien

1933 3649 1993 3709 sind
2027 3649 2220 3709 geblieben.
2259 3647 2308 3707 Im
2353 3646 2552 3706 Gegenteil,
2575 3646 2618 3706 sie
2647 3643 2784 3703 wachfen

1935 3698 2008 3758 über
2035 3697 2087 3757 den
2120 3697 2188 3757 Tod
2215 3694 2267 3754 des
2294 3694 2441 3754 Dichters
2468 3693 2594 3753 hinaus
2621 3692 2679 3752 wie
2706 3691 2795 3751 Vor¬

1935 3745 2050 3805 zeichen
2085 3747 2145 3807 auf
2171 3745 2256 3805 einem
2302 3741 2423 3801 immer
2448 3742 2523 3802 noch
2554 3743 2715 3803 dunklen,
2735 3741 2795 3801 un¬

1935 3795 2084 3855 gewissen
2142 3794 2209 3854 und
2235 3792 2297 3852 von
2329 3792 2468 3852 allerlei
2489 3792 2588 3852 Spuk
2635 3790 2686 3850 der
2713 3789 2800 3849 Ver¬

1932 3843 2143 3903 gangenheit
2165 3840 2338 3900 bedrohten
2371 3841 2468 3901 Weg.
2512 3835 2560 3895 Es
2588 3838 2625 3898 ist
2653 3840 2696 3900 ein
2729 3839 2798 3899 ein¬

1933 3891 2040 3951 samer
2068 3894 2170 3954 Weg,
2213 3888 2278 3948 wie
2311 3888 2364 3948 der
2392 3889 2472 3949 Weg
2526 3889 2612 3949 aller
2661 3888 2785 3948 großen

1932 3938 2062 3998 Dichter
2111 3941 2175 4001 und
2231 3936 2518 3996 Vorausdenker,
2556 3938 2610 3998 den
2665 3938 2795 3998 Arthur

1933 3989 2115 4049 Schnitzler
2143 3987 2321 4047 seinerzeit
2344 3986 2588 4046 eingeschlagen
2622 3986 2694 4046 hat.

2022 4037 2109 4097 Aber
2132 4037 2192 4097 wie
2215 4037 2342 4097 gesagt,
2359 4035 2386 4095 er
2409 4034 2481 4094 war
2504 4034 2570 4094 uns
2598 4036 2653 4096 auf
2675 4037 2774 4097 diesem

1935 4086 2011 4146 Weg
2041 4088 2082 4148 um
2124 4089 2170 4149 ein
2200 4088 2400 4148 gewaltiges
2430 4085 2529 4145 Stück
2548 4085 2694 4145 voraus.

2669 4138 2682 4198 k
