3392 4320
406 88 542 148 Verehrer
571 90 606 150 ihm
644 88 670 148 in
699 90 772 150 einer
792 88 891 148 Weise
911 91 1065 151 huldigen,

389 132 430 192 die
453 133 568 193 Arthur
592 133 767 193 Schnitzlers
790 133 951 193 Geschmack
975 134 1062 194 besser

388 175 561 235 entspricht,
579 174 694 234 nämlich
721 174 801 234 durch
828 173 868 233 ein
895 174 979 234 stilles
1006 174 1064 234 Ge¬

387 218 514 278 denken,
542 216 627 276 durch
670 217 707 277 ein
750 216 910 276 Versenken
949 217 971 277 in
1005 218 1057 278 sein

395 262 548 322 Schaffen.

426 321 498 381 Was
535 322 567 382 er
599 323 681 383 war,
709 321 781 381 wird
818 321 849 381 am
900 321 1054 381 leichtesten

387 363 585 423 einleuchten,
611 366 688 426 wenn
724 365 784 425 man
819 366 909 426 zeigt,
935 365 999 425 was
1030 364 1059 424 er

387 407 462 467 nicht
495 407 575 467 war.
608 407 669 467 Ihm
712 404 759 464 lag
792 405 843 465 das
882 404 1060 464 Pathetische

389 446 411 506 so
434 448 495 508 fern
522 449 575 509 wie
597 448 646 508 das
673 449 876 509 Elementare,
890 447 942 507 alle
960 449 1057 509 Wucht

383 490 409 550 so
454 488 516 548 fern
565 491 618 551 wie
663 489 720 549 alle
761 489 951 549 Dumpfheit.
1000 491 1053 551 Ein

388 533 498 593 klarer,
521 533 631 593 wacher
663 533 756 593 Geist,
783 531 845 591 eine
876 533 1058 593 wienerische

389 574 512 634 Grazie,
540 577 580 637 ein
618 576 754 636 Zweifeln
791 574 822 634 an
860 574 910 634 den
946 575 1051 635 großen

387 616 503 676 Worten
536 618 592 678 und
621 619 681 679 eine
709 616 915 676 Hellhörigkeit
939 616 990 676 für
1014 619 1055 679 die

388 658 494 718 kleinen
525 660 627 720 Worte
658 658 706 718 des
738 660 867 720 Lebens,
889 658 933 718 ein
969 660 1062 720 Kopf¬

387 703 517 763 schütteln
546 703 615 763 über
639 703 680 763 die
704 703 872 763 Raufbolde
887 700 933 760 der
952 702 1040 762 Ueber

387 745 519 805 zeugung
556 745 610 805 und
647 745 688 805 ein
725 745 825 805 müdes
862 746 1053 806 Achselzucken

387 787 459 847 über
492 786 537 846 die
569 787 715 847 Narrheit
747 786 793 846 der
825 784 907 844 Welt
939 786 948 846 —
1003 789 1057 849 das

387 829 459 889 alles
488 828 526 888 ist
556 830 579 890 in
613 828 791 888 Schnitzlers
825 831 1051 891 Theaterstücken

389 873 441 933 und
471 873 678 933 Erzählungen
708 873 736 933 zu
766 873 881 933 finden.

424 933 502 993 Zwei
538 933 636 993 Werke
671 933 760 993 seiner
795 936 913 996 Jugeni
964 935 1052 995 haben

381 978 427 1038 ihn
465 975 605 1035 berühmt
639 978 779 1038 gemacht.
817 977 966 1037 „Anatol"
1000 976 1055 1036 und

386 1016 563 1076 „Liebelei".
588 1014 660 1074 Sein
690 1016 805 1076 Anatol
824 1018 852 1078 ist
873 1019 911 1079 ein
935 1021 1065 1081 Mensch,

383 1059 429 1119 der
462 1060 513 1120 vor
541 1060 649 1120 vierzig
682 1061 789 1121 Jahren
827 1059 878 1119 auf
907 1060 948 1120 die
977 1061 1055 1121 Welt

385 1103 425 1163 kam
471 1103 521 1163 und
553 1103 635 1163 heute
662 1103 735 1163 schon
767 1103 817 1163 wie
845 1102 903 1162 eine
931 1103 1058 1163 Erschei¬

380 1146 459 1206 nung
499 1147 552 1207 aus
592 1148 782 1208 versunkenen
823 1146 920 1206 Zeiten
961 1148 1062 1208 wirkt,

382 1190 419 1250 ein
452 1187 616 1247 Liebhaber
639 1190 775 1250 nämlich,
794 1187 845 1247 der
869 1188 915 1248 den
944 1189 1046 1249 ganzen

378 1232 440 1292 Tag
469 1231 560 1291 nichts
590 1231 715 1291 anderes
750 1228 792 1288 tut
822 1229 865 1289 als
899 1230 923 1290 zu
962 1231 1053 1291 lieben

383 1276 433 1336 und
467 1276 699 1336 Betrachtungen
733 1273 798 1333 über
827 1272 868 1332 die
892 1273 976 1333 Liebe
1004 1271 1055 1331 an¬

382 1318 533 1378 zustellen.
569 1317 609 1377 Im
655 1317 771 1377 Ringen
807 1315 863 1375 mit
894 1312 943 1372 der
975 1315 1055 1375 meist

378 1363 570 1423 überlegenen
615 1360 694 1420 Frau
739 1359 847 1419 begeht
872 1358 901 1418 er
932 1357 1055 1417 Dumm¬

385 1404 493 1464 heiten,
525 1402 597 1462 über
639 1401 685 1461 die
723 1401 774 1461 sein
816 1401 940 1461 Freund
983 1401 1055 1461 Max

384 1446 490 1506 witzige
522 1446 628 1506 Worte
666 1446 745 1506 sagt.
788 1443 857 1503 Mit
890 1443 937 1503 dem
985 1443 1059 1503 Volk

385 1488 471 1548 haben
509 1487 546 1547 all
574 1486 644 1546 diese
677 1488 904 1548 Schnitzlerschen
942 1485 1045 1545 Helden

377 1524 434 1584 aus
465 1524 598 1584 Anatols
630 1524 709 1584 Blut
736 1524 824 1584 nichts
856 1523 887 1583 zu
923 1523 1055 1583 schaffen.

377 1565 445 1625 Nur
472 1566 495 1626 in
522 1566 640 1626 einer
668 1563 949 1623 Erscheinungsform
991 1562 1054 1622 tritt

371 1607 425 1667 das
460 1607 538 1667 Volk
564 1605 593 1665 in
628 1607 682 1667 das
712 1607 825 1667 Leben,
850 1605 974 1665 nämlich
1009 1606 1053 1666 als

379 1649 430 1709 das
456 1649 544 1709 „üße
570 1646 709 1706 Mädel".
736 1649 823 1709 Wenn
855 1649 927 1709 diese
948 1647 1046 1707 beiden

378 1692 511 1752 Welten,
531 1694 575 1754 die
601 1691 802 1751 proletarische
828 1691 971 1751 Vorstadt
996 1690 1050 1750 und

378 1736 430 1796 bas
450 1733 661 1793 Villenviertel
682 1733 734 1793 von
763 1731 864 1791 Wien,
874 1733 1057 1793 zusammen¬

379 1778 493 1838 stoßen,
509 1780 534 1840 so
561 1775 649 1835 fließt
676 1778 821 1838 entweder
853 1777 889 1837 (im
926 1776 1056 1836 Anatol)

379 1820 426 1880 der
453 1821 527 1881 Sekt
554 1819 623 1879 oder
656 1819 692 1879 (in
725 1819 772 1879 der
804 1816 985 1876 „Liebelei")
1012 1816 1053 1876 die

377 1863 492 1923 Träne.
538 1861 618 1921 Denn
664 1861 689 1921 in
735 1861 825 1921 diesem
876 1861 1052 1921 Schauspiel

379 1906 449 1966 wird
474 1907 530 1967 das
556 1906 621 1966 füße
647 1905 753 1965 Mädel
774 1905 819 1965 zur
840 1903 1057 1963 Hauptperson.

381 1946 435 2006 Sie
460 1950 509 2010 hat
535 1948 692 2008 geglaubt,
712 1948 761 2008 daß
792 1948 826 2008 sie
851 1947 899 2007 dem
945 1948 1048 2008 jungen

381 1993 525 2053 Kavalier
554 1991 582 2051 so
612 1990 673 2050 viel
703 1990 837 2050 bedeute,
866 1990 918 2050 wie
948 1990 976 2050 er
1005 1988 1048 2048 ihr

381 2034 448 2094 gilt.
472 2034 558 2094 Nun,
578 2031 607 2091 da
632 2031 655 2091 er
680 2033 703 2093 in
728 2031 809 2091 einem
844 2031 1054 2091 Ehrenhandel

376 2079 406 2139 um
456 2077 520 2137 eine
550 2075 644 2135 Dame
679 2075 728 2135 der
758 2073 946 2133 Gesellschaft
971 2072 1055 2132 fällt,

377 2120 469 2180 bricht
507 2118 558 2178 für
600 2118 636 2178 sie
672 2117 719 2177 die
751 2115 833 2175 Welt
870 2118 1056 2178 zusammen:

379 2163 469 2223 „Was
505 2160 555 2220 bin
592 2162 662 2222 denn
698 2160 764 2220 ich?
820 2160 870 2220 Ich
906 2159 951 2219 bin
992 2159 1037 2219 ihm

378 2207 467 2267 nichts
512 2205 635 2265 gewesen
681 2203 724 2263 als
770 2202 809 2262 ein
844 2202 1041 2262 Zeitvertreib

384 2246 435 2306 und
461 2248 507 2308 für
539 2248 600 2308 eine
627 2246 729 2306 andere
756 2244 791 2304 ist
813 2244 838 2304 er
864 2246 1008 2306 gestorben

417 2305 517 2365 Dieses
549 2306 617 2366 süße
650 2306 761 2366 Mädel
793 2305 851 2365 sitzt
888 2306 914 2366 in
957 2306 1036 2366 einem

378 2352 483 2412 kleinen
518 2351 715 2411 dämmerigen
744 2351 874 2411 Zimmer
903 2348 951 2408 der
976 2347 1052 2407 Vor¬

378 2396 450 2456 stadt
479 2395 561 2455 unter
590 2393 638 2453 der
667 2393 884 2453 Hängelampe,
908 2393 961 2453 und
995 2392 1043 2452 von

378 2436 457 2496 ihrem
497 2436 615 2496 Fenster
640 2436 694 2496 aus
719 2435 788 2495 sieht
813 2435 847 2495 sie
867 2434 892 2494 im
932 2433 1049 2493 Abend¬

378 2479 442 2539 licht
472 2476 575 2536 Wieno
605 2479 712 2539 Dächer
747 2476 796 2536 und
831 2477 1052 2537 Schornsteine.

378 2524 452 2584 „Sie
472 2521 560 2581 hat",
575 2521 600 2581 so
620 2521 683 2581 sagt
709 2521 821 2581 Anatol
842 2521 969 2581 einmal,
990 2521 1048 2581 „die

374 2565 472 2625 weiche
496 2563 614 2623 Anmut
643 2563 718 2623 eines
747 2563 1054 2623 Frühlingsabends,

377 2608 421 2668 die
452 2608 563 2668 Grazie
594 2605 674 2665 einer
710 2605 916 2665 verzauberten
952 2603 1047 2663 Prin¬

373 2650 452 2710 zessin
487 2649 541 2709 und
576 2646 620 2706 den
655 2646 738 2706 Geist
764 2647 842 2707 eines
872 2647 1049 2707 Mädchens,

375 2692 429 2752 das
454 2693 488 2753 zu
518 2691 606 2751 lieben
641 2690 749 2750 weiß."
779 2690 818 2750 Im
863 2691 985 2751 Grunde
1015 2691 1049 2751 ist

371 2735 553 2795 Schnitzlers
588 2733 684 2793 Kunst
718 2733 818 2793 immer
858 2731 905 2791 bei
935 2733 1050 2793 Anatol

378 2776 430 2836 und
459 2775 502 2835 bei
522 2775 613 2835 seinem
647 2776 753 2836 Mädel
773 2775 859 2835 stehen
889 2775 1052 2835 geblieben.

373 2821 427 2881 Die
462 2818 609 2878 Personen
644 2818 752 2878 freilich
782 2819 929 2879 wechseln.
969 2819 1047 2879 Aber

373 2863 406 2923 es
440 2861 535 2921 bleibt
569 2860 612 2920 die
646 2860 741 2920 Ferne
775 2860 827 2920 von
861 2860 975 2920 Mensch
1009 2861 1037 2921 zu

371 2904 504 2964 Mensch,
534 2905 578 2965 die
603 2900 692 2960 große
727 2903 919 2963 Einsamkeit,
944 2903 968 2963 in
1003 2903 1047 2963 die

376 2948 431 3008 uns
460 2948 510 3008 alle
534 2947 586 3007 das
610 2945 749 3005 Schicksal
764 2945 936 3005 schleudert.
956 2945 1044 3005 „Was

371 2990 466 3050 wissen
500 2989 556 3049 wir
581 2989 852 3049 voneinander?“,
868 2988 896 3048 so
920 2987 1048 3047 sprechen

376 3033 468 3093 Vater
492 3033 548 3093 und
577 3029 656 3089 Sohn
684 3032 707 3092 im
750 3031 918 3091 „Einsamen
946 3032 1034 3092 Weg“

376 3076 422 3136 als
455 3075 506 3135 der
539 3074 599 3134 Tod
633 3073 716 3133 ihnen
754 3070 800 3130 die
833 3073 950 3133 Tochter
983 3072 1048 3132 ent¬

373 3118 456 3178 rissen
496 3118 565 3178 hat.
605 3117 669 3177 Aus
709 3118 798 3178 diesem
848 3115 966 3175 Gefühl
1001 3115 1045 3175 der

373 3160 506 3220 irdischen
567 3158 789 3218 Verlassenheit
844 3160 947 3220 strömt

377 3202 578 3262 Schwermut,
597 3200 642 3260 der
665 3202 897 3262 Wurzelboden,
916 3202 961 3262 der
985 3202 1048 3262 auch

372 3246 417 3306 die
458 3247 621 3307 Heiterkeit
662 3244 691 3304 in
738 3245 916 3305 Schnitzlers
963 3243 1048 3303 Werk

377 3288 482 3348 nährt.

414 3347 494 3407 Denn
530 3347 641 3407 wonach
672 3348 778 3408 breiten
814 3347 855 3407 die
886 3348 1042 3408 Liebenden

378 3390 417 3450 die
442 3391 551 3451 Arme?
586 3393 669 3453 „Nur
690 3390 778 3450 Besitz
794 3390 828 3450 ist
848 3390 967 3450 Glück!“
987 3388 1045 3448 ruft

374 3432 453 3492 einer
484 3432 533 3492 von
565 3433 670 3493 ihnen,
697 3432 750 3492 und
782 3430 826 3490 die
853 3432 1052 3492 Erkenntnis.

373 3475 422 3535 daß
455 3475 481 3535 es
509 3473 709 3533 Menschenlos
737 3473 786 3533 sei,
805 3476 932 3536 niemals
960 3473 1037 3533 einen

375 3516 480 3576 andern
519 3518 609 3578 völlig
643 3517 671 3577 zu
706 3516 834 3576 besitzen,
859 3518 954 3578 bricht
983 3518 1026 3578 ihm

377 3558 427 3618 das
450 3560 537 3620 Herz.
565 3560 624 3620 Den
652 3560 752 3620 Eltern
780 3560 844 3620 geht
868 3560 895 3620 es
922 3560 973 3620 mit
996 3561 1041 3621 den

370 3602 503 3662 Kindern
538 3601 657 3661 ebenso,
681 3600 729 3660 den
763 3602 954 3662 Ehrgeizigen
993 3603 1045 3663 mit

376 3644 421 3704 dem
471 3644 612 3704 Phantom
658 3644 708 3704 der
740 3644 836 3704 Ehre,
863 3644 913 3704 das
950 3646 986 3706 sie
1018 3644 1041 3704 so

371 3689 435 3749 gern
472 3688 527 3748 mit
556 3685 606 3745 der
639 3685 754 3745 Pistole
782 3685 833 3745 des
865 3688 1045 3748 Duellanten

373 3730 576 3790 verteidigen,
598 3728 649 3788 den
684 3727 956 3787 Heldenverehrern
995 3728 1051 3788 mit

370 3773 418 3833 dem
467 3772 560 3832 Ideal
592 3772 641 3832 des
677 3771 872 3831 Heroismus.
908 3772 1050 3832 Ueberall

373 3815 425 3875 setzt
445 3814 619 3874 Schnitzler,
629 3814 673 3874 der
692 3811 842 3871 Zweifler,
857 3814 910 3874 sein
939 3814 1050 3874 Frage¬

376 3859 498 3919 zeichen,
517 3859 635 3919 überall
658 3857 735 3917 zuckt
759 3856 785 3916 er
813 3856 836 3916 in
868 3859 1041 3919 Entsagung

371 3899 412 3959 die
449 3900 587 3960 Achseln.
628 3900 702 3960 Kein
744 3898 904 3958 Kämpfer,
942 3900 1047 3960 gewiß.

376 3942 450 4002 Aber
479 3942 516 4002 ein
550 3942 718 4002 Ehrlicher,
738 3940 784 4000 der
813 3941 873 4001 jede
902 3941 1047 4001 Gefühls¬

373 3986 456 4046 lüge,
494 3986 555 4046 jede
597 3984 859 4044 Gefühlskomödie
902 3984 1047 4044 unbarm¬

375 4029 470 4089 herzig
498 4026 648 4086 entlarot.

410 4070 493 4130 Weil
534 4071 592 4131 wir
637 4069 785 4129 Menschen
835 4069 859 4129 im
919 4071 1042 4131 Grunde

376 4115 464 4175 nichts
502 4112 706 4172 voneinander
740 4115 851 4175 wissen,
880 4115 903 4175 so
936 4115 1038 4175 wollen

1213 129 1546 189 Aerzte
1613 130 2364 190 untereinander

1157 214 1319 274 Szenen
1356 217 1428 277 aus
1453 219 1524 279 dem
1579 222 1857 282 Schauspiel:
1882 222 2129 282 „Professor
2160 225 2419 285 Bernhardi“

1286 321 1390 381 Aerzte
1426 320 1487 380 sind
1522 321 1610 381 nicht
1636 322 1750 382 immer
1777 323 1838 383 nur
1869 322 2031 382 selbstlose
2062 320 2171 380 Helfer
2202 325 2254 385 der
2285 330 2478 390 Menschheit

1225 363 1303 423 Auch
1334 363 1421 423 ihnen
1457 363 1496 423 ist
1518 363 1579 423 das
1606 365 2128 425 Menschliche-Allzumenschliche
2159 366 2242 426 nicht
2264 369 2386 429 fremd.
2422 372 2483 432 Der

1221 405 1319 465 große
1341 404 1451 464 Prozeß
1482 404 1571 464 gegen
1602 406 1648 466 die
1674 407 1832 467 Lübecker
1859 407 1965 467 Aerzte
1987 407 2067 467 zeigt
2085 407 2140 467 das
2162 407 2187 467 in
2214 411 2469 471 erschreckendem

1217 446 1325 506 Maße.
1371 447 1488 507 Arthur
1520 449 1692 509 Schnitzler
1724 447 1792 507 war
1824 449 1923 509 selbst
1955 449 2045 509 Arzt.
2082 449 2113 509 In
2150 450 2253 510 seinem
2299 457 2489 517 Schauspiel

1223 487 1403 547 „Professor
1444 490 1642 550 Bernhardi“
1683 491 1741 551 hat
1778 491 1809 551 er
1850 491 1918 551 eine
1959 491 2139 551 großartige
2184 497 2391 557 Darstellung
2432 498 2486 558 der

1215 533 1436 593 Beziehungen
1473 532 1531 592 und
1568 533 1785 593 Spannungen
1822 536 1849 596 in
1886 533 1967 593 einem
2017 536 2289 596 Aerztekollegium
2339 542 2470 602 gegeben

1224 575 1285 635 Mit
1309 575 1552 635 Genehmigung
1582 575 1638 635 des
1663 576 1815 636 Verlages
1844 577 1877 637 S.
1892 577 2125 637 Fischer-Berlin
2159 581 2249 641 geben
2288 583 2345 643 wir
2369 585 2483 645 Szenen

1222 617 1277 677 aus
1304 616 1403 676 diesem
1446 619 1640 679 Schauspiel
1662 619 1799 679 wieder:

1109 673 1360 733 (Sitzungszimmer
1386 673 1411 733 im
1449 674 1646 734 Krankenhaus
1680 675 1784 735 „Elisa¬

1865 681 1893 741 es
1927 679 1989 739 auch
2024 682 2076 742 sei,
2105 685 2225 745 sondern
2269 685 2302 745 ich
2336 690 2408 750 stehe
2442 691 2495 751 vor

1103 712 1273 772 bethinum".
1305 711 1357 771 Die
1389 712 1491 772 meisten
1527 712 1571 772 der
1603 712 1698 772 Aerzte
1730 714 1777 774 sind

1868 724 1956 784 Ihnen
1990 724 2036 784 als
2065 726 2200 786 Direktor
2234 729 2322 789 dieser
2365 730 2496 790 Anstalt,

1104 751 1292 811 versammelt.
1309 751 1447 811 Professor
1464 751 1542 811 Filitz
1560 749 1618 809 liest
1635 751 1685 811 aus
1710 750 1777 810 einer

1868 763 1899 823 um
1940 766 1990 826 Sie
2013 768 2045 828 zu
2073 769 2186 829 fragen,
2210 771 2259 831 wie
2283 772 2337 832 wir
2365 775 2419 835 uns
2447 775 2492 835 der

1109 786 1307 846 Abendzeitung
1332 787 1367 847 die
1384 789 1594 849 Interpellation
1619 789 1692 849 einer
1712 788 1781 848 poli¬

1865 809 1997 869 Tutsache
2034 808 2080 868 der
2117 816 2492 876 Kuratoriumsdemission

1105 826 1193 886 tischen
1226 828 1323 888 Partei
1344 828 1400 888 vor,
1417 827 1490 887 durch
1514 825 1603 885 welche
1628 825 1668 885 der
1693 824 1781 884 Direk¬

1863 852 2028 912 gegenüber
2046 852 2074 912 zu
2102 857 2248 917 verhalten
2276 858 2386 918 haben.
2419 861 2492 921 Herr

1104 864 1143 924 tor
1175 864 1222 924 des
1254 867 1494 927 Krankenhauses,
1522 864 1659 924 Professor
1695 864 1781 924 Bern¬

1870 894 2015 954 Professor
2039 897 2165 957 Cyprian
2193 900 2244 960 hat
2264 901 2315 961 das
2344 904 2442 964 Wort.

1104 903 1193 963 hardi,
1210 903 1368 963 beschuldigt
1393 905 1471 965 wird,
1488 903 1561 963 einem
1594 903 1712 963 Pfarrer
1733 903 1773 963 den

1825 939 1954 999 Cyprian
1993 936 2157 996 (eintönig):
2201 942 2268 1002 Wir
2297 946 2393 1006 wissen
2432 948 2499 1008 alle,

1104 940 1210 1000 Zutritt
1230 942 1257 1002 zu
1285 942 1356 1002 einer
1376 942 1541 1002 Sterbenden
1573 941 1730 1001 verweigert
1750 942 1773 1002 zu

1137 981 1238 1041 haben.
1260 981 1393 1041 Professor
1420 981 1575 1041 Bernhardi
1597 980 1659 1040 tritt
1682 980 1748 1040 ein.)

1862 981 1914 1041 daß
1944 981 2127 1041 Bernhardi,
2146 986 2194 1046 als
2223 987 2247 1047 er
2277 988 2324 1048 dem
2363 989 2493 1049 Priester

1865 1020 1911 1080 den
1939 1022 2069 1082 Eintritt
2093 1025 2116 1085 in
2149 1028 2200 1088 das
2229 1031 2490 1091 Krankenzimmer

1107 1028 1279 1088 Bernhardi
1306 1028 1372 1088 (sehr
1395 1026 1585 1086 aufgeräumt,
1603 1025 1700 1085 nimmt
1722 1028 1766 1088 dem

1139 1070 1243 1130 Diener
1264 1070 1301 1130 die
1323 1070 1520 1130 Abendblätter
1541 1070 1586 1130 aus
1612 1070 1653 1130 der
1675 1069 1779 1129 Hand):

1863 1066 2070 1126 verweigerte,
2109 1073 2325 1133 ausschließlich
2355 1075 2378 1135 in
2418 1075 2494 1135 Aus¬

1862 1109 1961 1169 übung
1996 1112 2084 1172 seiner
2115 1115 2268 1175 ärztlichen
2308 1118 2417 1178 Pflicht
2447 1119 2495 1179 ge¬

1143 1117 1237 1177 Guten
1275 1118 1388 1178 Abend,
1412 1118 1502 1178 meine
1530 1117 1657 1177 Herren.
1695 1118 1780 1178 Hier,

1863 1154 1987 1214 handelt
2007 1156 2071 1216 hat.
2086 1157 2150 1217 Wir
2176 1158 2224 1218 alle
2250 1162 2343 1222 hätten
2374 1160 2428 1220 uns
2453 1162 2477 1222 im

1144 1159 1226 1219 bitte,
1246 1161 1289 1221 sich
1314 1163 1342 1223 zu
1368 1160 1522 1220 bedienen.
1562 1160 1610 1220 Ich
1635 1160 1707 1220 bitte
1732 1159 1765 1219 um

1140 1201 1408 1261 Entschuldigung,
1447 1201 1499 1261 daß
1543 1202 1576 1262 ich
1620 1201 1686 1261 mich
1730 1201 1768 1261 ein

1863 1197 1981 1257 gleichen
2021 1198 2089 1258 Fall
2119 1202 2212 1262 genau
2252 1204 2276 1264 so
2316 1204 2482 1264 benommen

1867 1238 1924 1298 wie
1949 1239 1992 1299 er.

1141 1243 1233 1303 wenig
1267 1246 1417 1306 verspätet
1441 1242 1529 1302 habe.
1567 1242 1627 1302 Die
1661 1246 1768 1306 Herren

1829 1282 2006 1342 Ebenwald:
2051 1283 2106 1343 Sie
2134 1287 2256 1347 haben's
2290 1291 2311 1351 ja
2346 1294 2412 1354 doch
2446 1296 2489 1356 nie

1141 1288 1226 1348 haben
1266 1288 1311 1348 sich
1347 1288 1371 1348 ja
1402 1289 1568 1349 hoffentlich
1609 1288 1689 1348 indes
1724 1288 1779 1348 gut

1862 1327 1970 1387 getan.

1139 1328 1331 1388 unterhalten
1371 1330 1383 1390 .
1410 1331 1466 1391 ..

1492 1333 1542 1393 Ich
1579 1330 1697 1390 erkläre
1733 1330 1779 1390 die

1826 1369 2038 1429 Schreimann:
2059 1370 2131 1430 Auch
2163 1374 2209 1434 bei
2231 1375 2323 1435 Herrn
2355 1378 2489 1438 Direktor

1147 1372 1260 1432 Sitzung
1292 1375 1338 1435 für
1364 1373 1504 1433 eröffnet.
1541 1374 1592 1434 Ich
1619 1372 1691 1432 habe
1717 1372 1774 1432 mir

1867 1410 2040 1470 Vernhardi
2061 1413 2121 1473 war
2148 1416 2181 1476 es
2215 1419 2335 1479 unseres
2362 1420 2489 1480 Wissens

1141 1416 1274 1476 erlaubt.
1304 1416 1362 1476 Sie
1387 1418 1417 1478 zu
1452 1416 1530 1476 einer
1560 1416 1776 1476 außerordent¬

1865 1455 1915 1515 das
1949 1455 2094 1515 erstemal.

1142 1458 1223 1518 lichen
1273 1458 1391 1518 Sitzung
1441 1458 1668 1518 einzuberufen.
1718 1456 1777 1516 Sie

1141 1499 1234 1559 wissen
1264 1500 1288 1560 ja
1313 1501 1382 1561 alle,
1398 1503 1495 1563 warum
1531 1502 1564 1562 ich
1585 1502 1639 1562 mir
1659 1501 1777 1561 erlaubt

1835 1497 1975 1557 Cyprian:
2027 1497 2207 1557 Bernhardis
2247 1506 2371 1566 Fehler,
2405 1506 2484 1566 wenn

1608 1538 1769 1598 Immerhin

1145 1537 1225 1597 habe,
1254 1537 1307 1597 Sie
1340 1536 1567 1596 einzuberufen.

1866 1534 1920 1594 wir
1946 1536 1986 1596 ihn
2012 1536 2177 1596 überhaupt
2194 1542 2218 1602 lo
2239 1542 2349 1602 nennen
2375 1545 2495 1605 wollen,

1145 1580 1177 1640 ist
1200 1578 1232 1638 es
1261 1578 1354 1638 meine
1383 1579 1510 1639 Pflicht,
1527 1581 1576 1641 den
1610 1581 1698 1641 Brief
1726 1580 1776 1640 zur

1863 1578 1978 1638 bestand
2009 1580 2064 1640 also
2095 1581 2149 1641 nur
2175 1581 2281 1641 darin,
2302 1584 2352 1644 daß
2388 1584 2417 1644 er
2448 1584 2493 1644 die

1147 1622 1305 1682 Verlesung
1327 1624 1358 1684 zu
1385 1622 1523 1682 bringen,
1544 1625 1591 1685 der
1613 1625 1671 1685 mir
1692 1625 1776 1685 heute

1864 1622 1954 1682 Folge
1986 1621 2059 1681 nicht
2087 1623 2229 1683 bedachte,
2257 1623 2304 1683 daß
2342 1624 2368 1684 er
2400 1627 2489 1687 seiner

1863 1664 2191 1724 ärztlich=menschlichen
2232 1667 2409 1727 Eingebung
2445 1670 2495 1730 ge¬

1141 1667 1260 1727 morgen
1288 1667 1434 1727 zugestellt
1456 1667 1575 1727 wurde.

1108 1708 1209 1768 Filitz:
1228 1709 1323 1769 Hört!

1866 1707 1943 1767 folgt
1959 1709 2004 1769 ist,
2026 1709 2066 1769 die
2088 1709 2139 1769 wir
2165 1709 2216 1769 alle
2237 1709 2283 1769 als
2304 1714 2407 1774 Aerzte
2433 1712 2484 1772 und

1101 1751 1279 1811 Bernhardi
1307 1749 1403 1809 (liest):
1447 1754 1690 1814 „Hochvereheter
1717 1749 1733 1809 —

1864 1751 2008 1811 Menschen
2044 1752 2193 1812 gutheißen
2235 1754 2364 1814 müssen;
2406 1757 2493 1817 somit

1863 1794 1926 1854 gibt
1952 1793 1981 1853 es
2011 1794 2074 1854 eine
2099 1796 2212 1856 einzige
2248 1797 2405 1857 Antwort,
2445 1799 2493 1859 die

1137 1796 1216 1856 usw.
1237 1796 1316 1856 usw.
1338 1799 1400 1859 „Ich
1433 1796 1532 1856 beehre
1565 1796 1648 1856 mic.,
1670 1797 1765 1857 Ihnen

1863 1835 1913 1895 dem
1948 1836 2049 1896 Briefe
2075 1837 2120 1897 des
2146 1840 2364 1900 Kuratoriums
2390 1842 2495 1902 gegen¬

1141 1840 1342 1900 mitzuteilen,
1363 1837 1414 1897 daß
1446 1839 1492 1899 die
1518 1837 1693 1897 Mitglieder
1725 1839 1771 1899 des

1142 1882 1359 1942 Kuratoriums
1386 1875 1439 1935 —"
1462 1878 1510 1938 usw
1555 1882 1630 1942 usw.
1648 1880 1661 1940 —
1706 1884 1767 1944 „den

1862 1879 1936 1939 über
1961 1879 2074 1939 geboten
2109 1885 2262 1945 erscheint,
2287 1885 2405 1945 nämlich
2440 1885 2493 1945 un¬

1138 1924 1350 1984 einstimmigen
1385 1923 1518 1983 Beschluß
1548 1927 1651 1987 gefaßt
1672 1924 1779 1984 haben,

1858 1924 1933 1984 serem
1994 1924 2144 1984 Direktor,
2191 1925 2281 1985 Herrn
2337 1930 2488 1990 Professor

1140 1967 1199 2027 ihre
1229 1968 1421 2028 Ehrenstellen
1456 1967 1691 2027 zurückzulegen.
1717 1967 1775 2027 In¬

1861 1966 2046 2026 Bernhardi,
2068 1969 2147 2029 unser
2180 1969 2291 2029 vollstes
2318 1972 2482 2032 Vertrauen

1140 2008 1187 2068 dem
1226 2011 1264 2071 ich
1294 2011 1408 2071 Ihnen,
1447 2011 1672 2071 hochverehrter
1696 2011 1773 2071 Herr

1864 2009 2003 2069 einmütig
2029 2011 2271 2071 auszusprechen.

1828 2052 2032 2112 Pflugfelder:
2052 2052 2172 2112 Bravol

1140 2053 1293 2113 Direktor,
1308 2053 1394 2113 diesen
1428 2053 1557 2113 Beschluß
1586 2055 1638 2115 zur
1663 2053 1773 2113 Kennt¬

1136 2097 1183 2157 nis
1218 2097 1337 2157 bringe,
1361 2097 1447 2157 richte
1476 2097 1509 2157 ich
1544 2097 1596 2157 das
1630 2097 1764 2157 Ersuchen

1823 2094 2013 2154 Bernhardi:
2056 2097 2129 2157 Herr
2161 2100 2362 2160 Vizedirektor
2394 2103 2489 2163 Eben¬

1136 2139 1164 2199 an
1193 2137 1263 2197 Sie,
1277 2139 1319 2199 die
1343 2139 1490 2199 verehrten
1523 2139 1702 2199 Mitglieder
1721 2140 1768 2200 des

1863 2139 1935 2199 wald
1967 2139 2013 2199 hat
2040 2140 2092 2200 das
2118 2140 2222 2200 Wort.

1132 2184 1356 2244 Direktoriums
1388 2183 1443 2243 und
1485 2182 1535 2242 des
1572 2183 1773 2243 Lehrkörpers

1828 2179 2004 2239 Ebenwald:
2046 2184 2149 2244 Meine
2187 2187 2316 2247 Herren,
2359 2187 2488 2247 täuschen

1138 2226 1226 2286 davon
1264 2225 1287 2285 in
1325 2225 1474 2285 Kenntnis
1508 2225 1536 2285 zu
1574 2225 1672 2285 setzen.
1714 2224 1774 2284 Ge¬

1860 2220 1917 2280 wir
1947 2223 2004 2283 uns
2039 2227 2125 2287 nicht,
2169 2228 2217 2288 die
2247 2228 2406 2288 Demission
2440 2228 2488 2288 des

1137 2270 1287 2330 nehmigen
1328 2264 1387 2324 Sie
1424 2267 1478 2327 —“
1515 2267 1592 2327 usw.
1625 2270 1702 2330 usw.
1734 2266 1747 2326 —

1859 2267 2075 2327 Kuratoriums
2112 2269 2149 2329 ist
2183 2272 2266 2332 unter
2305 2270 2351 2330 den
2393 2272 2491 2332 heuti¬

1135 2314 1263 2374 „Hofrat
1288 2312 1421 2372 Winkler
1446 2311 1494 2371 als
1525 2312 1775 2372 Schriftführer“.

1853 2310 1907 2370 gen
1959 2312 2130 2372 Umständen
2182 2313 2211 2373 so
2252 2315 2383 2375 ziemlich
2434 2315 2484 2375 das

1102 2355 1257 2415 Ebenwald
1288 2351 1376 2411 (beugt
1399 2351 1438 2411 sich
1461 2349 1526 2409 über
1549 2350 1588 2410 den
1620 2352 1712 2412 Brief)

1862 2354 2058 2414 Schlimmste,
2088 2355 2150 2415 was
2194 2359 2294 2419 unserm
2338 2359 2486 2419 Institute

1101 2396 1287 2456 Bernhardi:
1311 2396 1411 2456 Bitte?
1445 2394 1497 2454 (der
1521 2395 1602 2455 Brief
1622 2393 1774 2453 zirkuliert,

1860 2399 1992 2459 passieren
2023 2399 2135 2459 konnte.
2176 2400 2224 2460 Ich
2250 2402 2318 2462 stehe
2344 2402 2417 2462 nicht
2437 2404 2490 2464 an,

1140 2437 1294 2497 Bernhardi
1314 2437 1431 2497 lächelt.)
1450 2440 1548 2500 Meine
1573 2440 1704 2500 Herren,
1718 2438 1774 2498 Sie

1857 2442 1891 2502 sie
1921 2440 1965 2500 als
1995 2440 2059 2500 eine
2084 2443 2276 2503 Katastrophe
2306 2445 2330 2505 zu
2365 2445 2468 2505 bezeich

1135 2484 1248 2544 werden
1293 2484 1336 2544 sich
1376 2485 1543 2545 hoffentlich
1574 2485 1775 2545 überzeugen,

1858 2483 1929 2543 nen.
1944 2484 2006 2544 Wir
2031 2485 2117 2545 stehen
2147 2488 2247 2548 einfach
2277 2485 2324 2545 vor
2349 2488 2397 2548 der
2416 2487 2488 2547 Tat¬

1136 2527 1186 2587 daß
1227 2527 1262 2587 ich
1298 2528 1399 2588 Ihnen
1440 2527 1515 2587 keine
1552 2527 1642 2587 Silbe
1678 2528 1769 2588 dieses

1861 2528 1946 2588 sache,
1962 2527 2012 2587 daß
2039 2528 2078 2588 die
2099 2529 2246 2589 Förderer
2272 2532 2373 2592 unsres
2394 2530 2490 2590 Insti¬

1133 2569 1338 2629 interessanten
1372 2569 1549 2629 Schreibens
1592 2572 1769 2632 unterschla¬

1857 2571 1935 2631 tuts,
1955 2571 2038 2631 denen
2071 2572 2122 2632 wir
2146 2572 2290 2632 materiell
2314 2574 2370 2634 und
2398 2575 2487 2635 ideell

1133 2618 1179 2678 gen
1212 2614 1297 2674 habe.
1335 2614 1400 2674 Das
1424 2614 1612 2674 Kuratorium
1655 2614 1701 2674 hat
1725 2612 1772 2672 de¬

1858 2616 1881 2676 so
1919 2614 1980 2674 viel
2008 2614 2187 2674 verdanken,
2221 2615 2271 2675 und
2310 2615 2366 2675 auf
2399 2617 2479 2677 deren

1129 2658 1311 2718 missioniert
1344 2655 1400 2715 und
1443 2655 1489 2715 die
1523 2655 1762 2715 Tagesordnung

1860 2655 2013 2715 materielle
2046 2657 2102 2717 und
2136 2658 2233 2718 ideelle
2266 2658 2486 2718 Weiterunter¬

1138 2700 1254 2760 unserer
1278 2698 1403 2758 heutigen
1432 2699 1553 2759 Sitzung
1577 2700 1674 2760 lautet
1693 2700 1768 2760 logi¬

1858 2699 1978 2759 stützung
2017 2700 2069 2760 wir
2099 2700 2276 2760 angewiesen
2315 2701 2372 2761 sind
2411 2700 2488 2760 (Ein¬

1135 2742 1307 2802 scherweise:
1327 2742 1579 2802 Stellungnahme
1598 2742 1645 2802 des
1669 2741 1771 2801 Direk¬

1853 2738 1963 2798 würfe),
1989 2742 2039 2802 daß
2070 2743 2141 2803 diese
2172 2745 2318 2805 Förderer
2349 2748 2394 2808 sich
2425 2747 2475 2807 von

1133 2786 1264 2846 toriums
1292 2784 1347 2844 und
1375 2784 1420 2844 des
1448 2787 1594 2847 Plenums
1622 2787 1649 2847 zu
1681 2786 1767 2846 dieser

1854 2787 1911 2847 uns
1945 2787 2132 2847 abgewendet
2161 2790 2271 2850 haben;
2300 2789 2352 2849 und
2386 2790 2472 2850 stehen

1133 2828 1277 2888 Tatsache.
1322 2829 1393 2889 Herr
1423 2831 1577 2891 Professor
1602 2829 1766 2889 Ebenwald

1855 2830 1909 2890 vor
1941 2829 1990 2889 der
2023 2832 2154 2892 weiteren
2192 2832 2473 2892 unbezweifelbaren

1135 2873 1262 2933 wünscht
1282 2872 1334 2932 das
1358 2870 1458 2930 Wart.

1852 2870 2001 2930 Tatsache,
2023 2871 2074 2931 daß
2106 2872 2151 2932 für
2178 2875 2265 2935 dieses
2297 2875 2483 2935 Mißgeschick

1093 2915 1278 2975 Ebenwald:
1299 2914 1350 2974 Ich
1382 2914 1459 2974 stelle
1490 2915 1536 2975 die
1563 2917 1696 2977 Anfrage
1728 2915 1758 2975 an

1854 2915 1939 2975 unser
1964 2915 2112 2975 verehrter
2137 2918 2285 2978 Direktor,
2305 2918 2381 2978 Herr
2406 2917 2482 2977 Pro¬

1133 2957 1180 3017 den
1210 2957 1301 3017 Herrn
1330 2957 1484 3017 Direktor,
1504 2957 1532 3017 ob
1562 2959 1605 3019 ihm
1649 2959 1692 3019 die
1716 2958 1769 3018 Ur¬

1855 2957 1939 3017 fessor
1967 2960 2152 3020 Bernhardi,
2175 2960 2216 3020 die
2243 2962 2381 3022 alleinige
2409 2959 2482 3019 Ver¬

1133 3000 1203 3060 sache
1231 3000 1357 3060 bekannt
1372 3000 1418 3060 ist,
1438 2999 1480 3059 die
1499 2999 1550 3059 das
1570 3002 1752 3062 Kuratorium

1851 3000 2050 3060 antwortung
2074 3002 2169 3062 trägt.

1128 3047 1175 3107 zur
1200 3044 1362 3104 Demission
1391 3044 1557 3104 veranlaßt
1577 3044 1643 3104 hat!

1818 3045 2002 3105 Bernhardi:
2023 3046 2069 3106 Ich
2095 3046 2177 3106 trage
2204 3046 2254 3106 sie.

1096 3086 1283 3146 Bernharbi:
1303 3087 1351 3147 Ich
1376 3086 1476 3146 könnte
1501 3086 1621 3146 hierauf
1646 3088 1698 3148 mit
1718 3087 1766 3147 der

1814 3086 1991 3146 Ebenwald:
2041 3088 2100 3148 Und
2130 3088 2169 3148 ich
2199 3091 2292 3151 finde,
2327 3091 2356 3151 es
2397 3088 2480 3148 wäre

1132 3133 1227 3193 Frage
1257 3130 1419 3190 erwidern,
1463 3130 1491 3190 ob
1535 3130 1606 3190 diese
1645 3131 1764 3191 Ursache

1853 3130 1971 3190 töricht,
1994 3130 2076 3190 wenn
2113 3130 2167 3190 wir
2200 3132 2254 3192 uns
2292 3133 2346 3193 mit
2374 3133 2464 3193 seinem

1132 3175 1223 3235 Herrn
1278 3174 1429 3234 Professor
1479 3172 1644 3232 Ebenwald
1700 3174 1767 3234 oder

1852 3175 1997 3235 Vorgehen
2075 3175 2240 3235 solidarisch
2318 3178 2482 3238 erklärten.

1129 3215 1210 3275 einem
1254 3216 1301 3276 der
1328 3216 1448 3276 anderen
1483 3214 1591 3274 Herren
1622 3215 1699 3275 nicht
1721 3212 1768 3272 be¬

1856 3214 2066 3274 (Entsprechende
2094 3214 2231 3274 Unruhe.)
2273 3219 2373 3279 Daher
2405 3220 2478 3280 stelle

1135 3258 1221 3318 kannt
1246 3258 1293 3318 ist.
1333 3258 1409 3318 Aber
1434 3258 1462 3318 da
1491 3258 1549 3318 wir
1574 3258 1598 3318 ja
1622 3259 1674 3319 alle
1699 3259 1761 3319 auch

1850 3260 1886 3320 ich
1923 3260 1973 3320 den
2010 3261 2118 3321 Antrag
2160 3261 2291 3321 unserm.
2319 3261 2469 3321 Bedauern

1128 3303 1291 3363 außerhalb
1324 3300 1414 3360 dieses
1442 3300 1555 3360 Saales
1587 3303 1646 3363 noch
1683 3302 1764 3362 man¬

1853 3303 1923 3363 über
1956 3300 2007 3360 den
2045 3303 2198 3363 bekannten
2236 3303 2357 3363 Vorfall
2385 3306 2478 3366 gezie¬

1130 3345 1237 3405 cherlei
1257 3345 1284 3405 zu
1313 3345 1360 3405 tun
1389 3345 1478 3405 haben
1502 3343 1515 3403 -

1851 3343 1969 3403 menden
2001 3345 2146 3405 Ansdruck
2178 3346 2205 3406 zu
2237 3348 2382 3408 verleihen
2419 3347 2473 3407 und

1095 3387 1245 3447 Cyprian:
1264 3387 1343 3447 Sehr
1367 3389 1484 3449 richtig!

1844 3393 1871 3453 zu
1922 3387 2064 3447 betonen,
2097 3389 2152 3449 daß
2203 3389 2257 3449 wir
2299 3390 2354 3450 das
2401 3389 2478 3449 Vor¬

1092 3429 1285 3489 Bernhardi:
1314 3429 1327 3489 -
1385 3430 1441 3490 und
1479 3431 1521 3491 die
1550 3432 1766 3492 Verhandlung

1847 3432 1929 3492 gehen
1966 3431 2016 3491 des
2048 3432 2139 3492 Herrn
2177 3432 2327 3492 Direktors
2364 3432 2474 3492 Seiner

1133 3474 1207 3534 nicht
1232 3473 1403 3533 überflüssig
1438 3472 1467 3532 in
1507 3473 1551 3533 die
1586 3473 1684 3533 Länge
1719 3471 1762 3531 ge¬

1852 3473 2043 3533 Hochwürden
2071 3473 2234 3533 gegenüber
2258 3474 2323 3534 aufs
2352 3476 2477 3536 schärfste

1849 3517 2051 3577 mißbilligen.
2080 3514 2126 3574 (Er
2150 3512 2310 3572 überschreit
2335 3514 2377 3574 die
2401 3514 2480 3574 wach¬

1130 3516 1211 3576 zogen
1249 3515 1359 3575 werden
1391 3515 1455 3575 soll,
1492 3514 1519 3574 so
1557 3515 1703 3575 erwidere
1731 3518 1763 3578 ich

1851 3555 1926 3615 sende
1949 3557 2080 3617 Unruhe.)
2099 3560 2142 3620 Ich
2166 3560 2240 3620 stelle
2263 3560 2306 3620 den
2338 3562 2470 3622 weiteren

1122 3557 1166 3617 die
1186 3560 1317 3620 Anfrage
1337 3560 1386 3620 des
1406 3560 1493 3620 Herrn
1523 3558 1767 3618 Vize=Direktors

1133 3602 1283 3662 Professor
1311 3602 1470 3662 Ebenwald
1517 3601 1571 3661 mit
1608 3602 1767 3662 gebotener

1854 3602 1982 3662 Antrag,
2017 3603 2071 3663 daß
2101 3603 2175 3663 diese
2205 3603 2378 3663 Resolution
2418 3604 2462 3664 dem

1132 3646 1245 3706 Kürze:
1270 3643 1328 3703 Ja,
1349 3644 1392 3704 die
1422 3644 1540 3704 Ursache
1570 3646 1604 3706 ist
1634 3646 1693 3706 mir
1718 3644 1766 3704 be¬

1852 3647 2030 3707 Kuratorium
2077 3646 2099 3706 in
2137 3644 2352 3704 angemessener
2385 3649 2477 3709 Weise

1125 3688 1229 3748 kannt.
1272 3687 1328 3747 Die
1348 3687 1475 3747 -Ursache
1504 3688 1579 3748 liegt
1618 3685 1646 3745 in
1689 3688 1764 3748 dem¬

1852 3693 1901 3753 zur
1934 3691 2080 3751 Kenntnis
2112 3688 2248 3748 gebracht
2282 3690 2336 3750 und
2373 3691 2463 3751 diesem

1128 3731 1219 3791 selben
1251 3730 1384 3790 Vorfall,
1425 3729 1475 3789 von
1521 3729 1567 3789 dem
1608 3725 1667 3785 Sie
1704 3732 1763 3792 eine

1847 3731 1901 3791 auf
1929 3732 2038 3792 Grund
2071 3730 2152 3790 dessen
2189 3730 2234 3790 die
2262 3732 2343 3792 Bitte
2376 3735 2475 3795 unter¬

1128 3772 1325 3832 Schilderung
1357 3772 1453 3832 soeben
1495 3772 1517 3832 in
1554 3773 1604 3833 den
1646 3775 1765 3835 Abend¬

1849 3775 1953 3835 breitet
1984 3775 2073 3835 wird,
2094 3774 2138 3834 die
2173 3775 2327 3835 Demission
2367 3777 2481 3837 zurück¬

1129 3817 1259 3877 blättern
1288 3817 1343 3877 mit
1363 3817 1498 3877 größerem
1541 3816 1606 3876 oder
1630 3817 1766 3877 geringe¬

1850 3820 2001 3880 zuziehen.
2032 3816 2125 3876 (Große
2148 3814 2281 3874 Unruhe.)

1128 3859 1176 3919 rem
1221 3859 1421 3919 Vergnügen,
1457 3859 1545 3919 unter
1590 3860 1638 3920 der
1670 3861 1749 3921 Form

1814 3862 2001 3922 Bernhardi:
2016 3862 2114 3922 Meine
2133 3859 2264 3919 Herren!
2283 3864 2316 3924 Um
2354 3865 2405 3925 Sie
2429 3862 2475 3922 vor

1129 3902 1210 3962 einer
1244 3903 1344 3963 sogen.
1374 3903 1608 3963 Interpellation
1647 3906 1752 3966 gelesen

1850 3906 1990 3966 Schritten
2023 3906 2045 3966 zu
2073 3903 2241 3963 bewahren,
2255 3903 2295 3963 die
2318 3903 2372 3963 Sie
2396 3906 2454 3966 nach

1131 3942 1220 4002 haben

1851 3951 1895 4011 her
1940 3948 2063 4008 bereuen
2108 3948 2249 4008 könnten,
2285 3949 2390 4009 möchte
2435 3948 2470 4008 ich

1096 3986 1306 4046 Schreimann:
1327 3987 1379 4047 Die
1399 3990 1629 4050 Interpellation
1663 3993 1763 4053 gehört

1849 3993 1942 4053 Ihnen
1980 3990 2128 4050 verraten,
2148 3990 2199 4050 daß
2237 3990 2288 4050 wir
2316 3992 2344 4052 in
2377 3993 2475 4053 abseh¬

1129 4029 1205 4089 nicht
1230 4029 1277 4089 her

1844 4034 1934 4094 barer
1965 4033 2029 4093 Zeit
2060 4034 2098 4094 ein
2138 4033 2327 4093 Kuratorium
2379 4037 2473 4097 wahr¬

1091 4072 1281 4132 Bernhardi:
1303 4074 1467 4134 Uebrigens
1483 4071 1525 4131 bin
1547 4073 1583 4133 ich
1605 4076 1673 4136 nicht
1690 4076 1763 4136 hier,

1848 4076 1987 4136 scheinlich
2029 4076 2100 4136 nicht
2137 4076 2220 4136 mehr
2257 4078 2333 4138 nötig
2375 4079 2463 4139 haben

1124 4115 1162 4175 um
1201 4118 1263 4178 mich
1297 4120 1321 4180 zu
1350 4119 1566 4179 rechtfertigen,
1606 4121 1663 4181 vor
1687 4123 1744 4183 wem

1849 4120 1979 4180 werden.
2000 4123 2050 4183 Die
2076 4121 2323 4181 Verstaatlichung
2354 4122 2469 4182 unseres

2578 336 2724 396 Instituts
2755 336 2828 396 wird
2863 338 2915 398 von
2950 337 2997 397 den
3037 339 3209 399 maßgeben¬

2578 374 2627 434 den
2667 377 2831 437 Faktoren,
2858 378 2902 438 die
2933 378 3026 438 Seine
3062 383 3208 443 Exzellenz

2577 419 2631 479 mir
2665 419 2724 479 erst
2749 419 2858 479 gestern
2896 419 3005 479 wieder
3035 422 3211 482 angedeutet

2579 465 2639 525 hat,
2664 464 2686 524 in
2724 464 2931 524 allerernsteste
2960 467 3134 527 Erwägung
3162 468 3209 528 ge¬

2579 503 2684 563 zogen.

2542 548 2752 608 Schreimann:
2771 551 3028 611 Zukunftsmusik!

2539 589 2721 649 Ebenwald:
2740 591 2814 651 Eine
2838 592 3030 652 Subvention
3058 594 3118 654 jetzt
3142 593 3203 653 nach

2574 632 2623 692 der
2649 634 2832 694 Geschichte!

2543 676 2638 736 Filitz:
2686 676 2760 736 Nach
2813 679 2909 739 dieser
2957 682 3211 742 Interpellation!

2584 715 2679 775 (Große
2707 715 2846 775 Unruhe.)

2541 761 2713 821 Bernhardi
2738 760 2841 820 (stark):
2861 761 2914 821 Sie
2940 764 3096 824 vergessen,
3117 766 3205 826 meine

2579 804 2708 864 Herren,

2747 805 2796 865 daß
2851 807 2925 867 diese
2970 807 3203 867 Interpellation

2572 847 2636 907 auch
2664 849 2728 909 ihre
2756 849 2898 909 Antwort
2926 849 3022 909 finden
3055 852 3141 912 wird.
3165 850 3206 910 Es

2579 891 2667 951 liegen
2705 891 2775 951 zwei
2803 894 2938 954 Anträge
2968 893 3037 953 vor.
3061 894 3117 954 Der
3150 893 3210 953 eine

2574 933 2621 993 von
2678 935 2834 995 Professor
2886 936 3052 996 Ebenwald
3100 936 3208 996 dahin¬

2818 975 2987 1035 (Löwenstein
3020 977 3081 1037 tritt
3109 977 3146 1037 ein
3180 975 3189 1035 —

2579 978 2689 1038 gehend

2576 1010 2616 1070 die
2639 1016 2787 1076 Vorigen.)

2543 1061 2739 1121 Löwenstein:
2759 1064 2859 1124 Meine
2885 1064 3016 1124 Herren,
3036 1064 3071 1124 ich
3102 1064 3202 1124 komme

2579 1106 2631 1166 aus
2656 1106 2703 1166 dem
2742 1106 2920 1166 Parlament
2949 1103 3136 1163 (Bewegung).
3151 1109 3203 1169 Die

2578 1148 2809 1208 Interpellation

3003 1151 3210 1211 beantwortet

2579 1192 2710 1252 worden.
2741 1190 2786 1250 (Zu
2812 1192 2994 1252 Bernhardi):
3010 1193 3050 1253 Eg
3076 1193 3106 1253 ist
3127 1193 3136 1253 —
3177 1193 3207 1253 es

2575 1230 2645 1290 wird
2676 1237 2736 1297 eine
2757 1237 2980 1297 Untersuchung
3007 1237 3097 1297 wegen
3129 1236 3209 1296 Reli¬

2576 1279 2784 1339 gionsstörung
2819 1282 2903 1342 gegen
2943 1279 2997 1339 dich
3032 1279 3214 1339 eingeleitet.

2546 1321 2742 1381 Pflugfelder:
2763 1321 2823 1381 Das
2849 1321 2879 1381 ist
2900 1321 2955 1381 doch
2981 1322 3057 1382 nicht
3073 1321 3208 1381 möglich.

2539 1361 2716 1421 Ebenwald:
2751 1364 2832 1424 Herr
2871 1366 2992 1426 Kollege
3031 1366 3208 1426 Löwenstein

2574 1403 2648 1463 wird
2673 1406 2816 1466 vielleicht
2836 1407 2880 1467 die
2905 1407 3211 1467 Liebenswürdigkeit

2580 1448 2687 1508 haben,
2709 1449 2762 1509 uns
2789 1449 2884 1509 etwan
2911 1450 3039 1510 genauer
3060 1450 3086 1510 zu
3115 1449 3208 1509 infor¬

2575 1489 2707 1549 mieren.

2544 1527 2728 1587 Bernhardi:
2747 1527 2827 1587 (sieht
2852 1527 3042 1587 regungslos).

2542 1569 2692 1629 Cyprian:
2711 1571 2753 1631 So
2778 1572 2868 1632 sprich
2887 1572 2952 1632 doch
2978 1572 3098 1632 endlich!

2544 1610 2712 1670 Bernhardi
2737 1612 2869 1672 (gefaßt):
2894 1615 2941 1675 Ich
2966 1616 3068 1676 nehme
3093 1616 3134 1676 die
3159 1615 3207 1675 für

2575 1655 2657 1715 kurze
2699 1658 2765 1718 Zeit
2807 1658 3013 1718 unterbrochen
3065 1658 3204 1718 gewesene

2580 1697 2692 1757 Sitzung
2725 1700 2837 1760 wieder
2864 1702 2933 1762 auf.
2955 1703 3062 1763 Meine
3089 1704 3217 1764 Herren.

2579 1739 2605 1799 es
2632 1744 2722 1804 liegen
2749 1743 2823 1803 zwei
2845 1745 2976 1805 Anträge
2998 1745 3067 1805 vor.

2544 1784 2722 1844 Ebenwald:
2748 1786 2796 1846 Ich
2834 1787 2907 1847 ziehe
2945 1790 3050 1850 meinen
3094 1790 3204 1850 Antrag

2577 1828 2692 1888 zurück.
2709 1825 2906 1885 (Bewegung.)

2538 1870 2719 1930 Ebenwald:
2754 1873 2941 1933 Respektive,
2970 1873 3009 1933 ich
3050 1875 3117 1935 lasse
3157 1875 3202 1935 ihn

2571 1915 2714 1975 aufgehen
2749 1915 2768 1975 in
2803 1917 2882 1977 einem
2922 1918 3050 1978 anderen
3085 1918 3212 1978 Antrag,

2575 1955 2625 2015 der
2656 1958 2711 2018 mir
2742 1959 2767 2019 im
2808 1960 2945 2020 Hinblick
2971 1962 3026 2022 auf
3053 1962 3097 2022 die
3123 1963 3204 2023 durch

2574 2001 2620 2061 die
2646 2002 2791 2062 Antwort
2817 2004 2869 2064 des
2895 2005 3060 2065 Ministers
3087 2006 3211 2066 geschaf¬

2575 2041 2635 2101 fene
2661 2045 2807 2105 Sachlage
2838 2045 2862 2105 im
2904 2047 3055 2107 Interesse
3086 2049 3202 2109 unseres

2577 2085 2718 2145 Instituts
2743 2088 2859 2148 geboten
2890 2091 3041 2151 erscheint.

2533 2130 2687 2190 Cyprian:
2710 2130 2765 2190 Die
2793 2132 2937 2192 Antwort
2965 2135 3014 2195 des
3043 2135 3197 2195 Ministers

2575 2172 2677 2232 gehört
2698 2173 2775 2233 nicht
2791 2175 2908 2235 hierher

2533 2215 2714 2275 Ebenwald:
2735 2216 2798 2276 Also
2818 2217 2847 2277 ich
2867 2220 3043 2280 beantrage:
3063 2222 3200 2282 Suopen¬

2566 2257 2689 2317 dierung
2719 2259 2832 2319 unseres
2858 2261 3005 2321 verehrten
3036 2262 3124 2322 Herrn
3149 2262 3202 2322 Di¬

2567 2303 2673 2363 rektore
2710 2303 2756 2363 von
2792 2303 2843 2363 der
2869 2306 2996 2366 Leitung
3027 2304 3078 2364 des
3104 2306 3206 2366 Elisa¬

2570 2345 2736 2405 bethinums
2778 2348 2828 2408 bis
2864 2348 2919 2408 zum
2970 2349 3112 2409 Abschluß
3153 2350 3203 2410 der

2562 2390 2643 2450 gegen
2689 2390 2735 2450 ihn
2782 2390 2991 2450 eingeleiteten
3038 2393 3201 2453 strafrecht¬

2569 2430 2650 2490 lichen
2681 2433 2899 2493 Untersuchung
2931 2431 3017 2491 (große
3043 2431 3174 2491 Unruhe).

2536 2475 2736 2535 Pflugfelder:
2767 2477 2902 2537 Schämen
2938 2477 2996 2537 Sie
3027 2479 3073 2539 sich
3103 2479 3197 2539 Eben¬

2571 2517 2668 2577 wald!

2536 2561 2683 2621 Cyprian:
2707 2563 2795 2623 Wenn
2825 2563 2878 2623 Sie
2902 2563 2990 2623 Ihren
3026 2563 3108 2623 ersten
3138 2565 3202 2625 An¬

2567 2603 2632 2663 trag
2662 2605 2874 2665 zurückziehen,
2895 2605 2920 2665 so
2946 2608 3041 2668 bleibt
3067 2608 3121 2668 doch
3152 2608 3197 2668 der

2569 2645 2659 2705 meine
2700 2649 2846 2709 aufrecht,
2877 2648 2932 2708 daß
2978 2648 3032 2708 wir
3074 2649 3194 2709 nämlich

2569 2687 2658 2747 Herrn
2700 2691 2841 2751 Direktor
2876 2691 3053 2751 Bernhardi
3084 2694 3204 2754 unseres

2568 2732 2754 2792 Vertrauens
2785 2730 2798 2790 —

2540 2775 2719 2835 Pflugfelder
2744 2773 2947 2833 (unterbricht):
2967 2778 3034 2838 Was
3060 2780 3127 2840 geht
3146 2780 3201 2840 uns

2567 2818 2613 2878 die
2639 2820 2871 2880 Interpellation
2909 2822 2965 2882 und
2997 2823 3058 2883 ihre
3090 2823 3198 2883 Beant¬

2566 2861 2701 2921 wortung
2731 2861 2901 2921 überhaupt
2920 2864 2978 2924 an?

2528 2903 2729 2963 Löwenstein:
2759 2905 2913 2965 Professor
2955 2909 3125 2969 Bernhardi
3161 2907 3202 2967 ist

2566 2946 2620 3006 und
2652 2948 2748 3008 bleibt
2774 2950 2910 3010 Direktor
2941 2950 2991 3010 des
3023 2953 3199 3013 Elisabethi¬

2563 2990 2666 3050 nums.
2714 2992 2780 3052 Kein
2817 2995 2931 3055 Mensch
2968 2996 3035 3056 kann
3072 2996 3113 3056 ihn
3150 2993 3201 3053 ab¬

2564 3032 2669 3092 setzen.

2529 3074 2629 3134 Filitz:
2653 3076 2718 3136 Für
2743 3076 2807 3136 mich
2838 3081 2878 3141 ist
2897 3080 2925 3140 er
2951 3082 2979 3142 es
3010 3083 3080 3143 schon
3116 3082 3198 3142 heute

2561 3117 2637 3177 nicht
2663 3118 2760 3178 mehr.

2532 3166 2657 3226 Cyprian
2720 3166 2757 3226 (zu
2802 3165 2984 3225 Bernhardi):
3022 3170 3078 3230 Laß
3122 3170 3191 3230 über

2566 3211 2673 3271 meinen
2707 3211 2824 3271 Antrag
2853 3212 3045 3272 abstimmen!

2527 3255 2713 3315 Bernhardi:
2740 3258 2837 3318 Meine
2864 3261 2993 3321 Herren!
3019 3258 3158 3318 (Unruhe.)

2525 3306 2741 3366 Schreimann:
2766 3306 2814 3366 Ist
2843 3308 2910 3368 denn
2944 3309 2996 3369 das
3031 3312 3199 3372 überhaupt

2566 3346 2625 3406 noch
2651 3348 2716 3408 eine
2743 3349 2883 3409 Sitzung!
2915 3354 3096 3414 Kaffeehaus
3132 3354 3197 3414 oder

2566 3390 2680 3450 Billard

2534 3436 2714 3496 Bernhardi:
2736 3438 2783 3498 Ich
2815 3441 2879 3501 muß
2911 3441 2974 3501 mich
3002 3444 3123 3504 schuldig
3150 3443 3197 3503 be¬

2563 3479 2682 3539 kennen,
2702 3479 2716 3539 —
2759 3482 2903 3542 schuldig,
2922 3484 2974 3544 daß
3004 3483 3042 3543 ich
3066 3485 3113 3545 als
3138 3485 3195 3545 Di¬

2560 3523 2657 3583 rektor
2681 3524 2727 3584 des
2756 3524 2905 3584 Instituts
2934 3526 3008 3586 nicht
3032 3527 3078 3587 das
3107 3529 3195 3589 Mög¬

2562 3566 2650 3626 lichste
2683 3569 2767 3629 getan
2805 3568 2894 3628 habe,
2923 3571 2983 3631 eine
3017 3569 3199 3629 Interpella¬

2560 3606 2620 3666 tion
2663 3611 2695 3671 zu
2742 3611 2937 3671 verhindern,
2975 3612 3017 3672 die
3059 3615 3194 3675 geeignet

2560 3653 2676 3713 scheint,
2701 3653 2754 3713 das
2788 3656 2913 3716 Ansehen
2953 3656 3073 3716 unseres
3103 3658 3199 3718 Insti¬

2561 3689 2622 3749 tuts
2650 3694 2693 3754 bei
2711 3696 2782 3756 allen
2809 3697 2964 3757 Heuchlern
2996 3697 3044 3757 und
3071 3698 3195 3758 Dumm¬

2560 3736 2653 3796 köpfen
2688 3739 2914 3799 herabzusetzen.
2939 3741 3002 3801 Und
3032 3741 3066 3801 um
3106 3742 3194 3802 selbst

2560 3781 2596 3841 die
2619 3781 2752 3841 richtigen
2780 3784 3000 3844 Konsequenzen
3028 3787 3055 3847 zu
3083 3787 3193 3847 ziehen,

2560 3824 2641 3884 sowie
2665 3824 2701 3884 um
2738 3826 2876 3886 weiteren
2904 3829 3045 3889 Aufschub
3073 3829 3101 3889 zu
3129 3828 3192 3888 ver¬

2555 3868 2671 3928 hindern
2710 3868 2768 3928 lege
2792 3870 2826 3930 ich
2855 3870 2976 3930 hiermit
2996 3869 3039 3929 die
3063 3871 3184 3931 Leitung

2558 3906 2606 3966 des
2650 3910 2798 3970 Instituto
2842 3912 2962 3972 nieder!
3005 3912 3101 3972 (Große
3135 3909 3192 3969 Be¬

2549 3948 2699 4008 wegung.)

2523 3994 2671 4054 Cyprian:
2692 3999 2761 4059 Was
2786 3996 2855 4056 fällt
2875 3998 2920 4058 dir
2940 3999 3013 4059 denn
3044 4001 3102 4061 ein!

2525 4041 2717 4101 Löwenstein:
2742 4040 2804 4100 Das
2834 4043 2924 4103 darfst
2944 4041 2978 4101 du
3012 4042 3098 4102 nicht.

2529 4082 2729 4142 Pflugfelder:
2774 4083 2822 4143 Es
2877 4088 2942 4148 muß
3003 4088 3187 4148 abgestimmt

2559 4124 2694 4184 werden.

3257 340 3339 400 Bern

3257 478 3344 538 Filit
