3392 4384
812 369 946 429 skriver
976 369 1032 429 den
1149 374 1177 434 2
1226 378 1244 438 2
1284 382 1553 442 0KT.1931

1561 504 1690 564 sensitiv
1725 506 1758 566 og
1796 506 1972 566 raffineret
2002 509 2127 569 Nyder,
2153 509 2228 569 uden
2267 512 2300 572 al

1561 551 1744 611 Lidenskab
1791 551 1824 611 en
1875 554 2029 614 Blanding
2079 554 2112 614 af
2159 554 2192 614 en
2242 555 2300 615 let¬

828 556 1071 616 Arthur
1119 560 1486 620 Schnitzler

1561 595 1661 655 sindig
1708 596 1946 656 Melankoliker
1988 600 2021 660 og
2068 600 2101 660 en
2147 602 2289 662 skeptisk

1559 640 1761 700 Ræsonnor.

855 679 1067 739 dode
1124 676 1157 736 1
1214 679 1414 739 Gaar.

1596 686 1687 746 Hans
1711 688 1811 748 Sprog
1840 686 1871 746 er
1895 688 1991 748 snart
2014 688 2092 748 blidt
2116 690 2152 750 og
2180 691 2299 751 yndigt

1561 732 1615 792 som
1665 730 1694 790 en
1736 733 1907 793 Erindring
1945 733 1982 793 om
2033 733 2175 793 Mozart,
2205 736 2300 796 snart

805 776 917 836 Hans
948 778 1185 838 Aandsform
1227 778 1428 838 forældet
1453 781 1517 841 for

1563 776 1688 836 slebent
1713 778 1746 838 og
1776 778 1909 838 smidigt
1935 778 1984 838 som
2027 778 2055 838 en
2090 781 2302 841 Operations¬

1565 823 1655 883 kniv.
1668 823 1758 883 Hans
1780 823 1878 883 Emne
1905 823 1934 883 er
1956 823 2020 883 frem
2064 823 2110 883 for
2132 823 2179 883 alt
2201 826 2300 886 Kvin¬

1065 832 1275 892 Nutiden.

1561 865 1638 925 dens
1673 867 1879 927 Kærlighed,
1905 867 1973 927 hvis
2013 869 2197 929 Konflikter
2236 870 2291 930 han

1561 911 1732 971 vurderede
1762 912 1825 972 med
1859 912 1887 972 en
1917 912 2043 972 erfaren
2077 914 2185 974 Læges
2215 916 2303 976 Blik.

1561 957 1626 1017 Han
1674 957 1734 1017 var
1783 957 1982 1017 betydeligst
2026 957 2039 1017 i
2083 960 2299 1020 Miniaturens

1561 1002 1678 1062 Kunst.
1703 1002 1780 1062 Hvis
1809 1002 1907 1062 noget
1936 1002 2013 1062 skal
2038 1005 2180 1065 overleve
2213 1007 2302 1067 ham,

1559 1047 1662 1107 bliver
1697 1047 1748 1107 det
1779 1047 1963 1107 formentlig
2002 1050 2083 1110 hens
2118 1050 2298 1110 Marionet¬

1562 1095 1628 1155 spil
1653 1091 1700 1151 fra
1744 1091 1810 1151 1906
1849 1091 1925 1151 eller
1959 1093 2011 1153 den
2050 1093 2111 1153 lille
2146 1097 2293 1157 Legende

1563 1141 1635 1201 „Die
1661 1139 1826 1199 dreifache
1852 1139 2038 1199 Warnung“
2065 1139 2110 1199 fra
2142 1142 2240 1202 1911.

1595 1214 1645 1274 En
1690 1212 1734 1272 af
1769 1213 1813 1273 de
1853 1214 2249 1274 allerbetydeligste

1762 1259 2090 1319 Dramatikere.

1599 1309 1767 1369 Redakter
1797 1311 1871 1371 Carl
1896 1311 2041 1371 Behrens
2070 1312 2178 1372 siger:

1674 1365 1855 1425 Schnitzler
1892 1363 1946 1423 var
1983 1366 2014 1426 en
2060 1366 2091 1426 af
2128 1367 2164 1427 de
2201 1368 2296 1428 aller¬

1561 1411 1776 1471 betydeligste
1815 1411 2044 1471 Dramatikere
2083 1413 2120 1473 og
2164 1414 2298 1474 Forfat-

1558 1456 1629 1516 tere
1654 1456 1745 1516 inden
1774 1456 1821 1516 for
1851 1456 1999 1516 moderne
2028 1459 2095 1519 tysk
2130 1460 2297 1520 Litteraur

1562 1505 1596 1565 og
1631 1502 1660 1562 en
1690 1502 1729 1562 af
1754 1502 1788 1562 de
1813 1503 2018 1563 Skribenter,
2039 1504 2087 1564 jeg
2117 1503 2185 1563 med
2216 1504 2294 1564 For¬

1567 1548 1735 1608 kærlighed
1773 1548 1835 1608 har
1870 1551 1946 1611 læst
1980 1551 2014 1611 og
2057 1552 2191 1612 dyrket.
2221 1556 2287 1616 Han

1562 1593 1664 1653 havde
1697 1593 1752 1653 det
1785 1596 2009 1656 dybtgaaende
2047 1599 2219 1659 Kendskab
2257 1601 2298 1661 til

1565 1638 1856 1698 Menneskeheden,
1878 1644 1929 1704 som
1977 1644 2032 1704 kun
2067 1644 2100 1704 de
2127 1647 2293 1707 allerster¬

1563 1688 1608 1748 ste
1639 1686 1772 1746 Digtere
1809 1686 1890 1746 ejer.

1610 1730 1656 1790 Da
1687 1730 1869 1790 Schnitzler
1895 1733 1952 1793 var
1978 1733 1988 1793 i
2009 1733 2196 1793 Danmark,
2217 1735 2294 1795 hav¬

966 1760 1106 1820 Arthur
1136 1763 1350 1823 Schnitzler.

1558 1775 1597 1835 de
1632 1778 1676 1838 jeg
1716 1778 1770 1838 den
1810 1778 1918 1838 Glaede
1953 1778 2111 1838 personlig
2151 1779 2185 1839 at
2220 1781 2294 1841 lare

1562 1823 1641 1883 hans
1668 1825 1738 1885 rige
1768 1824 2046 1884 Menneskelighed
2082 1826 2112 1886 at
2143 1826 2258 1886 kende.

1078 1833 1189 1893 Wien,
1211 1838 1365 1898 Onsdag.
1387 1838 1428 1898 R.
1450 1839 1491 1899 B.

833 1886 900 1946 Den
935 1889 1087 1949 beromte
1110 1889 1286 1949 ostrigske
1315 1894 1529 1954 dramatiske

778 1942 979 2002 Forfatter,
1002 1945 1120 2005 Lægen
1160 1945 1290 2005 Arthur
1318 1947 1537 2007 Schnitzler,

1793 1956 2050 2016 Noter.

784 1996 819 2056 er
850 1998 911 2058 Kl.
930 1997 966 2057 19
998 1997 1009 2057 i
1034 1999 1138 2059 Aften
1175 1999 1230 2059 dod
1267 1999 1302 2059 af
1328 1999 1364 2059 et
1389 2005 1535 2065 Slagtil¬

1598 2032 1775 2092 Schnitzler
1816 2034 1871 2094 var
1908 2035 1978 2095 født
2019 2037 2090 2097 1862
2131 2039 2166 2099 og
2212 2041 2293 2101 vilde

791 2053 912 2113 fælde.

1562 2078 1698 2138 saaledes
1731 2080 1813 2140 være
1841 2080 1928 2140 fyldt
1956 2080 1993 2140 70
2021 2081 2061 2141 til
2085 2083 2185 2143 næste
2218 2086 2300 2146 Aar.

1561 2123 1624 2183 Der
1650 2125 1709 2185 var
1734 2125 1748 2185 i
1768 2125 1822 2185 den
1857 2126 2029 2186 Anledning
2065 2128 2232 2188 forberedt
2257 2131 2286 2191 en

1562 2169 1682 2229 Række
1723 2171 1986 2231 Festopforelser
2027 2172 2062 2232 af
2103 2172 2183 2232 hans
2229 2175 2294 2235 Ho¬

988 2190 1354 2250 Mindeord.

1562 2216 1748 2276 vedværker
1782 2217 1838 2277 paa
1877 2217 1915 2277 de
1949 2218 2053 2278 storre
2087 2220 2177 2280 tyske
2216 2220 2292 2280 Sce¬

1563 2262 1635 2322 ner.

826 2272 920 2332 Prof.
954 2274 1125 2334 Valdemar
1170 2276 1270 2336 Vodel
1304 2279 1431 2339 udtaler
1470 2278 1508 2338 om

791 2327 916 2387 Arthur
942 2328 1145 2388 Schnitzler:

1603 2352 1781 2412 Schnitzler
1809 2353 1896 2413 holdt
1923 2354 2032 2414 meget
2065 2355 2096 2415 af
2124 2358 2287 2418 Danmark

895 2381 1082 2441 Schnitzler
1119 2381 1176 2441 var
1213 2384 1244 2444 jo
1281 2384 1312 2444 en
1354 2384 1531 2444 udpræget

1563 2399 1594 2459 og
1632 2399 1685 2459 har
1717 2399 1834 2459 besogt
1861 2399 1989 2459 Landet
2021 2401 2073 2461 ved
2106 2402 2190 2462 flere
2223 2404 2297 2464 Lej¬

791 2432 931 2492 Wiener-
976 2436 1011 2496 og
1062 2435 1302 2495 Jodeforfatter
1348 2437 1418 2497 med
1464 2440 1523 2500 Jo-
1560 2443 1720 2503 ligheder.
1745 2443 1760 2503 I
1796 2444 1870 2504 1924
1906 2445 1996 2505 holdt
2027 2447 2086 2507 han
2122 2449 2282 2509 Foredrag

1603 2489 1985 2549 Studentersamfundet.

789 2487 865 2547 dens
892 2489 943 2549 Vid
975 2489 1006 2549 og
1037 2492 1223 2552 Folsomhed
1260 2492 1368 2552 (Peter
1394 2495 1523 2555 Nansen

1597 2534 1685 2594 Naar
1716 2537 1770 2597 han
1805 2537 1859 2597 var
1889 2537 1943 2597 her
1974 2540 2022 2600 som
2073 2540 2299 2600 Privatmand,

787 2543 865 2603 folte
901 2543 945 2603 sig
980 2544 1105 2604 stærkt
1134 2546 1253 2606 draget
1287 2546 1327 2606 til
1356 2547 1452 2607 ham)
1487 2551 1520 2611 og

1557 2581 1649 2641 segte
1681 2582 1737 2642 han
1773 2582 1866 2642 gerne
1902 2585 1938 2645 ud
1970 2585 2015 2645 til
2042 2585 2294 2645 Nordsjæelland.

781 2594 852 2654 med
885 2596 1069 2656 Wienerens
1095 2599 1262 2659 skeptiske
1288 2599 1456 2659 Livsironi
1481 2613 1657 2673 oga
1699 2626 1778 2686 hans
1804 2629 1955 2689 Skuespil
1972 2630 2125 2690 foregaar
2150 2632 2293 2692 saaledes

789 2650 975 2710 blodagtige
1017 2651 1251 2711 Livsnydelse;
1289 2653 1389 2713 dertil
1421 2653 1527 2713 havde

1561 2671 1592 2731 en
1620 2673 1683 2733 Akt
1705 2674 1715 2734 i
1737 2675 1890 2735 Gilleleje.

787 2702 847 2762 han
898 2705 994 2765 ogsaa
1051 2707 1187 2767 Lægens
1234 2707 1345 2767 triste,
1386 2710 1527 2770 kyniske

785 2758 958 2818 Kendskab
992 2761 1034 2821 til
1058 2761 1072 2821 —
1124 2762 1157 2822 og
1190 2761 1289 2821 nogen
1327 2763 1529 2823 Lakseover-

1601 2782 1691 2842 Flere
1729 2782 1764 2842 af
1802 2785 1996 2845 Schnitzlers
2039 2788 2191 2848 Skuespil
2222 2788 2282 2848 haf

785 2812 952 2872 bærenhed
990 2811 1062 2871 med
1096 2813 1110 2873 —
1172 2817 1526 2877 Altformenneskelig¬

1559 2825 1661 2885 været
1688 2829 1801 2889 opfert
1829 2829 1888 2889 paa
1926 2832 2173 2892 kobenhavnske
2212 2832 2292 2892 Ted-

783 2865 902 2925 heden.
925 2868 962 2928 En
995 2868 1154 2928 Blanding
1187 2871 1224 2931 af
1252 2871 1366 2931 ironisk
1405 2874 1524 2934 Kynis-

1556 2874 1620 2934 tre.
1650 2874 1728 2934 Carl
1759 2874 1920 2934 Mantzius
1956 2876 2083 2936 spillede
2118 2876 2182 2936 ham
2232 2879 2291 2939 paa

1558 2916 1602 2976 sin
1637 2918 1695 2978 frie
1726 2919 1844 2979 Scene,
1870 2922 1903 2982 og
1938 2922 2180 2982 Folketeatret,
2205 2925 2274 2985 Dag

784 2919 831 2979 me
879 2922 916 2982 og
959 2923 1160 2983 melankolsk
1208 2925 1419 2985 Folsomhed,
1452 2929 1510 2989 som

1558 2964 1754 3024 marteatret
1788 2964 1821 3024 og
1864 2967 1926 3027 Det
1965 2969 2132 3029 kongelige
2176 2968 2290 3028 Teater

783 2973 910 3033 navniig
945 2976 1014 3036 med
1049 2976 1167 3036 wiensk
1202 2979 1364 3039 Elegance
1394 2982 1521 3042 gengav

1558 3011 1615 3071 har
1649 3009 1759 3069 spillet
1798 3011 1879 3071 hans
1913 3012 2076 3072 Stykker.
2110 3015 2292 3075 Schnitzler

781 3027 833 3087 den
867 3029 1107 3089 menneskelige
1132 3032 1381 3092 Tragikomedie
1406 3032 1420 3092 i
1440 3035 1525 3095 Spil¬

1558 3051 1615 3111 var
1642 3054 1743 3114 uhyre
1771 3056 1899 3116 tilfreds
1930 3056 1996 3116 med
2032 3056 2218 3116 Udforelsen
2254 3064 2289 3124 og

787 3082 827 3142 let
851 3081 959 3141 mellem
1001 3084 1082 3144 ægte
1110 3083 1141 3143 og
1174 3083 1328 3143 forlorent
1352 3084 1365 3144 —
1415 3087 1519 3147 særlig

1557 3100 1677 3160 udtalte
1726 3101 1801 3161 især
1851 3101 1895 3161 sin
1949 3104 2157 3164 Begejstring
2211 3104 2287 3164 over

780 3134 794 3194 i
823 3136 1043 3196 Skuespiller-
1068 3137 1106 3197 og
1140 3139 1418 3199 Litteratkredse.
1447 3140 1528 3200 Saa-

1559 3147 1683 3207 August
1711 3146 1884 3206 Liebmans
1913 3149 2140 3209 fortræffelige
2173 3149 2259 3209 Spil.

782 3188 867 3248 ledes
888 3188 903 3248 i
924 3191 1015 3251 nogle
1041 3191 1096 3251 paa
1127 3191 1188 3251 Det
1209 3192 1381 3252 kongelige
1407 3194 1523 3254 Teater

783 3245 913 3305 opforte
938 3245 1199 3305 Smaastykker.

1593 3246 1712 3306 Arthur
1743 3248 1926 3308 Schnitzler
1957 3248 2091 3308 mistede
2121 3249 2135 3309 i
2161 3250 2289 3310 Forfjor

825 3295 889 3355 Men
935 3296 985 3356 for
1027 3298 1162 3358 Nutiden
1208 3298 1293 3358 foles
1334 3298 1394 3358 vist
1435 3298 1520 3358 hans
1561 3291 1601 3351 sin
1637 3291 1773 3351 Datter.
1793 3293 1863 3353 Han
1900 3294 1949 3354 tog
1985 3295 2030 3355 sig
2066 3295 2151 3355 dette
2187 3296 2292 3356 meget

1553 3337 1638 3397 nær,
1666 3338 1702 3398 og
1744 3337 1861 3397 Sorgen
1907 3337 2039 3397 derover
2076 3340 2134 3400 har
2176 3343 2280 3403 utvivl

779 3351 966 3411 Aandsform
1016 3352 1180 3412 temmelig
1217 3352 1368 3412 forældet
1399 3352 1412 3412 —

1556 3382 1641 3442 somt
1665 3382 1837 3442 forværret
1866 3385 1947 3445 hans
1975 3385 2129 3445 Sygdom.

788 3404 854 3464 maa
883 3406 1002 3466 tilfoje,
1022 3406 1055 3466 at
1079 3406 1122 3466 jeg
1151 3406 1222 3466 ikke
1246 3406 1308 3466 har
1328 3406 1418 3466 fulgt
1438 3406 1518 3466 hans

785 3460 1035 3520 Forfatterskab
1065 3460 1099 3520 de
1128 3460 1229 3520 sidste
1259 3460 1340 3520 Aar.

1595 3474 1772 3534 Schnitzler
1815 3474 1871 3534 var
1913 3475 2026 3535 Læge,
2059 3477 2096 3537 og
2139 3477 2298 3537 foruden,

1552 3519 1588 3579 at
1617 3519 1673 3579 han
1706 3522 1720 3582 i
1748 3522 1790 3582 sin
1824 3522 2006 3582 Psykologi
2034 3522 2194 3582 optræder
2222 3525 2273 3585 som

825 3540 1084 3600 „Schnitzler
1127 3540 1201 3600 var
1238 3540 1476 3600 Tysklands

1557 3566 1664 3626 Læge,
1683 3564 1743 3624 har
1772 3566 1827 3626 han
1860 3567 1995 3627 skildret
2023 3567 2190 3627 adskillige
2219 3569 2288 3629 Læ¬

966 3585 1091 3645 Peter
1127 3585 1332 3645 Nansen.“

1555 3613 1608 3673 ger
1635 3612 1648 3672 i
1671 3612 1737 3672 sine
1769 3612 1915 3672 Værker.
1938 3612 2000 3672 Paa
2031 3612 2138 3672 Dansk
2169 3614 2293 3674 kender

824 3639 996 3699 Professor
1025 3639 1034 3699 i
1058 3639 1137 3699 Tysk
1176 3642 1250 3702 Carl
1274 3642 1358 3702 Roos
1382 3642 1513 3702 udtaler

1554 3654 1590 3714 vi
1622 3657 1685 3717 Dr.
1717 3657 1885 3717 Grässler,
1912 3657 1969 3717 der
2007 3657 2043 3717 er
2080 3657 2211 3717 oversat
2249 3662 2285 3722 af

894 3695 1078 3755 Schnitzler
1116 3695 1172 3755 var
1206 3695 1394 3755 Tysklands
1428 3698 1527 3758 Peter

1557 3701 1636 3761 Carl
1660 3701 1818 3761 Behrens.

779 3740 905 3800 Nansen
930 3741 959 3801 og
981 3740 1111 3800 tilhorte
1128 3740 1178 3800 som
1212 3741 1309 3801 denne
1330 3740 1359 3800 en
1381 3742 1519 3802 svunder

788 3785 859 3845 Tid.
881 3786 952 3846 Han
988 3785 1045 3845 var
1076 3785 1107 3845 en
1143 3786 1177 3846 af
1209 3787 1288 3847 disse
1324 3788 1439 3848 Poeter
1470 3788 1518 3848 fra

1591 3794 1787 3854 Schnitzlers
1845 3794 1989 3854 Stykker
2021 3794 2052 3854 er
2083 3797 2186 3857 stadig
2223 3797 2284 3857 paa

789 3830 969 3890 1890’erne,
987 3832 1041 3892 der
1064 3833 1122 3893 kom
1164 3833 1312 3893 bagefter
1340 3833 1389 3893 den
1421 3836 1520 3896 grove
1553 3839 1728 3899 Teatrenes
1756 3839 1999 3899 Programmer,
2023 3842 2117 3902 ogsaa
2154 3842 2284 3902 udenfor

782 3880 817 3940 og
857 3879 962 3939 ærlige
998 3878 1239 3938 Naturalisme,
1266 3881 1301 3941 og
1337 3879 1416 3939 hvem
1469 3881 1521 3941 det
1552 3887 1732 3947 Tyskland.
1759 3887 1838 3947 „Den
1874 3884 1957 3944 store
1993 3884 2111 3944 Scene“
2142 3887 2287 3947 kommer

788 3922 910 3982 morede
950 3923 984 3983 at
1019 3924 1092 3984 pille
1127 3924 1180 3984 saa
1220 3925 1337 3985 mange
1372 3925 1450 3985 Fjer
1485 3926 1524 3986 af
1554 3928 1588 3988 op
1618 3931 1676 3991 paa
1702 3931 1765 3991 Det
1790 3931 1956 3991 kongelige
1986 3929 2098 3989 Teater
2124 3931 2133 3991 i
2158 3932 2294 3992 Decem¬

789 3967 838 4027 den
879 3969 1059 4029 borgerlige
1096 3970 1254 4030 Paafugl,
1286 3970 1322 4030 at
1358 3970 1408 4030 den
1453 3970 1512 4030 kun
1554 3974 1625 4034 ber,
1640 3976 1671 4036 og
1698 3976 1752 4036 den
1780 3976 1874 4036 sidste
1897 3976 1978 4036 store
2006 3976 2286 4036 Stumfilmsucces

787 4014 915 4074 beholdt
941 4015 1003 4075 sine
1029 4015 1163 4075 grimme
1194 4016 1312 4076 Fødder
1339 4016 1456 4076 tilbage
1483 4018 1523 4078 til
1550 4020 1565 4080 i
1587 4021 1776 4081 København
1808 4021 1947 4081 „Froken
1979 4021 2091 4081 Else“,
2107 4021 2138 4081 en
2169 4024 2199 4084 af
2226 4027 2292 4087 Eli¬

781 4060 819 4120 at
845 4060 996 4120 skamme
1030 4062 1074 4122 sig
1108 4060 1201 4120 over.

1551 4065 1659 4125 sabeth
1687 4067 1845 4127 Bergners
1873 4069 2085 4129 Glansroller,
2104 4070 2157 4130 var
2181 4072 2284 4132 filmet

829 4105 895 4165 Han
937 4108 998 4168 var
1035 4108 1086 4168 som
1143 4108 1297 4168 Skribent
1334 4109 1364 4169 en
1406 4108 1524 4168 yderst
1556 4111 1637 4171 efter
1664 4111 1695 4171 en
1726 4113 1787 4173 Bog
1819 4114 1854 4174 af
1881 4114 2076 4174 Schnitzler.
