3436 4256
224 276 310 336 2.
369 282 960 342 Schnitzler's
1029 279 1251 339 Death

326 1708 384 1768 Nr.
417 1711 535 1771 11.405.
562 1711 648 1771 Seite
680 1711 712 1771 6.

322 1759 427 1819 Sohn"
458 1760 610 1820 genannt,
635 1762 675 1822 die
707 1762 873 1822 durchwegs
904 1762 1020 1822 stärkste
1046 1764 1192 1824 Wirkung

321 1798 428 1858 übten.
447 1798 555 1858 Einige
579 1801 625 1861 von
653 1801 827 1861 Schnitzlers
855 1801 972 1861 Werken
1006 1804 1061 1864 sind
1090 1804 1113 1864 in
1141 1805 1188 1865 den

321 1837 414 1897 letzten
448 1837 565 1897 Jahren
603 1838 815 1898 verfilmt
848 1842 984 1902 worden,
1013 1843 1064 1903 vor
1102 1843 1177 1903 allem

325 1876 374 1936 hat
400 1876 450 1936 der
481 1879 546 1939 Film
613 1879 774 1939 „Fräulein
805 1880 890 1940 Else"
946 1882 1011 1942 (mit
1042 1882 1188 1942 Elisabeth

322 1917 477 1977 Bergner)
514 1917 690 1977 Schnitzlers
722 1917 830 1977 Größe
867 1920 929 1980 auch
966 1920 1017 1980 der
1054 1923 1189 1983 heutigen

325 1955 443 2015 Jugend
474 1956 581 2016 wieder
612 1956 838 2016 nahegebracht.
858 1959 1016 2019 Schnitzler
1046 1962 1110 2022 war
1140 1960 1198 2020 mit

317 1992 364 2052 dem
407 1995 491 2055 Wien
524 1995 571 2055 vor
600 1995 679 2055 anno
703 1995 774 2055 1914
803 1996 882 2056 innig
915 1998 1094 2058 verwachsen
1127 2000 1183 2060 und

320 2031 395 2091 blieb
428 2034 474 2094 es,
498 2034 578 2094 wenn
616 2034 643 2094 er
671 2035 737 2095 auch
770 2037 811 2097 die
841 2037 957 2097 heutige
986 2038 1107 2098 Jugend
1140 2040 1196 2100 gut

318 2073 344 2133 zu
382 2075 526 2135 verstehen
564 2073 740 2133 vermochte,
763 2076 789 2136 in
827 2076 917 2136 seinem
966 2079 1185 2139 künstlerischen

328 2114 466 2174 Schaffen
502 2111 543 2171 bis
574 2111 620 2171 zum
667 2112 758 2172 Ende.

386 2150 598 2210 Oesterreichs
632 2153 753 2213 größter
787 2153 902 2213 Dichter
932 2153 994 2213 war
1024 2153 1071 2213 nie

321 2186 421 2246 Mann
455 2189 556 2249 lauten
590 2192 719 2252 Ruhmes
753 2192 805 2252 und
835 2192 935 2252 hohler
964 2194 1117 2254 Eitelkeit,
1156 2194 1189 2254 er

327 2226 391 2286 trat
415 2228 546 2288 niemals
570 2228 728 2288 irgendwie
752 2231 902 2291 öffentlich
931 2231 1033 2291 hervor
1057 2233 1113 2293 und
1141 2233 1192 2293 hat

325 2264 360 2324 um
411 2267 560 2327 geldlicher
597 2267 660 2327 oder
693 2269 884 2329 persönlicher
921 2270 1052 2330 Vorteile
1084 2270 1184 2330 willen

322 2302 454 2362 niemals
502 2304 604 2364 irgend
652 2306 741 2366 etwas
772 2305 968 2365 geschrieben,
985 2305 1045 2365 was
1075 2307 1105 2367 er
1135 2308 1190 2368 mit

325 2340 413 2400 seinem
461 2344 676 2404 künstlerischen
710 2346 850 2406 Gewissen
888 2344 963 2404 nicht
987 2347 1179 2407 vereinbaren

321 2380 442 2440 konnte.
485 2381 550 2441 Der
579 2383 663 2443 große
697 2380 818 2440 Dichter
852 2383 912 2443 war
940 2385 1100 2445 persönlich
1133 2386 1184 2446 von

323 2419 550 2479 unglaublicher
596 2420 831 2480 Bescheidenheit
877 2422 936 2482 und
986 2424 1190 2484 bestrickender

324 2458 644 2518 Liebenswürdigkeit.
660 2458 698 2518 Er
719 2460 797 2520 lebte
817 2459 841 2519 in
871 2459 965 2519 letzter
990 2461 1058 2521 Zeit
1079 2461 1191 2521 zurück¬

324 2496 466 2556 gezogen,
481 2496 540 2556 fast
555 2496 653 2556 einsam
693 2496 717 2556 in
742 2498 834 2558 seiner
860 2498 938 2558 Villa
963 2499 987 2559 in
1012 2499 1060 2559 der
1081 2499 1188 2559 Stern¬

325 2535 534 2595 wartestraße,
558 2535 614 2595 nur
642 2535 810 2595 manchmal
848 2537 894 2597 sah
927 2538 992 2598 man
1025 2538 1076 2598 den
1109 2538 1183 2598 alten

325 2571 419 2631 Herrn
447 2574 501 2634 mit
524 2574 569 2634 den
597 2574 710 2634 gütigen
738 2574 837 2634 Augen
865 2574 919 2634 und
947 2574 991 2634 dem
1028 2577 1182 2637 wehenden

326 2610 435 2670 grauen
467 2610 546 2670 Bart
569 2613 630 2673 noch
657 2613 723 2673 oben
755 2613 811 2673 auf
834 2613 882 2673 dem
922 2615 1192 2675 Sommerhaiden¬

317 2646 372 2706 weg
400 2649 464 2709 oder
492 2649 514 2709 im
556 2652 850 2712 Türkenschanzpark
874 2652 970 2712 einsam
1012 2655 1067 2715 und
1095 2654 1182 2714 allein

326 2687 592 2747 spazierengehen.

399 2724 554 2784 Anläßlich
597 2726 648 2786 des
690 2727 862 2787 70jährigen
909 2726 1080 2786 Bestandes
1132 2729 1184 2789 der

326 2763 557 2823 Journalisten=
634 2765 688 2825 und
766 2765 1178 2825 Schriftstellervereinigung

325 2803 609 2863 „Concordia“
652 2804 754 2864 wurde
787 2804 885 2864 Artur
918 2807 1076 2867 Schnitzler
1114 2807 1169 2867 zum

322 2840 712 2900 Ehrenmitgliede
741 2843 891 2903 ernannt.

400 2880 495 2940 Artur
523 2881 696 2941 Schnitzler,
719 2881 764 2941 der
787 2881 905 2941 Bruder
933 2881 978 2941 des
1010 2881 1183 2941 berühmten

327 2917 446 2977 Wiener
489 2919 656 2979 Chirurgen
690 2920 799 2980 Hofrat
824 2920 995 2980 Schnitzler,
1058 2920 1110 2980 hat
1154 2918 1177 2978 in

326 2953 416 3013 seinem
460 2956 695 3016 Familienleben
729 2956 825 3016 wenig
859 2956 950 3016 Glück
974 2959 1094 3019 gehabt.
1123 2958 1190 3018 Erst

322 2992 369 3052 vor
418 2995 532 3055 einigen
566 2995 676 3055 Jahren
711 2995 763 3055 hat
811 2996 887 3056 seine
917 2998 1036 3058 Tochter
1085 2998 1166 3058 ihrem

327 3031 413 3091 Leben
442 3034 596 3094 freiwillig
625 3032 663 3092 ein
698 3034 779 3094 Ende
803 3034 942 3094 bereitet.
996 3032 1058 3092 Von
1092 3036 1183 3096 seiner

327 3069 424 3129 Gattin
457 3069 522 3129 war
547 3072 705 3132 Schnitzler
734 3072 888 3132 getrennt.
940 3072 1010 3132 Nun
1044 3072 1094 3132 hat
1137 3073 1179 3133 ein

325 3108 445 3168 eascher,
469 3111 696 3171 mitleidsvoller
725 3111 788 3171 Tod
836 3111 922 3171 einem
971 3114 1178 3174 inhaltsvollen

330 3147 412 3207 Leben
448 3150 488 3210 ein
517 3150 600 3210 Ende
621 3150 731 3210 gesetzt.

353 3244 606 3304 Mißglückter
649 3251 957 3311 Naubülbersall
990 3254 1053 3314 auf
1096 3254 1158 3314 ein

559 3329 696 3389 junges
736 3326 952 3386 Mädchen.

520 3374 579 3434 Die
612 3377 755 3437 rettende
788 3377 990 3437 Glasperle.

396 3428 506 3488 „Hilfe,
531 3428 645 3488 Hilfe!“
696 3428 825 3488 Gellend
856 3429 985 3489 drangen
1040 3430 1100 3490 aus
1135 3431 1184 3491 der

314 3463 473 3523 Wohnung
548 3463 595 3523 des
670 3466 960 3526 Spenglermeisters
1035 3466 1175 3526 Fran,

313 3502 544 3562 Friedrich,
569 3505 801 3565 Quellenstraße
830 3505 883 3565 36,
907 3505 979 3565 diese
1009 3506 1110 3566 Rufe,
1135 3506 1177 3566 die

311 3536 362 3596 von
395 3541 442 3601 der
466 3541 633 3601 20jährigen
667 3544 783 3604 Tochter
807 3544 853 3604 des
877 3544 1181 3604 Geschäftsmannes,

316 3578 466 3638 Agnes,
490 3580 678 3640 ausgestoßen
716 3580 852 3640 wurden.
876 3580 932 3640 Die
961 3581 1173 3641 Hausgehilfin

313 3616 392 3676 Mitzi
418 3619 581 3679 Strack,
601 3617 645 3677 die
676 3619 794 3679 zufällig
830 3619 884 3679 auf
909 3619 958 3679 dem
1003 3619 1092 3679 Gang
1127 3619 1176 3679 des

316 3654 475 3714 Parterres
514 3655 625 3715 weilte,
655 3656 736 3716 hörte
771 3657 819 3717 die
853 3657 1056 3717 Hilfeschreie.
1091 3658 1177 3718 Rasch

310 3690 378 3750 eilte
409 3693 447 3753 sie
492 3696 550 3756 zur
580 3696 836 3756 Hausbesorgerin
886 3696 999 3756 Ottilie
1029 3696 1175 3756 Nosal:

312 3732 396 3792 „Ein
432 3732 561 3792 Mann
616 3732 650 3792 is
701 3732 775 3792 bei
821 3732 890 3792 den
925 3735 1173 3795 Friedrichs

307 3768 512 3828 drüben".
569 3768 633 3828 Mit
681 3768 732 3828 dem
798 3770 998 3830 Eisenbahner
1051 3771 1171 3831 Ludwig

310 3804 493 3864 Chladek
523 3807 604 3867 begab
638 3808 681 3868 sich
711 3808 754 3868 die
778 3810 1038 3870 Hausbesorgerin
1073 3810 1096 3870 in
1131 3810 1173 3870 die

313 3842 467 3902 Wohnung
520 3842 567 3902 des
619 3845 929 3905 Spenglermeisters.
968 3848 1010 3908 Im
1076 3848 1170 3908 selben

312 3881 481 3941 Augenblick
505 3885 625 3945 erschien
655 3884 717 3944 auch
747 3887 818 3947 schon
853 3889 939 3949 dessen
973 3887 1094 3947 Tochter
1118 3887 1176 3947 auf

311 3920 360 3980 dem
401 3920 509 3980 Gang.

397 3961 427 4021 In
459 3959 577 4019 höchster
603 3959 753 4019 Erregung
785 3960 913 4020 erzählte
940 3962 976 4022 sie
997 3962 1048 4022 der
1070 3961 1177 4021 Haus¬

307 3995 492 4055 besorgerin,
525 3995 579 4055 daß
616 3995 656 4055 sie
688 3998 788 4058 soeben
830 3998 879 4058 von
921 3998 1002 4058 einem
1053 3999 1161 4059 jungen

303 4033 401 4093 Mann
425 4033 669 4093 überfallen
698 4034 749 4094 und
773 4036 966 4096 gewürgt
985 4036 1098 4096 worden
1126 4037 1178 4097 sei.

385 4069 439 4129 Die
490 4072 716 4132 unerschrockene
762 4072 1021 4132 Hausbesorgerin
1071 4075 1171 4135 durch¬

313 4107 396 4167 suchte
430 4111 527 4171 sofort
556 4111 597 4171 die
626 4111 780 4171 Wohnung
818 4114 873 4174 und
907 4112 957 4172 das
991 4114 1168 4174 anstoßende

1480 279 1603 339 box
1682 282 1860 342 42/6

2121 522 2917 582 OBSERVER“

2200 583 2225 643 I.
2239 586 2357 646 österr.
2370 589 2519 649 behördl.
2533 594 2834 654 konzessioniertes

2154 626 2389 686 Unternehmen
2416 630 2465 690 für
2492 634 2878 694 Zeitungs-Ausschnitte

2206 683 2353 743 WIEN,
2380 690 2427 750 I.,
2455 694 2743 754 WOLLZEILE

2303 738 2511 798 TELEPHON
2548 744 2725 804 R-23-0-43

2090 877 2323 937 Ausschnitt
2347 882 2443 942 aus:

2742 995 2873 1055 hlatt.

2508 1049 2557 1109 Gr

2098 1100 2216 1160 vom:

2414 1163 2508 1223 22.
2530 1154 2663 1214 0KT.
2683 1147 2787 1207 137

2203 1294 2621 1354 Arthur-Schnitzler
2662 1279 2717 1339 F.

1930 1377 1998 1437 Kb.
2034 1374 2155 1434 Wien,
2190 1368 2248 1428 21.
2283 1362 2450 1422 Oktober.
2486 1355 2560 1415 Der
2602 1346 2861 1406 österreichische
2903 1334 3041 1394 Dichter

1868 1422 1986 1482 Artur
2018 1415 2281 1475 Schnitzler
2307 1405 2344 1465 ist
2370 1404 2470 1464 heute
2502 1395 2702 1455 nachmittag
2740 1388 2764 1448 im
2815 1385 2871 1445 70.
2891 1377 3046 1437 Lebens¬

1875 1468 1964 1528 jahre
1997 1459 2192 1519 gestorben.
2215 1451 2405 1511 Schnitzler
2432 1446 2505 1506 war
2538 1438 2744 1498 gebürtiger
2772 1428 2935 1488 Wiener,
2962 1420 3052 1480 hatte

1871 1507 2029 1567 Medizin
2077 1501 2230 1561 studiert
2273 1495 2342 1555 und
2390 1488 2437 1548 die
2475 1485 2655 1545 Laufbahn
2708 1476 2803 1536 eines
2841 1468 3041 1528 praktischen

1872 1553 1996 1613 Arztes
2045 1545 2320 1605 eingeschlagen,
2353 1535 2406 1595 sich
2450 1532 2531 1592 aber
2569 1525 2660 1585 dann
2709 1517 2963 1577 ausschließlich
2996 1505 3049 1565 der

1877 1595 2046 1655 Dichtung
2103 1587 2309 1647 gewidmet.
2356 1577 2438 1637 Mit
2485 1571 2540 1631 den
2603 1564 2850 1624 dramatischen
2913 1552 3046 1612 Szenen

1885 1639 2055 1699 „Anatol“
2083 1633 2172 1693 schuf
2200 1631 2249 1691 sich
2283 1624 2471 1684 Schnitzler
2505 1615 2554 1675 als
2588 1608 2775 1668 Vertreter
2820 1603 2875 1663 des
2920 1597 3046 1657 jungen

1884 1685 1975 1745 Wien
2019 1679 2127 1739 seinen
2165 1673 2321 1733 Namen.
2360 1666 2408 1726 Er
2452 1660 2527 1720 war
2555 1651 2912 1711 impressionistischer
2945 1638 3057 1698 Stim¬

1888 1725 2192 1785 mungskünstler,
2225 1710 2435 1770 Psychologe
2480 1703 2546 1763 und
2597 1698 2762 1758 spezifisch
2807 1686 3056 1746 Wienerischer

1889 1766 2243 1826 Milieudramatiker
2270 1756 2328 1816 von
2365 1750 2503 1810 weichem
2551 1741 2725 1801 erotischen
2758 1732 2979 1792 Grundzug.
3001 1724 3064 1784 Die

1892 1814 2029 1874 größten
2069 1809 2212 1869 Erfolge
2247 1801 2356 1861 waren
2396 1790 2606 1850 „Liebelei",
2629 1786 2717 1846 „Der
2751 1779 2866 1839 grüne
2895 1771 3055 1831 Kakadu"

1897 1861 1985 1921 „Der
2015 1855 2120 1915 junge
2150 1845 2398 1905 Medardus".
2428 1837 2492 1897 Als
2528 1831 2698 1891 Erzähler
2734 1825 2769 1885 ist
2799 1819 2987 1879 Schnitzler
3029 1815 3057 1875 in

1897 1900 2032 1960 Roman
2068 1898 2132 1958 und
2168 1895 2309 1955 Novelle
2339 1888 2397 1948 tief
2422 1885 2492 1945 und
2522 1878 2663 1938 graziös
2693 1871 2857 1931 zugleich.

1878 2256 2591 2316 OBSERVER

1965 2317 1988 2377 I.
2007 2323 2124 2383 österr.
2144 2329 2290 2389 behördl.
2309 2335 2596 2395 konzessioniertes

1936 2365 2163 2425 Unternehmen
2194 2370 2238 2430 für
2263 2377 2629 2437 Zeitungs-Ausschnitte

1978 2423 2129 2483 WIEN,
2151 2430 2191 2490 I.,
2213 2434 2496 2494 WOLLZEILE
2538 2440 2579 2500 11

2064 2479 2281 2539 TELEPHON
2316 2487 2494 2547 R-23-0-43

1864 2617 2085 2677 Ausschnitt
2113 2619 2179 2679 aus

2111 2675 2209 2735 Neues
2236 2675 2361 2735 Wiener
2387 2672 2577 2732 Extrablatt

2150 2825 2230 2885 22.
2252 2828 2342 2888 OKT
2394 2828 2495 2888 1931

1866 2841 1972 2901 vom:

1993 2983 2183 3043 Arthur
2220 2983 2556 3043 Schnitzler?

1902 3040 2004 3100 Heute
2038 3040 2258 3100 nachmittags
2293 3040 2332 3100 ist
2361 3040 2411 3100 der
2446 3043 2524 3103 weit
2553 3041 2632 3101 über
2667 3043 2717 3103 die

1856 3096 2006 3156 Grenzen
2045 3096 2261 3156 Oesterreichs
2310 3099 2472 3159 bekannte
2499 3101 2715 3161 Dramatiker

1853 3152 1920 3212 und
1955 3156 2119 3216 Erzähler
2160 3156 2267 3216 Artur
2297 3156 2552 3216 Schnitzler
2587 3159 2620 3219 im
2672 3160 2722 3220 69.

1852 3210 2087 3270 Lebensjahre
2118 3213 2189 3273 nach
2220 3216 2335 3276 kurzem
2384 3214 2498 3274 Leiden
2536 3216 2722 3276 gestorben.

1899 3317 2026 3377 Arthur
2060 3317 2259 3377 Schnitzler,
2282 3320 2381 3380 dessen
2421 3320 2620 3380 literarische
2654 3319 2720 3379 Ar¬

1855 3365 1955 3425 beiten
1993 3365 2087 3425 wohl
2114 3367 2141 3427 in
2173 3366 2230 3426 den
2285 3368 2416 3428 meisten
2470 3368 2707 3428 Weltsprachen

1853 3413 2009 3473 übersetzt
2037 3416 2122 3476 sind,
2145 3416 2220 3476 war
2248 3416 2339 3476 einer
2366 3416 2420 3476 der
2448 3418 2707 3478 erfolgreichsten

1849 3463 2071 3523 Dramatiker
2103 3463 2159 3523 der
2186 3463 2366 3523 modernen
2424 3464 2584 3524 deutschen
2626 3464 2718 3524 Rich¬

1849 3511 1952 3571 tung.
1978 3511 2086 3571 Seine
2117 3512 2349 3572 dramatischen
2391 3514 2612 3574 Hauptwerke
2644 3514 2705 3574 sind

1850 3559 1909 3619 der
1936 3562 2207 3622 Einakterzyklus
2241 3562 2430 3622 „Anatol",
2447 3562 2500 3622 die
2528 3562 2707 3622 Komödien

1851 3610 2058 3670 „Liebelei",
2099 3613 2191 3673 „Der
2244 3610 2353 3670 grüne
2400 3610 2578 3670 Kakadu",
2620 3613 2711 3673 „Der

1850 3657 1998 3717 Schleier
2047 3657 2105 3717 der
2153 3657 2334 3717 Beatrice“
2394 3657 2457 3717 und
2516 3659 2574 3719 der
2623 3660 2718 3720 heiß¬

1847 3705 2058 3765 umstrittene
2085 3708 2250 3768 „Reigen"
2281 3705 2342 3765 und
2375 3707 2456 3767 viele
2478 3708 2617 3768 andere.
2638 3708 2705 3768 Von

1852 3753 2142 3813 hervorragenden
2180 3753 2395 3813 erzählenden
2454 3756 2580 3816 Werken
2639 3756 2707 3816 sind

1852 3804 2149 3864 hervorzuheben:
2197 3804 2393 3864 „Leutnant
2441 3802 2578 3862 Gustl“,
2627 3803 2716 3863 „Der

1850 3850 1927 3910 Weg
1966 3848 2022 3908 ins
2061 3850 2200 3910 Freie",
2228 3851 2561 3911 „Dämmerseelen",
2590 3853 2717 3913 „Spiel

1852 3896 1878 3956 im
1933 3899 2257 3959 Morgengrauen“.
2279 3899 2327 3959 In
2366 3899 2495 3959 Arthur
2528 3899 2711 3959 Schnitzler

1849 3947 1993 4007 verliert
2014 3947 2112 4007 wohl
2154 3947 2205 4007 die
2257 3947 2417 4007 moderne
2464 3950 2712 4010 österreichische

1847 3995 2022 4055 Literatur
2068 3995 2158 4055 einen
2209 3995 2299 4055 ihrer
2345 3998 2591 4058 bedeutendsten
2647 3997 2712 4057 Re¬

1844 4042 2110 4102 präsentanten.
