3344 4352
149 272 238 332 2.
289 270 888 330 Schnitzler's
950 276 1178 336 Death

1409 273 1534 333 box
1614 276 1794 336 43/1

505 700 1218 760 DOBSERVER

589 759 616 819 I.
630 762 755 822 österr.
764 765 916 825 behördl.
930 771 1230 831 konzessioniertes

548 801 783 861 Unternehmen
815 805 863 865 für
886 813 1272 873 Zeitungs-Ausschnitte

590 859 738 919 WIEN,
766 864 812 924 I.,
840 870 1123 930 WOLLZEILE
1171 876 1217 936 11

688 915 906 975 TELEPHION
940 921 1121 981 R-23-0-43

484 1052 714 1112 Ausschnitt
738 1056 829 1116 aus:

837 1180 907 1240 Der
923 1182 1017 1242 Tag.
1034 1184 1128 1244 Bertk

480 1274 597 1334 vom:

729 1356 796 1416 23
846 1350 982 1410 OKT.
1003 1343 1109 1403 1931

1761 1788 1840 1848 Zum
1898 1791 1999 1851 Tode

518 1846 1189 1906 Nr-chiereh
1569 1849 1593 1909 /
1663 1852 1817 1912 Arthur
1853 1848 2093 1908 Schnitzlers

557 1918 610 1978 Der
637 1917 757 1977 bekannie
778 1918 966 1978 österreichische
993 1918 1093 1978 Dichter
1114 1918 1167 1978 Pr.
1181 1918 1281 1978 Aethur

1335 1927 1567 1987 bürgerlichkeit,
1584 1927 1628 1987 die
1656 1924 1755 1984 immer
1784 1923 1822 1983 ein
1850 1924 1944 1984 wenig
1966 1924 2082 1984 elegisch
2110 1921 2193 1981 müde

529 1949 726 2009 Schnigler
760 1950 801 2010 ist,
827 1950 873 2010 wie
903 1950 953 2010 wir
983 1950 1075 2010 bereits
1109 1950 1130 2010 im
1173 1949 1277 2009 größten

1334 1964 1366 2024 ist
1381 1962 1436 2022 und
1460 1963 1497 2023 ein
1525 1962 1614 2022 wenig
1638 1962 1871 2022 ergebungovoll
1885 1961 2100 2021 lebensheiter.
2124 1956 2193 2016 Hier

527 1984 580 2044 Teil
609 1983 654 2043 der
683 1983 807 2043 gestrigen
844 1984 955 2044 Auflage
989 1986 1128 2046 meldeten,
1154 1985 1178 2045 in
1216 1983 1285 2043 Wien

1332 1999 1384 2059 und
1425 2001 1477 2061 da,
1504 2001 1668 2061 allerdings
1712 2001 1769 2061 fast
1810 1998 1867 2058 nur
1903 1998 2199 2058 andeutungsweise,

527 2019 544 2079 im
588 2017 630 2077 10.
657 2016 816 2076 Lebensjahr
843 2018 959 2078 einem
999 2018 1258 2078 Schlaganfal

1331 2037 1406 2097 stand
1434 2040 1462 2100 er
1490 2040 1579 2100 seinen
1612 2040 1734 2100 Themen
1768 2039 1833 2099 auch
1861 2037 2062 2097 sozialkritisch
2091 2035 2198 2095 gegen¬

527 2054 700 2114 erlegen.
733 2051 801 2111 Bald
830 2051 882 2111 nach
908 2052 952 2112 der
976 2053 1106 2113 Heimkehr
1130 2052 1174 2112 von
1199 2052 1267 2112 einen

1335 2078 1418 2138 über.
1466 2077 1560 2137 Seine
1594 2076 1753 2136 Heiterkeit
1796 2076 1904 2136 gleitet
1942 2073 2111 2133 manchmal
2154 2073 2200 2133 ins

525 2082 605 2142 seiner
638 2085 747 2145 üblichen
785 2088 983 2148 Spaziergänge
1012 2085 1085 2145 brach
1113 2085 1141 2145 er
1175 2083 1279 2143 plöclich

1335 2115 1483 2175 Ironische
1513 2116 1563 2176 und
1597 2115 1737 2175 Plasterte
1765 2113 1905 2173 hinüber,
1929 2112 1985 2172 und
2009 2112 2041 2172 da
2070 2115 2144 2175 liegt
2168 2110 2195 2170 es

521 2118 666 2178 bewußtlos
703 2118 849 2178 zusammen
886 2118 934 2178 und
971 2119 1105 2179 verschied,
1134 2121 1198 2181 ohne
1231 2118 1275 2178 das

1336 2153 1381 2213 fast
1409 2154 1513 2214 immer
1546 2153 1577 2213 an
1614 2153 1659 2213 der
1687 2153 1883 2213 gestaltenden
1920 2151 2011 2211 Kraft
2039 2150 2084 2210 der
2117 2147 2198 2207 Dar¬

521 2152 686 2212 Bewußtsein
716 2153 919 2213 wiedererlangt
941 2155 966 2215 zu
996 2153 1089 2213 haben.

1335 2192 1441 2252 steller,
1465 2192 1508 2252 ein
1542 2192 1648 2252 solches
1682 2189 1768 2249 Stück
1798 2190 1855 2250 auf
1884 2189 1932 2249 den
1971 2189 2110 2249 Brettern
2149 2186 2197 2246 ins

452 2205 506 2265 Ein
532 2207 633 2267 halbes
664 2207 739 2267 Jahr
765 2207 815 2267 vor
836 2208 926 2268 seinem
967 2207 1018 2267 70.
1033 2207 1220 2267 Geburtstag
1251 2207 1280 2267 ist

1334 2230 1493 2290 Lebendige
1523 2231 1791 2291 hinaufzureißen.
1831 2228 1925 2288 Meist
1955 2225 2009 2285 hat
2039 2225 2197 2285 Schnitzler

414 2251 441 2311 er
474 2249 530 2309 von
568 2250 623 2310 uns
656 2252 889 2312 fortgegangen,
917 2251 992 2311 ohne
1025 2251 1183 2311 Aufsehen,
1211 2252 1281 2312 still,

1339 2270 1453 2330 Aerzte,
1474 2268 1680 2328 Schauspieler
1709 2267 1776 2327 oder
1806 2265 2012 2325 Schriftsteller
2041 2267 2204 2327 gezeichnet

409 2291 460 2351 wie
485 2294 512 2354 er
532 2294 559 2354 es
583 2294 649 2354 auch
678 2294 701 2354 im
739 2294 823 2354 Leben
852 2294 983 2354 gehalten
1008 2294 1074 2354 hat.
1098 2294 1135 2354 Er
1159 2294 1276 2354 gehörte

1342 2306 1346 2366 —
1393 2305 1440 2365 der
1464 2306 1576 2366 Dichter
1605 2306 1660 2366 war
1684 2306 1768 2366 selbst
1788 2305 1863 2365 Arzt
1882 2303 1933 2363 von
1962 2303 2055 2363 Beruf
2079 2300 2130 2360 —,
2145 2302 2200 2362 also

414 2341 436 2401 zu
464 2335 546 2395 denen
578 2335 629 2395 aus
657 2336 702 2396 dem
739 2335 830 2395 Jahre
854 2335 940 2395 1802,
954 2336 1013 2396 war
1037 2335 1270 2395 gewissermaßen

1334 2344 1501 2404 Menschen,
1524 2344 1610 2404 denen
1647 2342 1701 2402 das
1729 2341 1819 2401 Wort
1847 2341 1901 2401 und
1933 2341 1987 2401 das
2020 2340 2192 2400 Nachsinnen

414 2378 486 2438 einer
514 2380 559 2440 der
583 2379 839 2439 vielverzweigten
867 2380 945 2440 Aeste
968 2380 1087 2440 eines
1110 2377 1265 2437 Stammes

1334 2384 1411 2444 leicht
1431 2383 1513 2443 fällt,
1533 2383 1575 2443 die
1600 2383 1653 2443 aus
1683 2382 1759 2442 ihrem
1799 2380 1943 2440 Intellekt
1968 2380 2016 2440 das
2046 2380 2132 2440 Leben
2167 2379 2195 2439 zu

1334 2421 1456 2481 meistern
1494 2420 1658 2480 versuchen.
1692 2419 1762 2479 Hier
1791 2419 1866 2479 liegt
1890 2419 1941 2479 das
1975 2416 2139 2476 Treibende
2168 2415 2195 2475 in

411 2422 453 2482 die
486 2422 552 2482 ihre
585 2422 721 2482 Wurzeln
759 2422 787 2482 in
825 2422 947 2482 gleicher
985 2422 1102 2482 Stunde
1140 2421 1196 2481 und
1234 2420 1262 2480 im

1334 2458 1511 2518 Schnitzlers
1534 2459 1689 2519 Schaffen,
1703 2458 1753 2518 von
1786 2458 1831 2518 dem
1868 2457 1894 2517 er
1918 2455 2032 2515 einmal
2055 2455 2077 2515 in
2105 2455 2196 2515 seinen

409 2464 524 2524 gleichen
554 2464 645 2524 Boden
675 2464 781 2524 haben.
805 2464 844 2524 Er
864 2467 979 2527 gehörte
999 2466 1023 2526 zu
1052 2464 1095 2524 den
1120 2464 1278 2524 demnächst

1335 2497 1483 2557 Sprüchen
1517 2497 1618 2557 gesagt
1647 2497 1714 2557 hat:
1739 2495 1824 2555 „Wie
1854 2494 1897 2554 oft
1926 2494 2017 2554 hassen
2056 2494 2114 2554 wir
2143 2491 2200 2551 nur

416 2509 693 2569 Siebzigjährigen,
713 2509 762 2569 den
797 2508 1010 2568 Hauptmann,
1030 2506 1149 2566 Schlaf,
1169 2506 1282 2566 Fulda,

1325 2535 1367 2595 die
1391 2535 1481 2595 Idee,
1501 2535 1547 2595 die
1571 2535 1614 2595 sich
1643 2532 1699 2592 uns
1728 2532 1751 2592 in
1785 2532 1861 2592 einem
1899 2532 2078 2592 bestimmten
2113 2530 2202 2590 Men¬

414 2550 454 2610 die
482 2550 509 2610 in
546 2550 591 2610 den
628 2550 865 2610 Naturaliomus
898 2550 1148 2610 hineinwuchsen.
1181 2547 1276 2607 Seine

1331 2573 1397 2633 schen
1430 2574 1615 2634 verkörpert,
1629 2574 1705 2634 nicht
1724 2571 1814 2631 diesen
1843 2571 1942 2631 selbst.
1966 2569 2051 2629 Tritt
2070 2568 2127 2628 uns
2151 2567 2202 2627 das

412 2591 505 2651 vielen
534 2595 749 2655 Bühnenstücke
773 2595 829 2655 und
857 2593 997 2653 Novellen
1030 2593 1114 2653 haben
1147 2592 1203 2652 alle
1227 2592 1273 2652 den

1335 2610 1527 2670 Individuum
1569 2610 1725 2670 leibhaftig
1753 2609 1913 2669 entgegen,
1932 2607 1986 2667 das
2014 2607 2074 2667 uns
2102 2604 2129 2664 in
2161 2604 2207 2664 der

415 2637 482 2697 Atem
530 2637 650 2697 unserer
689 2637 770 2697 Zeit,
804 2637 890 2697 selbst
933 2637 957 2697 in
1005 2637 1053 2697 den
1092 2636 1269 2696 historischen

1336 2649 1519 2709 Entfernung
1544 2649 1698 2709 unleidlich
1728 2649 1795 2709 oder
1815 2647 1868 2707 gar
1893 2646 2047 2706 gefährlich
2072 2643 2211 2703 erschien,

418 2679 553 2739 Stücken,
563 2679 628 2739 etwa
652 2679 675 2739 in
699 2679 740 2739 der
760 2679 1087 2739 Renaissancetragödie
1106 2676 1259 2736 „Beatrice

1335 2691 1353 2751 so
1380 2688 1527 2748 erblickten
1554 2690 1607 2750 wir
1630 2689 1683 2749 mit
1706 2685 1866 2745 einemmal
1889 2684 1942 2744 nur
1965 2682 2027 2742 eine
2049 2682 2205 2742 armselige

408 2724 473 2784 oder
501 2722 524 2782 in
562 2724 655 2784 seinem
698 2721 922 2781 „Paracelsus“

1329 2727 1473 2787 Kreatur,
1492 2727 1536 2787 die
1563 2727 1613 2787 von
1640 2724 1761 2784 Geburt
1789 2724 1955 2784 verdammt
1978 2721 2013 2781 ist
2036 2721 2063 2781 zu
2095 2721 2216 2781 Sünde,

1335 2763 1399 2823 Leid
1428 2763 1479 2823 und
1508 2764 1582 2824 Tod,
1601 2762 1652 2822 und
1681 2762 1764 2822 unser
1789 2759 1849 2819 Haß
1873 2759 2008 2819 wandelt
2028 2759 2069 2819 sich
2098 2759 2121 2819 in
2149 2758 2205 2818 Er¬

446 2768 479 2828 Am
522 2768 611 2828 besten
645 2768 740 2828 findet
769 2768 830 2828 man
864 2768 1043 2828 Schnitzlers
1072 2766 1219 2826 Eigenart
1248 2767 1271 2827 in

1336 2804 1526 2864 griffenheit,
1542 2801 1682 2861 Mitleid,
1698 2801 1843 2861 vielleicht
1863 2798 1948 2858 selbst
1964 2798 1988 2858 in
2014 2796 2124 2856 Liebe.“

410 2807 503 2867 seiner
536 2809 751 2869 vielgespielten
789 2807 972 2867 „Liebelei";
1010 2804 1056 2864 bis
1089 2807 1140 2867 zur
1174 2805 1267 2865 letzten

1376 2840 1499 2900 Einmal
1522 2840 1584 2900 auch
1611 2840 1659 2900 hat
1682 2840 1708 2900 er
1730 2839 1787 2899 mit
1811 2837 1890 2897 einem
1926 2834 2134 2894 Bühnenwerk
2157 2833 2214 2893 un¬

414 2846 525 2906 Stunde
554 2849 626 2909 blieb
661 2849 689 2909 er
719 2846 844 2906 verliebt
869 2846 892 2906 in
927 2846 1004 2906 diese
1029 2846 1144 2906 Wiener
1174 2845 1280 2905 Klein¬

1336 2879 1490 2939 liebsames
1522 2878 1663 2938 Aufsehen
1695 2876 1809 2936 erregt,
1841 2876 1909 2936 aber
1941 2876 1972 2936 da
2005 2873 2127 2933 scheinen
2164 2870 2205 2930 die

1334 2917 1437 2977 hinter
1465 2917 1516 2977 den
1554 2916 1680 2976 Kulissen
1727 2915 1933 2975 Agierenden,
1966 2912 2013 2972 die
2046 2912 2209 2972 Geschüfts¬

1335 2956 1498 3016 tüchtigen,
1518 2953 1561 3013 die
1585 2953 1763 3013 Schuldigen
1792 2953 1912 3013 gewesen
1946 2950 1970 3010 zu
2004 2950 2076 3010 sein.

1379 2994 1413 3054 Zu
1444 2992 1539 3052 seinem
1580 2992 1675 3052 Besten
1721 2989 1781 3049 aus
1817 2988 1912 3048 letzter
1938 2988 2003 3048 Zeit
2039 2986 2124 3046 zählt
2159 2985 2204 3045 die

1335 3031 1469 3091 Chronik
1499 3031 1575 3091 eineo
1609 3028 1854 3088 Frauenlebens,
1879 3025 2052 3085 „Therese".
2101 3025 2144 3085 Es
2178 3023 2211 3083 ist

1331 3069 1379 3129 das
1416 3070 1504 3130 Leben
1540 3067 1620 3127 einer
1652 3067 1754 3127 Frau,
1785 3064 1834 3124 die
1874 3064 1927 3124 das
1968 3064 2057 3124 Leben
2102 3064 2204 3124 durch¬

1335 3109 1461 3169 kämpfen
1494 3106 1578 3166 muß,
1607 3104 1681 3164 nicht
1705 3103 1817 3163 schwach
1845 3100 1957 3160 genug,
1986 3101 2027 3161 sich
2056 3100 2139 3160 fallen
2168 3101 2196 3161 zu

1334 3147 1446 3207 lassen,
1465 3144 1530 3204 aber
1553 3144 1618 3204 auch
1642 3144 1716 3204 nicht
1740 3142 1809 3202 stark
1833 3141 1944 3201 genug,
1959 3138 2005 3198 den
2033 3138 2205 3198 Schicksals¬

1331 3186 1451 3246 schlägen
1487 3182 1731 3242 standzuhalten.
1776 3179 1843 3239 Aus
1879 3179 2092 3239 provinzieller
2124 3176 2203 3236 Enge

1340 3222 1392 3282 und
1417 3222 1633 3282 zweifelhafter
1653 3219 1845 3279 Atmosphäre
1870 3216 1903 3276 ist
1922 3215 1951 3275 sie
1975 3214 2038 3274 früh
2062 3213 2211 3273 geflohen,

1334 3259 1427 3319 droht
1451 3258 1515 3318 aber
1539 3258 1562 3318 in
1590 3258 1637 3318 der
1656 3258 1818 3318 Großstadt
1842 3254 1888 3314 den
1917 3252 1949 3312 sie
1973 3252 2205 3312 überwältigen¬

1338 3295 1384 3355 den
1418 3295 1631 3355 Geschehnissen
1660 3296 1687 3356 zu
1716 3294 1860 3354 erliegen.
1902 3291 1976 3351 Nach
2005 3291 2097 3351 vielem
2135 3290 2209 3350 Um¬

1339 3335 1468 3395 herirren
1501 3334 1555 3394 aus
1585 3333 1664 3393 einem
1706 3331 1793 3391 Elend
1823 3329 1868 3389 ins
1898 3329 2023 3389 andere,
2044 3329 2098 3389 aus
2127 3329 2206 3389 einer

1337 3374 1452 3434 Irrung
1482 3373 1505 3433 in
1535 3371 1572 3431 die
1597 3371 1717 3431 andere,
1737 3370 1852 3430 entgeht
1877 3368 1910 3428 sie
1930 3371 2083 3431 schließlich
2112 3368 2189 3428 ihrem

1335 3410 1574 3470 vorbestimmten
1607 3407 1743 3467 Schicksal
1767 3407 1828 3467 doch
1856 3407 1945 3467 nicht.

1374 3449 1492 3509 Immer
1519 3448 1624 3508 wieder
1647 3446 1724 3506 malt
1743 3446 1902 3506 Schnitzler
1925 3445 1970 3505 die
1994 3443 2207 3503 merkwürdige

1338 3488 1415 3548 Welt
1442 3487 1624 3547 kleinlicher,
1642 3485 1815 3545 verlogener
1843 3484 1896 3544 und
1920 3482 2124 3542 nendelhafter
2151 3480 2205 3540 Be¬

1335 3526 1517 3586 ziehungen.
1550 3522 1719 3582 Vergeblich
1743 3523 1840 3583 fragen
1869 3520 1944 3580 seine
1968 3520 2112 3580 Gestalten
2141 3520 2206 3580 nach

1338 3565 1415 3625 einem
1457 3563 1616 3623 führenden
1649 3560 1818 3620 Menschen,
1837 3559 1900 3619 nach
1929 3559 2006 3619 einem
2047 3559 2134 3619 „Weg
2162 3556 2207 3616 ins

1340 3604 1457 3664 Freie",
1481 3603 1504 3663 so
1537 3601 1622 3661 heißt
1650 3598 1960 3658 bezeichnenderweise
1989 3598 2073 3658 einer
2112 3598 2205 3658 seiner

1334 3640 1488 3700 Romane.
1529 3638 1630 3698 Selbst
1657 3637 1820 3697 Sterbende
1847 3636 1945 3696 tragen
1980 3635 2042 3695 noch
2069 3634 2210 3694 Masken,

1340 3682 1371 3742 sie
1399 3679 1504 3739 kennen
1536 3677 1677 3737 Liebelei,
1701 3676 1768 3736 aber
1801 3676 1874 3736 nicht
1901 3673 2001 3733 Liebe,
2025 3673 2056 3733 sie
2084 3673 2202 3733 nehmen

1338 3718 1384 3778 die
1404 3718 1502 3778 Dinge
1525 3718 1604 3778 einer
1628 3715 1763 3775 haltlosen
1796 3715 1857 3775 Zeit
1876 3712 1899 3772 in
1932 3712 1973 3772 die
1997 3712 2100 3772 Hand,
2114 3712 2197 3772 lassen

1340 3758 1376 3818 sie
1395 3756 1463 3816 aber
1486 3754 1664 3814 entgleiten,
1678 3753 1709 3813 sie
1732 3751 1828 3811 wollen
1856 3751 1901 3811 die
1920 3750 1997 3810 Welt
2016 3750 2202 3810 überwinden

1338 3795 1392 3855 mit
1420 3792 1557 3852 Worten,
1576 3792 1644 3852 statt
1672 3790 1726 3850 mit
1749 3789 1858 3849 Taten.

1369 3831 1525 3891 Schnitzler
1555 3831 1593 3891 ist
1623 3831 1662 3891 ein
1697 3831 1813 3891 Dichter
1843 3828 1940 3888 seiner
1970 3825 2052 3885 Zeit,
2078 3825 2131 3885 mit
2161 3824 2209 3884 ihr

1336 3873 1426 3933 endet
1458 3870 1536 3930 seine
1568 3867 1732 3927 Sendung.
1779 3866 1874 3926 Ueber
1910 3864 1956 3924 die
1988 3864 2211 3924 Vorkriegszeit

1338 3911 1448 3971 kommt
1470 3909 1515 3969 er,
1537 3909 1581 3969 als
1608 3905 1799 3965 Dramatiker
1826 3903 2016 3963 wenigstens,
2039 3903 2105 3963 kaum
2146 3902 2212 3962 hin¬

1338 3948 1413 4008 aus.
1450 3945 1525 4005 Doch
1549 3945 1600 4005 sein
1634 3944 1829 4004 Gesamtwerk
1854 3941 1886 4001 ist
1910 3941 1947 4001 ein
1976 3938 2097 3998 scharfer
2121 3938 2209 3998 Spie¬

1335 3988 1379 4048 pel
1410 3986 1490 4046 eines
1530 3983 1730 4043 bestimmten,
1757 3981 1810 4041 von
1846 3980 1895 4040 ihm
1940 3980 1997 4040 mit
2028 3978 2086 4038 fast
2117 3977 2206 4037 über¬

1340 4024 1432 4084 klarem
1468 4023 1546 4083 Blick
1582 4022 1710 4082 erfaßten
1750 4019 1974 4079 Zeitabschnitte
2019 4018 2076 4078 und
2116 4016 2204 4076 -aus¬

1337 4062 1474 4122 schnitts,
1490 4061 1537 4121 der
1559 4061 1727 4121 Dokument
1749 4059 1860 4119 bleiben
1892 4058 1965 4118 wird
1992 4058 2018 4118 zu
2051 4055 2193 4115 künftigen

2057 4094 2098 4154 HI.
2121 4095 2155 4155 St

1342 4100 1458 4160 Tagen.
