3344 4352
206 145 1074 290 s
1253 168 1734 286 b 44/10
1177 1417 3219 1532 Sentimentalität zurückgreifen, so daß man Patrebrauchte Kräfte der deutschen Bühne, dringend von
305 1459 1105 1574 Berliner Theater.
1177 1516 3219 1577 Lindau im Königlichen Schauspielhaus nur recht geben nöthen. Je älter die Schläuche werden, desto jünger
301 1543 1105 1634 riginal-Feuteren des „Neuen Pester Journal
1185 1562 3227 1627 kann, wenn er seinen Benedix lieber gleich im Ori- muß der Wein sein; der alte ist kein Massengetränk
1189 1615 2183 1673 ginal aufführt, statt ihn auf dem Umweg über Pari¬
267 1589 1158 1676 Eine stille Saison. Man sollte also meinen
2221 1615 3219 1684 für alle Tage. Es ist eine gute Konjunktur für die
164 1657 3216 1722 daß es eine Niete wäre. Die eigentliche Jagd der weit zu überzahlen. Die Deutschen aber denken ent¬ kräftig aufstrebende Dramenliteratur „Jung=Ungarns".
160 1718 3223 1775 Novitäten fehlt. Die Sensationen spielen sich nur weder nur ans Geschäft oder ausschließlich an ihre Die Berliner Theaterdirektoren werden sich solida¬
168 1756 1154 1817 mehr im Cirkus ab, und wenn man näher zusieht
1177 1760 3223 1825 literarische Verpflichtung, durch Kraftmeierei den Umrisch jenem sonderbaren Schwärmer nicht anschließen,
1189 1810 2179 1863 sturz alles bestehenden Epigonenthums vorzubereiten
175 1814 1151 1867 sind das schließlich auch keine mehr. „Das Mirakel
2210 1817 3223 1875 der die deutschen Direktoren und Verleger vor der
1189 1859 2183 1920 Zwischen Friedmann-Frederich, der jetzt mit Glück
168 1863 1162 1916 Vollmöller's, welches Reinhardt in London ausführte
2210 1867 3219 1924 Zufuhr aus Ungarn gewarnt hat. Sie nehmen das
171 1905 3219 1974 hat sowohl in der Legende, die ihm zu Grunde liegt, nach den Ruhmeskränzen Kadelburg's langt, und Her¬ Wirksame, selbst wenn es das Gute ist, wo immer
168 1958 2183 2019 wie in der dichterischen Durcharbeitung Kraft, Farbe bert Eulenberg, der eigensinnig an der Note seine
2214 1958 3219 2019 sie es aufspüren können, und beginnen bereits zu
164 2004 1154 2065 und Süßigkeit, Hoffmannsthal's moralisches Rüpel
1181 2008 3216 2073 Absonderlichkeit festhält, suchen die Großen, Gerhart verstehen, daß das ungarische Temperament zu den
164 2061 3212 2122 spiel ist matt, und die starken Farben, die Rein=Hauptmann, Arthur Schnitzler, theils schweigend und am wenigsten verbrauchten in Europa gehört
171 2107 1162 2168 hardt's Regie aufgetragen hat, kommen nur der
1185 2107 3223 2172 ruhend, theils in Selosgesprächen und tastend nach Die Ungarn haben von den Franzosen, den modernen
164 2153 2187 2214 theatralischen, nicht den poetischen Effekten zugute, neuen Wegen und frisch lockenden Zielen. Und
2214 2160 3212 2210 Engländern — besonders von Wilde und Shaw -
168 2206 3212 2267 Das ist freilich gut für die Entwicklung, der die um sie herum die Schaar der anderen Suchenden, und von den Russen viel gelernt, aber ihre national¬
164 2244 2187 2316 ganze Cirkusexperimentik dienen soll: der Samm¬ die die Zeit abhorchen, nicht nach dem, was
2210 2256 3216 2316 Eigenart schlägt erfreulich über alle Stränge und
164 2305 3212 2362 lung technischer Erfahrungen und der Auskostung von sie zu sagen haben, sondern nach dem, was sie durch alle überkommenen und angeeigneten Formen,
175 2358 3212 2412 Stimmungsmöglichkeiten für die Errichtung jenes hören will. Die handfeste Theatralik, die eine Zeit Sie haben etwas von der ungebändigten Naturgewalt
168 2408 3219 2469 großen deutschen Festspielhauses, von dem das lang so in Verruf gerathen war, daß sich die Dra¬ der Russen, aber ohne das Verprügelte, ohne di¬
171 2450 2179 2511 deutsche Theater träumt. Es ist nicht blos ein bil¬ matiker jedes Stückchens Handlung schenken, ist wiede
2206 2457 3212 2511 Kehle zuschnürende Angst vor den menschlichen Orga¬
171 2499 3219 2564 liger Scherz, wenn man feststellt, daß es einstweilen Trumpf geworden. Das bischen Phantasie, das außer¬ nisationen und vor dem Leben selbst. Sie haben den
175 2553 3219 2610 seine Träume ermöglicht, indem es schläft. Und mit halb der Detektivromane noch lebendig ist, rumort Franzosen die Grazilität, die witzige Verkürzung im
164 2598 3212 2656 ihm schlafen offenbar auch die Nachbarn. Die Pro= wieder in der deutschen Dramatik. Aber einstweilen Dialog, die scharf umrissene Antithesen=Technik der
1189 2648 2179 2709 gewinnt es den Anschein, als ob die Zwischenstadie
164 2644 1162 2709 duktion ist kaum in einem der vorhergehenden Jah¬
2210 2648 3204 2705 Handlung abgeguckt, aber ihre gesunde Brutalité
171 2697 2179 2755 schon quantitativ so schwach gewesen wie diesmal keine Spuren zurückgelassen hätten, als ob die neu
2210 2697 3216 2755 bewahrt sie vor der falschen Rührseligkeit der Gallier.
168 2751 3212 2804 Die Engländer zählen ja nie mit. Die Russen haben Romantik unvermittelt dort anknüpfen wollte, wo Sie haben von den Deutschen den metaphysischen
160 2793 3204 2850 den Reiz der chinesischen Speise, die sie uns boten das Zerstörungswerk des „jungen Deutschland“ be¬ Blick gelernt, aber sie verbohren sich nicht doktrin¬
164 2838 2179 2903 — gebackenes Eis —, bereits verschwendet und müssen gonnen hatte. Im besseren Lustspiel herrscht völli=
2210 2846 3208 2907 in Tiefen, aus denen die These unter Beweis nicht
1189 2888 2179 2949 das Biedermeierthum. Witz, Satire und Gemüthlich
160 2896 1166 2953 nun mit ihren Kräften erst wieder Anschluß nach Oster
2206 2892 3212 2949 mehr zurück zur Wirkung im Rampenlicht finden.
156 2941 2183 2995 oder nach Westen finden, um mit neuen Sensationen keit schwingen und schnörkeln sich in Barockorna
2210 2945 3208 2998 Der Warnungsruf jenes deutschen Feuilletonisten,
160 2991 3212 3048 dienen zu können. Die Romanen aber und vor Allem menten. Und Simplizität wird als das neueste exo der sich in seinem Erwerb geschmälert sieht, weil das
2210 3044 3216 3094 deutsche Lesepublikum an der ungarischen Kost Ge¬
156 3040 1703 3132 die Franzosen, befinden sich jetzt in einer Periode, in tische Gewürz genossen...
1295 3059 2191 3143 Unter solchen Umständen sind frische, unver¬
160 3086 1189 3147 der sie aus völlig verbrauchte Vorbilder deutscher
2214 3090 3212 3147 schmack findet, beweist nur, wie fest die Ungarn in
1010 3139 2206 3254 Die heutige Nummer umfaßt 32 Seiten.
2393 3147 2964 3242 a la
