3392 4352
226 216 386 305 13.
432 218 1098 314 Miscellaneous
1278 203 1716 314 box 44/9
781 985 1600 1101 OBSERER
711 1043 1666 1152 I. österr. behördl. konzessioniertes Unternehmen für
994 1129 1377 1174 Zeitungs-Ausschnitte
860 1149 1529 1238 WIEN, I., WOLLEILE 11
717 1322 1664 1401 Ausschnitt aus: „NEUES WIENER JOURNAL
1317 1524 1427 1636 93
708 1559 820 1620 vom
1042 1529 1272 1636 SEP.
486 1755 1617 1913 Das Land, in dem Beethoven
733 1883 1380 2019 getraumt hat.
574 1962 1518 2080 Unterrichtsminister Zay auf dem Theaterkongreß.
553 2059 1643 2160 Der gestrige letzte Kongreßtag brachte noch eine Reihe
444 2131 1636 2222 hochinteressanter Referate. So hielt Direktor Professor
450 2177 1638 2286 Röbbeling einen Vortrag über das Theater als völker¬
447 2228 852 2304 verbindenden Faktor.
739 2311 1337 2409 Die Rede des Ministers.
548 2368 1632 2466 Dann ergriff der französische Unterrichtsminister Jean
440 2417 1633 2496 Zay das Wort und gedachte vor allem des französisch¬
431 2476 1630 2552 österreichischen Kulturabkommens. Dann feierte er als Franzose
441 2512 1629 2600 den guten Geschmack und die Leichtigkeit, die man als gemeinsame
441 2561 1626 2649 Züge Paris und Wien zuzuerkennen liebt. „Das Theater und
432 2610 1624 2697 die Organisation des Theaters in unserem Lande", führte
431 2655 1626 2745 Minister Zay aus, „gehört zu den ersten Gegenständen, denen
434 2712 1627 2798 unsere Regierung ihre Sorgfalt zuwenden zu sollen geglaubt
425 2759 1623 2835 hat, insbesondere jene vier Bühnen, die vom französischen Staat
431 2798 1620 2880 subventioniert sind und deren Ruf sich auf verehrungswürdige
425 2846 1618 2928 Traditionen gründet. Wir tragen in uns, wenn wir zur Welt
419 2904 1614 2987 kommen, einige vertraute Verse von Corneille, von Viktor Hugo,
426 2947 1614 3025 von Racine und Musset. Ich bin damit beschäftigt, unsere
425 2996 1620 3077 offiziellen Theater zu verjüngen und sie den neuen Bedingungen
422 3031 1615 3123 der dramatischen und musikalischen Kunst anzupassen. Der
426 3084 1612 3177 Minister versprach dann, nach seiner Rückkehr nach Paris die
432 3128 1614 3209 Frage der Steuern einer Prüfung zu unterziehen und eine
422 3180 1611 3259 Reform des Urheberrechtes durchzuführen. Nach einem noch¬
422 3235 1615 3318 maligen lobenden Hinweis auf das französisch=österreichische
414 3281 1612 3364 Kulturabkommen pries Unterrichtsminister Zay Oesterreich als
416 3324 1611 3411 das Vaterland Grillparzers, Schnitzlers und Hofmannsthals,
416 3375 1605 3449 als ein wunderbares Land, in dem Beethoven geträumt und
420 3415 1605 3504 Schubert das Licht der Welt erblickt hat. Der Kongreß und die
413 3466 1608 3542 Feste sind ihm der Beweis und Garantie dafür, daß alle Völker
416 3513 1605 3595 der Welt dahin gelangen können, die gleiche Sprache zu sprechen.
533 3573 1602 3664 In der Nachmittagssitzung kündigte Vizepräsident Henri
414 3628 1594 3724 Clerc als Sitz des nächsten Theaterkongresses im Jahre 1937
408 3671 599 3737 Paris an.
524 3726 1609 3831 Der Bundesminister für Unterricht gab gestern zu Ehren
398 3804 1593 3890 des französischen Unterrichtsministers Jean Zay in den Räumen
398 3853 1377 3941 des Bundesministeriums für Unterricht ein Frühstück.
2152 684 2907 839 OBSERVER
2082 782 3032 879 I. österr. behördl. konzessioniertes Unternehmen für
2362 854 2742 916 Zeitungs-Ausschnitte
2234 897 2897 983 WIEN, I., WOLLEILE 11
2085 1074 2371 1147 Ausschnitt aus:
2725 1140 2903 1256 Wien
2458 1244 2865 1359 9. SEP. 1936
2087 1289 2186 1374 vom
2171 1427 2812 1530 Epilog zum Theater¬
2344 1512 2619 1608 kongreß
2138 1584 2886 1652 Der neunte Internationale Theater¬
2073 1635 2888 1712 kongreß, der bis gestern in Wien tagte, ist
2074 1690 2883 1751 zu Ende. Die Bilanz, die heute zu ziehen
2068 1740 2882 1807 wäre, kann nur eine vorläufige sein. Die
2079 1792 2882 1851 wahren Auswirkungen und Früchte einer
2080 1831 2879 1915 solchen Veranstaltung muß erst die Zukunft
2079 1882 2879 1949 bringen, sie müssen langsam reifen, man
2073 1937 2673 2000 möchte fast sagen: kaum merklich.
2128 1968 2876 2037 Denn was ist denn der Sinn dieser Kon¬
2070 2025 2879 2083 gresse? Nicht zuletzt ihre Mehrzahl. Die stän¬
2070 2071 2874 2143 dige Fühlungnahme der führenden Theater¬
2077 2128 2864 2192 persönlichkeiten aller Länder, der ständige
2068 2163 2870 2235 Austausch der Gedanken, Pläne und Erfah¬
2067 2207 2873 2289 rungen, die immer wieder erneuerte beson¬
2067 2260 2867 2339 dere Festlichkeit, die das Theaterereignis
2068 2323 2867 2381 umgibt und das Theater zum Ereignis macht.
2068 2362 2865 2424 Jeweils in anderen Städten, aber gerade so
2059 2411 2867 2494 durch den Kranz der Theaterfestlichkeiten die
2062 2450 2815 2530 Weltstädte umschlingend und vereinigend.
2126 2500 2867 2572 Was in den Vorträgen der Delegierten
2058 2563 2864 2625 zum Ausdruck kam — es ist nur ein Teil,
2064 2612 2858 2681 gewissermaßen der sicht lar programmatische,
2058 2657 2864 2731 des Kongresses. Ein wichtiger Teil, gewiß,
2056 2700 2861 2768 denn es ist immer wichtig, wenn in klarer
2055 2751 2861 2821 Formulierung die Erkenntnis auch gesagt
2058 2807 2864 2870 wird, daß die Keime und Triebkräfte des
2032 2849 2855 2928 Theaters, trotz aller notwendigen natio¬
2059 2911 2859 2980 nalen Varianten, doch eine gemeinsame
2062 2952 2859 3029 Angelegenheit der Menschen sind, Kräfte die
2055 3008 2855 3074 an den gleichen Ursachen erkranken und ge¬
2056 3054 2853 3129 nesen, die man aber deswegen auch besonders
2053 3104 2855 3163 pflegen soll, weil sie, im überzeugend
2050 3153 2858 3223 Gefühlmäßigen wurzelnd, ein inniges Band
2050 3198 2856 3272 der Völkereinigung sind — oder doch sein
2052 3244 2855 3324 könnten. Gerade in der gestrigen Rede des
2053 3288 2852 3369 französischen Unterrichtsministers Jean Zay
2047 3339 2853 3415 wurde dies deutlich — denn kein Oesterrei¬
2046 3385 2852 3458 cher hätte sein eigenes Wesen schöner und
2043 3442 2846 3515 treffender formulieren können als dieser
2046 3481 2844 3569 Franzose, wenn er, von Grillparzer, Schnitz¬
2037 3528 2843 3607 ler und Hofmannsthal ausgehend, erklärte:
2046 3573 2844 3665 „Wir befinden uns hier in dem einzig¬
2034 3637 2840 3694 artigen Klima, in dem einige der wunder¬
2040 3679 2841 3755 barsten Lieder der menschlichen Seele ent¬
2040 3722 2838 3792 standen sind, und das, was wir gerade be¬
2026 3788 2821 3856 wundern, ist, daß diese Lieder, oft schmerz¬
2028 3816 2830 3901 list, sich von einer, ich weiß nicht, welcher,
2031 3868 2819 3944 Leichtigkeit zu begleiten wissen, die nicht Sorg¬
2032 3916 2830 3992 losigkeit ist, sondern eine bewunderswerte
2029 3971 2827 4045 und leichte Art, den Schmerz zu über¬
2019 4007 2245 4071 winden...
2080 4071 2821 4145 Aber der zweite, nicht minder wichtige
2022 4112 2816 4179 Teil des Kongresses ist weniger programma¬
