3392 4352
1039 444 1281 511 Nr. 15.317
1801 442 1992 523 Samstag
1066 556 2102 734 HEATER UN KUNS
997 827 2183 946 Richard Beer=Hofmann jubiliert.
1436 938 2186 1009 Heute feiert der Dichter Richard Beer¬
1329 965 1989 1038 Hofmann seinen 70. Geburtstag.
1099 1032 2189 1083 Ein wahrhaft bedeutender Dichter, der als Letzter der Dreizahl
994 1084 2192 1143 großer Dichterbegabungen, die uns die Jung=Wiener Schule
991 1131 2185 1183 geschenkt hat, in die Gegenwart hineinragt, Richard Beer¬
994 1174 2188 1227 Hofmann, vollendet heute das siebente Jahrzehnt seines Lebens.
994 1223 2188 1280 Artur Schnitzler und Hugo v. Hofmannsthal weilen nicht mehr
976 1277 2183 1332 unter den Lebenden. Beer=Hofmanns Schaffenskraft aber ist un¬
991 1314 1570 1370 gebrochen, er ist unter den litera¬
985 1359 1567 1411 risch Schaffenden der heutigen
992 1409 1567 1471 Zeit eine echte Dichtererscheinung,
994 1457 1571 1513 hat sich nie der Konjunktur
991 1505 1573 1561 unterworfen, sondern immer nur
991 1555 1570 1603 geschrieben, wenn er die innere
989 1591 1570 1663 Berufung fühlte. Unberührt von
988 1645 1570 1707 allen praktischen Erwägungen,
991 1696 1570 1755 gab es für ihn auch keinen
988 1741 1567 1808 Termin, zu dem er irgendein
988 1782 1570 1841 Drama fertigstellen sollte. So ist
986 1835 1567 1899 zum Beispiel seine große Trilogie
991 1878 1570 1937 „David, die er vor nunmehr
985 1928 1382 1986 achtzehn Jahren mit
1426 1929 1570 1995 Jaakobs
992 1976 1571 2041 Traum“ begann, bis heute un¬
994 2024 1564 2083 vollendet geblieben. Er ist keiner
994 2069 1567 2129 der Dramatiker, die dem
994 2119 1573 2182 Bühnenruhm und der Tantieme
1620 2144 2071 2212 Richard Beer=Hofmann
992 2174 1579 2226 nachlaufen. Er wartet still in
1000 2211 2183 2286 seinem Poetenstübchen, bis man ihn und sein Werk auf die
992 2260 1223 2322 Bühne holt.
1095 2311 2177 2374 In Wien geboren, wo er auch das juridische Doktorat errungen
985 2361 2174 2412 hat, ist Richard Beer=Hofmann als Theaterdichter zuerst mit dem
989 2406 2174 2471 Drama „Der Graf von Charolais hervorgetreten, das
994 2451 2174 2514 seinerzeit Max Reinhardt im Deutschen Theater in Berlin aus der
991 2504 2179 2567 Taufe hob. Es war wohl ein eigenartiger Zufall, daß gleichzeitig
992 2556 2176 2612 mit ihm in dem erwähnten Schauspiel die große Kunst Alexander
985 2595 2179 2653 Moissis entdeckt wurde. In Wien ist dieses Schauspiel zunächst
994 2647 2180 2695 gelegentlich eines Gastspiels des Reinhardt=Ensembles zur Auf¬
991 2693 2174 2752 führung gelangt, um dann viel später in den Spielplan des Burg¬
985 2750 2177 2798 theaters übernommen zu werden. Als zweite Blüte seines edlen
994 2783 2176 2847 Schaffens ist dann an der ersten Bühne Wiens und Deutschlands
980 2827 2176 2899 das erwähnte Drama „Jaakobs Traum“ zur Aufführung
989 2889 2177 2943 gelangt. Das zweite Stück der großen Trilogie um David, die seine
982 2935 2176 2995 Lebensaufgabe darstellt, „Der junge David, ist wohl vollendet,
982 2982 2177 3038 aber bisher nicht zur Aufführung gelangt. Neben seinem dramatischen
994 3024 2179 3092 Schaffen lernte man Beer=Hofmann auch in der Novelle „Der
982 3062 2176 3129 Tod Georgs" als feinsinnigen Epiker kennen, und zuletzt trat er
988 3120 2167 3189 mit einer köstlichen Blüte der Poesie, dem „Schlaflied für Myriam,
982 3164 1379 3223 vor die Oeffentlichkeit.
1087 3207 2173 3268 Große Verdienste um das Theater erwarb sich Richard
983 3256 2174 3329 Beer=Hofmann auch als Regisseur, in welcher Eigenschaft er
991 3304 2174 3371 sich durch einen inbrünstigen Dienst am Dichter hervortut. Man
982 3356 2170 3418 hat ihn in den letzten Jahren zunächst im Theater in der
994 3407 2174 3463 Josefstadt als Regisseur des tiefsinnigen Schauspiels „Ueberfahrt“
985 3453 2177 3519 von Sutton Vane und dann durch eine klassischen Geist mit
983 3502 2171 3576 moderner Auffassung vereinigende Inszenierung von Goethes
982 3552 2173 3606 „Iphigenie" am Werke gesehen, die mit Helene Thimig in der
983 3604 2171 3668 Titelrolle unvergeßlich ist. Dem Burgtheater hat er vor wenigen
983 3644 2171 3714 Jahren seine Bühnenbearbeitung des „Faust" geschenkt, die beide
985 3704 2164 3759 Teile des Kolossalwerkes Goethes in einem Abend zusammen¬
988 3749 2170 3811 zieht. Auch diese von hoher Begeisterung für dieses Werk er¬
985 3798 1995 3862 füllte Bühneneinrichtung hat er selbst in Szene gesetzt.
1099 3839 2173 3901 Still und zurückgezogen lebt Richard Beer=Hofmann in
983 3881 2167 3955 Wien, und es können sich nur wenige rühmen, von diesem welt¬
985 3938 2167 4001 abgewandten Poeten näheren Umganges gewürdigt zu werden.
988 3988 2167 4051 Jeder aber, der wahrer Dichtkunst Verständnis entgegenbringt,
985 4047 2161 4092 muß seine Bedeutung für die moderne Wiener Literatur voll
977 4087 1161 4152 erkennen.
2012 4089 2125 4152 F. F.
