3392 4352
258 178 1118 291 nous
1301 187 1764 285 b 44/10
722 777 1332 891 Dr. Max Goldschmidt
716 849 1332 957 Büro für Zeitungsausschnitte
537 916 794 986 BERLINNA
1086 942 1493 1022 Telefon: Norden 3051
856 1030 1174 1106 Ausschnitt aus:
673 1098 1344 1188 Brandenburger Zeitung
896 1280 1108 1381 40.
780 1390 1632 1470 „Verwirrung der Gefühle
702 1445 1781 1521 Wien ist nicht allein die Heimat der Psychoanalyse, der
629 1479 1774 1560 Sitz ihres Schöpfers Professor Sigmund Frend. Auch die
623 1522 1768 1590 dichterische Darstellung der Wiener Autoren wählt mit Vor¬
626 1561 1771 1639 liebe die geheimnisvollen Tiefen und Entartungen des
626 1598 1771 1672 Seelenlebens und sucht sie mit psychoanalytischen Methoden
627 1642 1773 1715 zu entschleiern. Wir wissen, mit welcher Liebe und Sorgfalt
617 1679 1773 1757 der Arzt Artur Schnitzler den dunklen Untergründen
623 1712 1764 1788 der menschlichen Gefühlswert, den Triebfedern unseres
626 1752 1771 1832 Denkens und Handelns und den Reaktionen unseres Nerven¬
620 1796 1764 1872 systems nachgeht. Unter den jüngeren Dichtern, die diese
617 1833 1767 1903 Kunst noch vertieft und verfeinert haben, steht Stefan
622 1873 1760 1952 Zweig mit an erster Stelle. Mit reifster Weltbetrachtung
614 1918 1754 1990 und Menschenkenntnis durchschaut und zergliedert er die
617 1947 1754 2027 psychologischen Voraussetzungen alles menschlichen und ge¬
620 1988 1761 2070 sellschaftlichen Geschehens und vermag auch die „Verwirrung
622 2026 1755 2098 der Gefühle, die der oberflächliche Bürger schnellfertig als
619 2062 1752 2134 Abnormität oder Perversität abzutun pflegt, in ihrer Natur¬
607 2092 1752 2183 bedingtheit und ihrem tragischen Zwange so einleuchtend
609 2135 1754 2239 und zartfühlend zu erklären, daß man gneigt sein möchte,
1912 340 3057 440 ihn geradezu als Meister der psychoanalytischen Novelle zu
1915 391 2114 452 bezeichnen.
1990 437 3050 524 Seinen früher erschienenen Novellenbänden „Erstes
1912 466 3049 557 Erlebnis“ und „Amok“ läßt der Dichter jetzt im Insel¬
1912 515 3046 601 Verlag in Leipzig einen neuen Novellenband folgen, der
1901 561 3043 643 ebenso wie die größte und bedeutsamste der drei darin ent¬
1895 593 3050 679 haltenen Novellen den bezeichnenden Titel „Verwirrung der
1903 636 3043 719 Gefühle trägt. In der Novelle „Vierundzwanzig Stunden
1896 681 3046 761 aus dem Leben einer Frau“ ist ganz unpathetisch und un¬
1895 709 3037 788 sentimental, aber mit wärmster Anteilnahme, über¬
1898 757 3039 833 zeugendster Echtheit und packendster Steigerung das buch¬
1899 790 3039 879 stäblich ganze vierundzwanzig Stunden währende Erlebnis
1889 829 3033 906 einer Frau geschildert, das einem sonst inhaltlosen, nüchter¬
1893 870 3034 950 nen und unbefriedigten Alltagsleben die stärksten, nach¬
1889 904 3036 991 haltigsten Erschütterungen verleiht. Eine verhältnismäßig
1896 942 3031 1032 früh verwitwete Frau sucht einen jungen Menschen, der der
1885 987 3031 1070 Spielleidenschaft verfallen ist und in Monte Carlo den
1883 1013 3031 1105 letzten Pfennig einer unrechtmäßig erworbenen Barschaft
1883 1056 3024 1148 eingebüßt hat, durch den Einsatz ihrer ganzen Persönlichkeit
1879 1091 3018 1183 vom Selbstmord zurückzuhalten, und muß schließlich er¬
1886 1132 3029 1211 fahren, daß ihr Opfer vergebens geblieben ist. Jede Einzel¬
1879 1174 3026 1253 heit dieses fesselnden Verlaufs ist mit überraschender Treff¬
1876 1211 3020 1291 sicherheit, Lebendigkeit und psychologischer Konsequenz ge¬
1880 1250 3013 1331 staltet. In der Novelle „Untergang eines Herzens“ ist der
1879 1289 3013 1374 seelische, geistige und schließlich auch körperliche Verfall eines
1876 1327 3013 1410 Mannes geschildert, der sich aus einfachen Verhältnissen zu
1870 1373 3013 1456 großer Wohlhabenheit und gesellschaftlicher Geltung empor¬
1869 1411 3010 1485 gearbeitet hat und die allmähliche völlige Entfremdung von
1873 1443 3011 1532 seiner an Luxus und Genießerdasein verwöhnten Frau und
1867 1479 3010 1561 Tochter erleben muß — also ein auch sozial überaus er¬
1865 1518 3010 1609 giebiges Thema. Die Begleitumstände wirken hier teil¬
1862 1561 3003 1646 weise konstruiert, aber die unerbittliche Tragik des Mannes
1862 1596 3003 1688 ist auch in dieser Novelle ungemein eindrucksvoll dargestellt.
1939 1639 3000 1725 Den Hauptteil des Buches nimmt die auch in ihrer
1862 1676 2998 1771 Problematik eigenartigste Novelle „Verwirrung der Ge¬
1859 1718 2995 1811 fühle ein. In ihrem Mittelpunkt steht die starke geistige
1862 1758 2997 1850 Freundschaft zwischen einem Universitätsprofessor und einem
1853 1791 2990 1882 jungen Studenten, deren Leidenschaft sich zuletzt aus einer
1847 1833 2991 1926 unüberwindlichen homose nellen Neigung des verehrten
1850 1873 2990 1958 Lehrers erklärt. Man wird nicht leicht in der Literatur eine
1850 1912 2988 2004 von so tiefen, gütevollem Verstehen getragene und dabei
1853 1947 2987 2039 so kensche Veranschaulichung des zerstörenden Verhängnisses
1843 1990 2987 2082 und des übermächtigen Rausches dieser wahrhaften „Ver¬
1837 2033 2984 2118 wirrung der Gefühle finden, wie sie Stefan Zweig hier
1843 2066 2984 2149 gibt. Die Klarheit und dramatische Wucht von Sprache und
1840 2108 2980 2204 künstlerischem Aufbau tragen dazu bei, die Lektüre dieses
1837 2137 2978 2240 Buches zu einem lange nachhaltenden Erlebnis zu machen.
2190 2436 2542 2528 Telephon 12801
1811 2529 2898 2616 Alex. Weigls Unternehmen für Zeitungs-Ausschnitte
2017 2598 2735 2721 „OBSERVER
1814 2713 2895 2811 I. österr. behördl. konz. Bureau für Zeitungsberichte u. Personalnachrichten
1996 2772 2737 2865 Wien, I., Concordiaplatz 4.
2226 2856 2482 2928 Vertretungen
1811 2901 2890 2972 In Berlin, Budapest, Chicago, Genf, London, New-York,
1804 2945 2892 3023 Paris, Rom, Mailand, Stockholm, Christiania, St. Petersburg.
2079 2990 2626 3069 (Quellenangabe ohne Gewähr.)
1801 3090 2931 3299 Aussent aus Kikerik, Wien
1803 3190 1974 3252 vom
1935 3345 2698 3447 Aufreizung zum Menschenhaffe.
1931 3424 2813 3503 Am 16. d. M. wurde im k. k. Hof=Burgtheater zu
1821 3459 2826 3551 Ehren des Preßkongresses ein Stück von Schnitzler
1820 3498 2814 3593 gegeben, dem der „Misanthrop von Molière folgte. Der
1823 3535 2824 3629 Darsteller des Misanthropen wurde während des ganzen
1820 3588 2581 3673 ersten Stückes im Zuschauerraume bemerkt.
