3344 4352
243 152 1107 293 s
1289 175 1784 289 b 44/10
232 1449 1255 1541 gearbeitet hat.
1358 1461 2499 1548 werde. Der von
232 1541 3283 1655 Deutschland bereits im Sattel sitzen. Damit ist auch macht, die Julia spielen zu lassen, in bösesten Wiener Rothschild, der seiner Tochter als Draufgabe
236 1632 3294 1708 das Schwerste überwunden; man darf ruhig das Wort Sinne reinhardtisch. Welch ein perverses Reizmittel bei einem Anleihevertrag eine Herzogskrone verschaffen
236 1685 2267 1738 Bismarck's auf sie anwenden: reiten werden sie schon für die Damen und Herren aus WIV — Lulu als
2286 1693 3294 1746 will, ist freie Erfindung des Autors. Um die Sen¬
236 1735 510 1799 allein können.
1270 1719 2256 1784 Julia. Und dazu Moissi, dessen Romeo noch imme
2294 1735 3290 1799 sation wird das Publikum geblufft, und der Auto¬
358 1738 3286 1845 Eine stille Saison; ein wenig Lärm haben die über die Talentprobe nicht hinausgekommen ist und darf es sich auf die Habenseite schreiben, daß man in den
240 1795 1236 1879 Gedenkfeiern für den großen Fritz gemacht. Der So
1267 1830 3283 1902 der gerade in dieser Rolle am bedenklichsten mit beiden Lagern nicht darüber einig werden kann, ob er die
240 1879 1244 1936 datenkönig und Philosoph von Sanssouci war natür¬
1274 1875 3286 1948 Tenoristentugenden prunkt, und die Uebrigen, der Rothschilds ärgern oder glorifiziren wollte. Wenn der
236 1932 1248 1982 lich weit literarischer als die Sänger, die er jetzt ge¬
1274 1929 3271 1997 Eine besser, der Andere schlechter, aber alle stillos Name Bleichröder erwähnt wird, als der eines talentirte
1270 1974 2263 2058 und wüst, auf Clownsprunge und Geschrei dressirt
240 1978 1244 2031 funden hat. Lauff, der Hausdichter Kaiser Wilhelms
2282 1982 3271 2065 Anfängers, den das Frankfurter Haus als „junge
236 2024 1248 2077 hat seine Sache recht anständig gemacht. Sein Fest¬
1278 2024 3271 2088 In den Kammerspielen wird Peter Nansen's alte Mann" nach Berlin geschickt hat, weil kein echte
1274 2069 2259 2134 Novelle „Eine glückliche Ehe" jetzt als Lustspiel ge¬
240 2069 1248 2130 spiel „Der große König, an dem Kaiser Wilhelm al¬
2282 2077 3275 2142 Rothschild in das Nest wollte, in dem ja doch nicht
243 2122 1248 2172 Regisseur mitgewirkt hat und für das er sich als Zu¬
1267 2122 3279 2195 geben. Diese sonnige und behagliche Satire kam zu holen ist, freuen sich die Berliner riesig darüber,
247 2168 3279 2240 schauer geradezu opfert, ist reinlich, ohne allzu dicke als eine der ersten Proben des Jung=Dänenthums daß sie den Rothschilds so über den Kopf gewachsen
236 2225 3279 2290 Geschmacklosigkeiten gearbeitet und gibt in verschwen- nach Deutschland und hat sehr gefallen. Sie gehörte sind. Und sie kommen sich kolossal revolutionär vor,
236 2271 1248 2339 derischer Ausstattung hübsche Bilder aus der Frideri¬
1270 2271 3283 2332 bald zu den Büchern, die Alle gelesen haben wenn der Autor ihnen seine Witze über die pumpen¬
236 2316 2252 2377 cianischen Zeit, über denen die stramme Anmuth müssen. Auf der Bühne wirkt die Geschichte von den
2278 2324 3283 2385 den Herzoge und Könige vorsetzt. So ist denn die
240 2358 1248 2423 Menzels schwebt. Der Kaiser hat nicht unrecht, wenn
1267 2370 2259 2423 Gatten, dessen Eheglück erst durch den Hausfreund
2286 2370 3283 2442 Rothschild=Komödie ein Kassenstück geworden. „Kunst¬
240 2419 1244 2476 ihm seine Schauspieler in der Fridericianischen Uni¬
1274 2415 2263 2476 begründet und garantirt wird, etwas dünn. Der Rei¬
2294 2423 2902 2491 stück", sagt man auf berlinerisch.
251 2461 2263 2522 form weit besser gefallen als in ihren Salonröcken, der Frechheit ist weg und wir haben im Cynismus
2389 2434 3271 2533 Auch Strindberg=Feiern befahl der Kalender
255 2518 1240 2568 Adel, Offiziere, Beamte und die höhere Schuljugen
1278 2514 3271 2583 solche Fortschritte gemacht, daß uns die spöttische Die interessanteste spielte dieser Tage auch in der
236 2560 1248 2632 wird begeistert in dieses Urtheil einstimmen, dem sich
1274 2568 2252 2625 Glorifikation der Regeldetri gar nicht mehr imponir
2282 2568 3275 2628 Königgrätzerstraße, wohin man sich Irene Triesch von
240 2625 3279 2678 auch der strengste Kritiker rückhaltlos anschließen Immerhin läßt sich die Sache bei ganz hübscher Dar¬ der Brahm=Bühne ausgeborgt hat, um die historisch¬
236 2666 3275 2723 darf. Das Deutsche Theater muß es natürlich büßen, stellung in den Klubsesseln der Kammerspiele als bür Komödie des großen Schweden „Königin Christine
240 2708 1967 2769 daß Reinhardt das deutsche Theater zwischen München gerliche Komödie angenehm genießen.
2278 2723 3286 2777 aufführen zu können. Wundervoll mischt sich in
236 2765 1248 2822 und London reformiren will. Der große Inszenierungs¬
1377 2762 3283 2819 In der Königgrätzerstraße lebt man aus dem diesem Werke Liebe zur und Respekt vor der Ge¬
243 2773 3283 2883 künstler ist über die Interessen der Schumannstraße Vollen. Dort bezahlt nämlich das Haus Rothschild schichte seines Vaterlandes mit Haß und Verachtung
243 2860 3286 2925 hinausgewachsen und ein ausverkaufter Cirkus ist die Kosten. Karl Roßler's Lustspiel „Die fünf Frank der Frauen. Eine Weibchennatur auf dem Throne
240 2902 1251 2959 ihm lieber als zehn Abende leerer Kammerspiele bei
1278 2906 3271 2971 furter" kokettirt ganz geschickt mit der Geschichte dieses wird geschildert, die lächelnd, schmeichelnd in kin¬
240 2959 3279 3024 höchster künstlerischer Vollendung. Die „Turandot.“ Welthauses und gibt sich aus der leeren Hand den dischem Trotz und in hysterischer Laune das Chaos
240 3009 3279 3066 Aufführung, die jetzt im Deutschen Theater jubi¬ Anschein einer großen Indiskretion. Pikanie Ge= ber Schweden heraufbeschwört. Erst als ihr der
1270 3051 2259 3111 schichten aus der Streberzeit der fünf Söhne Amsche
247 3054 1251 3111 lirt, ist bereits derart verschlampt, daß es eine
2286 3054 3271 3119 Purpur herabgerissen wird, als die Krone beschmutz
251 3092 1244 3161 Schande ist. Und in der Neuinszenierung von „Rome
1267 3100 3279 3172 Meyer's in London, Paris, Neapel und Wien liegen am Boden liegt und nichts mehr übrig bleibt als
240 3153 3271 3210 und Julia" ist der Versuch, Fräulein Johanna Ter in der Frankfurterlust, aber das Einzige, was uns das Weib, erhebt sich aus diesem schönen Sünden¬
240 3210 3279 3283 win, die sich als Wedekind'sche „Lulu" bemerkbar wirklich erzählt wird, die kecke Wucherererpressung des wust die Königin. Die Königin triumphirt über das
