3392 4352
213 215 349 301 13.
407 214 570 308 Mis
652 215 1066 307 nous
1254 214 1690 301 box 449
1128 884 1954 965 CASINOS IN OSTERREICH
1223 946 1853 1007 Baden / Salzburg / Semmering
1116 994 1574 1053 Roulette — Baccara
1644 997 1956 1054 Chemin de fer
1122 1064 1953 1115 Osterreichische Casino A. G.
1123 1106 1955 1164 Wien III, Schwarzenbergplatz 5a
1116 1210 1610 1301 „OBSERVER
1381 1290 1952 1339 österr. behördlich konzessioniertes
1358 1340 1955 1379 Unternehmen für Zeitungs-Ausschnitte
1358 1378 1952 1415 Wien 1, Wollzeile 11, Telephon R-23-0-43
1115 1524 1459 1603 Ausschnitt aus:
1496 1536 1909 1638 Tagblatt, Prag
1465 1651 1877 1773 8. JULI 1936
1116 1744 1232 1807 vom
1079 1937 1974 1991 Richard Beer=Hofmann wird am 11. siebzig Jahre
1049 1987 1966 2026 alt. Dem Wiener Dichterkreis angehörig, dem man
1045 2012 1967 2066 bei aller Verschiedenheit des dichterischen Werks Hugo
1046 2053 1973 2096 v. Hofmannsthal, Schnitzler, Wassermann, vielleicht
1044 2095 1967 2131 auch Altenburg und Bahnzurechnen mag, vollendet
1051 2132 1965 2174 sich sein Schaffen in einer kleinen Zahl von Werken,
1044 2168 1965 2208 die aber alle hohen Rang und bedeutsame Reise auf¬
1044 2206 1952 2242 weisen. Schon seine Novelle „Der Tod Georgs
1052 2242 1961 2285 (1900) erregte durch ihre schwermütig mystische
1044 2284 1965 2322 Stimmung Aufsehen in Kennerkreisen; fünf Jahre
1050 2320 1965 2365 später brachte Reinhardt Beer=Hofmanns Drama
1050 2361 1965 2402 „Der Graf von Charolais“ in Berlin auf die Bühne,
1044 2390 1967 2433 die Bearbeitung eines altenglischen Stoffes, die gro¬
1040 2430 1970 2481 ßen Erfolg hatte. Auch in Prag wurde das Stück oft
1046 2474 1970 2520 gespielt. Die Episodenpartie des „Roten Itzig wurde
1052 2509 1970 2552 zur beliebten Gasterrolle. Das weitere Schaffen
1046 2542 1970 2584 Beer=Hofmanns konzentrierte sich von da ab fast aus¬
1050 2584 1967 2631 schließlich auf den biblischen Stoff vom König David.
1046 2621 1970 2661 Vierzehn Jahre dauerte es, ehe der Dichter den ersten
1035 2660 1965 2716 Teil, eigentlich ein Vorspiel der geplanten Davids¬
1050 2695 1970 2739 Trilogie, veröffentlichte. „Jaakobs Traum heißt
1046 2737 1970 2780 dieses viel gespielte Werk, das durch Reichtum der
1050 2771 1970 2814 Vision und edle Versform gekennzeichnet ist und im
1044 2805 1965 2855 Konflikt zwischen Edom (Esau) und Jaakob drama¬
1046 2848 1973 2889 tische Wucht erreicht. Daß das Leiden im Dienste
1046 2888 1970 2935 eines göttlichen Auftrags Sinn hat, ist der das Werk
1046 2924 1970 2977 überglänzende Grundgedanke. — In die lange Pause
1050 2964 1967 3011 zwischen den beiden Dramen fällt die „Gedenkrede
1044 3000 1965 3041 auf Wolfgang Amade Mozart“ mit dem Leitmotiv:
1038 3035 1970 3076 „Von Jupiters weißer leidloser Stirne wenden wir
1046 3074 1973 3120 unsere Augen und suchen den tiefen mitleidsvollen
1044 3113 1967 3154 Blick, der unter des Prometheus weh voll geballten
1046 3150 1961 3203 Brauen wohnt. Ferner schrieb Beer=Hofmann das
1044 3186 1967 3232 vielzitierte „Schlaflied für Mirjam mit dem skep¬
1046 3228 1961 3268 tischen Grundton: „Keiner kann keinem Gefährte hier
1052 3261 1967 3315 sein, der zuletzt von dem Hinweis auf die Volks¬
1050 3303 1965 3348 gemeinschaft überwunden wird. Die Davidstrilogie
1044 3342 1967 3388 hat der Dichter seither in stiller Arbeit weiter¬
1052 3378 1965 3422 gefördert. „Der junge David, der erste Teil, ist nebst
1052 3412 1965 3463 Fragmenten der weiteren Dramen, die dem Zyklus
1044 3455 1961 3503 angehören, publiziert worden; kürzlich kam ein kur¬
1044 3490 1674 3563 zes sinndeutendes „Vorspiel hinzu.
