3344 4352
1437 144 2337 192 auch dort, wo er uralte Melancholie aus hei¬
1435 181 2308 240 ligen Tiefen seines Blutes holt und die Fahne
1441 236 2304 297 der Schwermut über seine Helden und ihre
1446 266 1784 338 Schicksale pflanzt.
1485 297 2304 382 Was er tut, was er schreibt, geschieht immer
1437 365 2302 437 unter dem Himmel einer edlen Idee, ist stets
1439 430 2308 483 nach ehrfürchtigen Zielen aus, niemals von
1448 465 2304 522 Konjunktur, Geschmack oder Willen des
1443 511 2302 574 Tages getrieben. Er wendet sich nicht plötz¬
1439 572 2308 629 lich, von einer Diktatur der geistigen Mode
1437 620 2308 668 bestimmt, er bleibt seinen inneren Gesetzen
1437 666 2304 716 treu. So bewahrt er im Chaos dieser Welt die
1441 714 2310 775 schöne, aufrechte Haltung eines biblischen
1448 758 2140 817 König der Sprache und des Herzens.
1481 804 2308 856 Richard Beer-Hofmann kehrt manchmals
1441 854 2308 906 stiller Gast in die Ereignisse dieser kleinen
1443 900 2304 961 Welt ein. So in die des Theaters. Er kommt
1437 950 2304 1007 als Regisseur, er hat den „Faust, für das
552 978 1415 1044 ersten Male erschien, die Geltung wunder
1441 994 2299 1057 Burgtheater eingerichtet und die Dichtung
548 1046 2304 1098 schönen Treibhausgewächses, erst späterhin selber inszeniert, es war ein Meisterwerk der
555 1090 2302 1149 erreichte sie Anerkennung des europäischen Ehrfurcht und Dramaturgie. Er hat in der
559 1133 2306 1199 Geistes, der sich dem Werk Beer-Hofmanns Josefstadt eine denkwürdige „Iphigenie", seine
559 1177 2295 1243 stellte. Aus dem Luxusmilieu, dem auch Hugo Kenntnis des Theaters, gegeben und die Schau¬
555 1238 2302 1297 von Hofmannsthal zugetan, wurchs die seltsam spieler sind begeistert von dieser Arbeit mit
561 1282 2306 1339 und reich geschmückte Prosa seines ersten einem Regisseur, der ein Durchschauer des
559 1326 1415 1389 Buches vom „Tod Georgs, das damals wie
1448 1339 2299 1387 Theaters, begeistert vor seinen Wundern steht,
561 1374 2302 1446 eine exquisite Köstlichkeit aus dem Prunk, zugleich aber seine Listen und Tücken kennt.
555 1424 2295 1483 salon der deutschen Sprache gereicht wurde, Obwohl er nie Schauspieler gewesen, weiß er
561 1474 2302 1533 sehr persönlich, sehr dekorativ in Form und aus dem Raum des Schauspielers, denen er es
559 1513 2297 1588 Inhalt, von einer Wortkultur sondergleichen, sagen will, mehr zu berichten, als die gewieg¬
559 1564 2304 1629 in einer Kunst der Sprache gearbeitet, die testen Routiniers aufbringen, weil es bei ihm
561 1620 2299 1681 manchen die Bedachtsamkeit, die Präzision nicht aus Kenntnis um das Handwerkliche,
559 1666 1411 1716 solcher Arbeit zu sehr merken ließ. Prüfen
1441 1671 2302 1727 sondern aus dem hintergründigeren Wissen
559 1710 1409 1771 der und wägender Geist hielt vor jedem ein
1441 1714 2302 1773 um das Ingenium aller Schauspielerei kommt
552 1771 2299 1830 zelnen Wort lange Wache, bevor er es der und aus einer magischen Verbundenheit mit
555 1804 2182 1874 Niederschrift übergab, es war ein Wühlen und den großen Werken der großen Dichter.
559 1856 1415 1911 Wählen in den Kostbarkeiten der Sprache
1476 1869 2299 1915 Wenn er bei Generalproben oder manchmal
559 1904 2304 1963 das dann diese Novelle ergab, die gleich auch des Abends im Zuschauerraum sitzt, ist
552 1957 1411 2009 einem Sprach-Gobelin von erlesener Köstlich
1441 1957 2293 2016 Beer-Hofmann immer zarter, wohlwollender
548 2005 1411 2064 keit zu einer Zeit erschien, da an den Wänder
1443 2011 2295 2070 Betrachter, einer, der auch dem Alltäglichen
548 2051 1411 2110 der inneren Lesestuben willfarbig flackern
1441 2059 2286 2114 der Produktion nicht etwa ironisch gegenüber
552 2105 1098 2155 naturalistische Bilder hingen.
1433 2110 2295 2162 steht, sondern mit der begütigenden und helfen¬
587 2147 1411 2210 Hinter Beer-Hofmanns Werk stand immer
1441 2151 2295 2212 den Geste, weil er diese Art von Kunsthand¬
559 2199 1409 2251 jene Wiener dichterische Schule eines äste
1441 2206 2293 2254 werk oder Handwerk an sich als Betriebsam¬
552 2251 2297 2308 thischen Lebensstils, der junge Menschen keit betrachtet, die sein muß und darum wohl
548 2297 1411 2350 schon in der Kinderstube, an die der Cottage¬
1437 2299 2302 2350 ist. Wo andere von der, wie sie glauben, hohen
548 2345 2299 2402 garten grenzte, zu Dichtern werden ließ. In Warte ihrer Fähigkeiten kritisierend und
550 2391 1406 2452 der Nähe der Hofmannsthalschen Wiege und
1437 2398 2299 2450 schimpfend den Chorus der Mißgestimmten
559 2435 1402 2492 der Arthur Schnitzlers lief die Kindheit Beer
1435 2441 2295 2498 führen, bleibt Richard Beer-Hofmann immer
548 2492 1402 2544 Hofmanns und derselbe Wiener Boden fein
1433 2492 2295 2544 leise und zärtlich besorgt ein Freund des
546 2538 2299 2605 nerviger, abenteuernder Phantasie geneigter, Metiers, dem täglichen Theater der Kleinig¬
544 2579 2182 2669 zart genießerischer Menschen ließen ein Dichkeiten willig Ohr und Stimme leibend.
548 2631 1415 2688 ten Wurzel schlagen, das sich aus dem
548 2682 1422 2736 Spielerischen des Gefühls und der Worte
552 2732 1417 2789 späterhin immer mehr zum Bekennen steigerte.
587 2780 1422 2848 Schon im „Grafen von Charolais“ stand das
544 2830 1411 2880 dramatische Gefüge Beer-Hofmanns als ein
550 2878 1415 2937 von schönen Worten und noblen Gedanken
546 2926 1411 2981 erhelltes Stück Theater da, das einem alt¬
544 2981 1417 3035 englischen Trauerspiel nachgedichtet, durch¬
544 3029 1415 3081 aus aus eigenen Kräften des Nachdichters
548 3066 1411 3114 wirkte, vom funkelnden Glanz seiner Sprache
546 3112 1411 3169 erfüllt, aber nicht nur vom Rhythmus klingen¬
546 3164 1411 3225 der Verse lebendig gemacht, von der Schick¬
544 3210 1415 3269 salswelt seiner Gestalten leuchtend geworden.
544 3252 1411 3313 Berlin brachte dieses Stück zuerst, von Berlin
546 3302 1409 3367 kam es nach Wien und dann später erst nahm
548 3359 1409 3411 es das Burgtheater von neuem auf, zu einer
544 3400 1409 3463 Zeit, als die Schauspieler, an die Beer-Hofmann
548 3459 1409 3507 gedacht, da er seine Gestalten rief, nicht mehr
544 3505 1393 3557 da waren, sie zu spielen. Nach dem „Charolais
546 3549 1409 3603 hat Beer-Hofmann, in der Technik seiner Ar¬
546 3599 1409 3656 beit belächtig schreitend, von Vers zu Vers
548 3642 1328 3704 gleichsam mit neuem Überlegen, lange
546 3697 1411 3747 schwiegen. Bis dann mit „Jaakobs Traum ein
546 3741 1411 3815 neuer dichterischer Abschnitt begann, mit
546 3789 1409 3846 seiner „Historie vom König David kehrt
544 3837 1406 3889 Beer-Hofmann durch die „schimmernde Straße
546 3889 1406 3939 der Legenden“ heim in die Schatten- und
544 3935 1409 3990 Lichterwelt des Alten Testaments. Von jenem
546 3985 1422 4055 unvergeßlichen Schlaflied an Mirjam, das ein
