3344 4352
317 159 1189 208 tuinek vertoont een Davidsschild, als een
2116 166 3002 210 koning David loop, toont het religieus-mys¬
321 195 1195 244 teeken dat de dichter zijn heele leven het
2112 201 2984 246 ticke der historische opvatting van Beer-Hof¬
314 244 1184 305 Jodendom en zijn bibelsch-historische wereld
2116 237 2984 290 mann, welke volledig afgeron eerst na de
319 272 445 319 beleed.
2110 279 2984 319 voltooling van den geheelen cyclus zullen kun-
359 303 1187 365 De eerste indruk was reeds belangrijk. Men
2119 317 2991 363 nen zien. Het is intusschen uiterlijk een gering
319 354 1187 403 vindt hier in reproductie het portret van Beer¬
2119 354 2993 405 levenswerk van enkele deelen, dat voor het
319 387 1187 438 Hofmann als vijftigjaarige, met de in de verte
2121 390 2993 436 grootste deel bij den ouden Fischerverlag te
310 434 1184 478 staende, peinzende oogen en baard. De zes en¬
2119 429 2991 480 Berlin is verschenen, welke voornamelijk op
2121 465 2993 514 den kring der Weensche schrijvers rondom
319 472 1187 522 zestig-jarige leek, hiermee vergeleken, bijna
2112 503 2984 553 Hofmannsthal steunde. Van het essayistische
317 509 1184 560 jonger; een middelmatig groote figur en
319 553 1184 598 scher gesneden trekken, de keurig geknipte
2119 545 2991 591 talvermogen van Beer-Hofmann getugt den
2116 573 2991 629 een kleine, wonderlijk movie rede over Mozart
319 587 1180 631 sik en het haar waren een wenig grijs geworden.
2116 620 2989 666 uit 1906, welke als een verrukkelijke variatie
317 622 1182 669 Dwingend echter blikten de oogen den bezoeker
1426 640 1877 715 Richard Beer-Hofmann.
2114 653 2989 700 van den Mohammed van Goethe over het
314 664 1034 711 met bijna suggestive kracht tegemoet.
2116 695 3000 742 muzikale genie van Oostenrijk gaat, dat van de
356 695 1178 750 Wij spraken vooral over zijn jeug, die hi¬
1211 697 2074 773 in 1904. Na de eeuwswisseling deelden Hof¬
2119 731 2993 784 zingende en klinkende barok-stad Salzburg uit
310 724 1182 781 in nauwe vriendschap met Hugo von Hofmanns¬
1218 768 2081 810 mannsthal en Beer-Hofmann hetzelfde stre¬
2119 773 2993 819 de groote wereld in trok en haar met zijn kunst
319 777 1182 821 thal had doorgebracht. Beer-Hofmann behoorde
1218 804 2092 848 ven, onbekende treurspelen uit de Engelsche
2119 812 2991 859 betooverde. Van de vereering van den schrijver
319 817 1182 863 tot den litterairen kring van Café Griensteidl,
1218 839 2090 892 litteratur ten tijde van Elizabeth te doen
2121 850 2993 894 voor Goethe getugt de groote bewerking van
321 859 1182 894 waar omstreeks 1890 de jong-Weensche littera¬
1220 883 2989 928 herleven. De kring om Shakespeare is voor Faust in 1932, welke hij voor het Weensche
319 890 1182 939 toren van de fin de siècle, onder leiding van
1218 925 2993 967 alle jonge drama-schrijvers de voornaamste Burgtheater tot stand bracht en waarvan het
319 932 1184 981 Hermann Bahr samenkamen. Als jonge man
1213 965 2088 1014 invicesseer geworden en ook Beer-Hofmann
2119 961 2991 1012 eerste en tweede deel op één avond in zes uur
314 974 1180 1021 van gegoeden huize studeerde hil eerst rechten
1218 1005 2090 1040 vindt hier aansluiting bij den grooten drama¬
2119 1005 2984 1058 gegeven werden; een koen en interessant ex¬
319 1012 1184 1056 en leefde daarnaast geheel voor zijn litteraire en
1215 1043 2282 1107 tischen vorm. Tezelfder tijd als Hofmannsthals periment
317 1052 1182 1091 aesthetische behoeften. Hij verzamelde moote
2154 1049 2989 1125 Verscheidene avonden mocht ik met den dich¬
317 1080 2088 1140 boeken en oude prenten, porselein — en ook Gerettetes Venedig ontstaat in 1904
1211 1114 2991 1160 Beer-Hofmann's meesterlijke drama Der ter en zijn echtgenoote in hun moote Ween-
319 1127 1182 1171 ongewone psychische stemmingen, zoo als dat
1226 1151 2989 1200 Graf von Charolais, ontleen aan de sche woning en het Türkenschanzpark over
317 1167 1180 1209 in den tijd van het vroege symbolisme ge¬
1220 1189 2989 1242 intrige van een tooneelstuk in den barokstijl het ontstaan van zijn werken en den vrien-
319 1202 1184 1246 bruikelijk was. Ongeveer in 1892 had de litteraire
1226 1231 2991 1280 van Massinger en Field, The Fatal denkring spreken. De overvloed der herinnerin¬
321 1242 1182 1288 vriendenkring: Beer-Hofmann, Hofmannsthal,
2121 1273 2984 1324 gen opkomend uit dien ouden tijd was verras¬
319 1264 2090 1322 Salten en Schnitzler zich onverbrekelijk Dowry. Het origineel is een echte gruwel-
2119 1311 2982 1357 send. Zij werden nog aangevuld door de lec¬
1220 1317 2083 1361 tragedie uit de Engelsche zeventiende eeuw
317 1322 1180 1366 aaneengesloten; vier vrienden, die in een echte
2119 1342 2991 1395 tuur van de jeugdbrieven, vooral die van Hof¬
1218 1353 2081 1401 Beer-Hofmann vormt daaruit een geheel zelf¬
319 1359 1187 1412 werkgemeenschap met elkaar leeden, en in de
2119 1379 2993 1432 mannsthal aan den dichter; daarom mogen tot
1211 1397 2090 1446 standig werk, dat met het volste recht aan
317 1390 1182 1441 bekoorlijke omgeving van Weenen samen fiets¬
2116 1421 2991 1474 slot eenige regels uit zoo een brief volgen, om¬
1213 1432 2090 1474 zijn eigen scheppingsarbeid kan worden toe¬
319 1437 1180 1479 tochten maakten. Veel hiervan heeft Schnitzler
1220 1452 2984 1519 geschreven een groote tragedie vol van het dat zij den schoonsten persoonlijken karaktertrek
319 1477 1180 1519 in zijn roman Der Weg ins Freie vast¬
2125 1499 2989 1547 van den auteur Beer-Hofmann bevatten, uitge¬
319 1512 1187 1558 gelegd. De jonge schrijvers lazen elkaar hun
1220 1510 2092 1554 dienste menschelijk inzieht, die zoowel van
1222 1541 2995 1594 taal als tooneel-technisch van voortreffelijke sproken door zijn belangrijksten vriend, en die
319 1547 1187 1598 nieuwste werken voor, en onderwerpen die aan
2119 1572 2991 1627 deze woorden heden zou herhalen, indien niet
321 1589 1182 1640 gemeenschappelijke kritik. Leespremière was
1218 1594 2079 1638 kwaliteit is en onder Reinhardt talrike ver¬
2116 1614 2989 1667 een al te vreed lot hem, in den bloet zijner
321 1625 1187 1676 de uitdrukking, die in dezen kring daarvoor
1226 1629 2088 1676 tooningen beleerde. De schoonste en rijkste
2121 1649 2997 1705 jaren, aan ons ontrukt had. Hofmannsthal
312 1667 1187 1711 werd uitgevonden. Loris Hormannsthal was de
1218 1671 2090 1722 gedeelten van dit belangrijke werk liggen in
2119 1689 2621 1751 schrift in 1897 uit Vasese:
317 1705 1189 1753 jongste onder hen, bijna een wonderkind in
1218 1713 2092 1756 de diepe en aangrijpende monologen, waarin
2152 1707 2993 1778 „.... Mijn beste Richard, Je bent zoo veel
319 1744 1184 1786 zijn prille volmaaktheit, de geistesprinzliche
1218 1749 2083 1798 de jonge Charolais over zijn gestorven vader
2119 1760 2991 1817 rijper en voltooider dan ik en bezit van beide.
317 1784 1184 1835 Knabe, zooals Thomas Mann hem eens ge¬
1218 1784 2090 1837 spreckt; maar verder ook in de figur van
2119 1806 2993 1860 goedheid en insicht in het juste, zoo veel meer,
319 1820 1180 1866 noemd heeft. Belangrijk zijn vooal de gezamen¬
1218 1831 2081 1882 „Roter Itzig, den Joodschen schuldeischer, die
2121 1844 2993 1895 dat ik wel weet dat mijn vriendschap voor jou
321 1862 1182 1910 lijke zomerreisen in het Salkammergut en de
1211 1868 2088 1915 zijn schuldvorderingen will intrekken. Hier
2116 1884 2995 1937 niet die waarde kan hebben, die de jouwe voor
317 1897 1189 1948 samenkomsten in de, door alle Oostenrijkers
1222 1908 2088 1957 wordt meedoogenloos openhartig de gansche
2112 1924 2856 1979 mij heeft, maar een veel, veel geringere.
319 1939 1184 1995 zoo geliefde stad Salzburg, waan kort daarop het
1220 1948 2081 1997 ellende van Shylock nog eens opnieuw getee¬
2147 1946 2984 2008 Ik zal noot in staat zijn en zal ook noot
317 1977 1182 2023 denkbeeld der „Festspiele van Hofmannsthal
1218 1988 2092 2030 kend. Er ontstaat een blijvende figur van
2119 1997 2982 2046 wenschen, uit het weese van mijn wezen de
321 2019 1182 2057 en Reinhardt ontstand. Over zoo een samen¬
1220 2021 2092 2076 Jodennood en Jodenellende op den drempel
2110 2046 2991 2090 draden te trekken, die een geschenk van jou
319 2054 1184 2105 komst schrift Hofmannsthal in een brief-gedicht
1222 2072 2984 2110 van den nieuwen tijd, zonder de minste zijn, alles zu uit elkaar vallen. Ik weet nau-
319 2094 1182 2141 aan Beer-Hofmann, in 1892, nadat hi over een
1226 2110 2989 2161 idealiseerende verteekening, die tegelijk toont, keurig dat er geen mensch bestaat, aan wien ik
319 2132 1184 2200 nieuw ontwerp voor een drama heeft gesproken:
1226 2152 2984 2196 hoe de Joden door het noodot tot gehate en veel schuldig ben als aan jou. Heel onmerk¬
1220 2185 1895 2236 verachte menschen gemaakt werden.
2112 2187 2984 2236 baar is dat gekomen. In de honderden gesprek¬
458 2200 976 2271 Aber alles dieses wird sich
1253 2227 2982 2276 De dichter is hier door een caricaturale ten, die wij in deze vijf jaar met elkaar gehad
460 2240 1038 2291 Finden, wenn in Strobl einmal
1211 2262 2074 2313 figur plotseling in den Joodschen kring terug¬
2119 2271 2984 2318 hebben. En wanneer ik je heden beloof dat je
463 2285 1054 2340 Sonnig heller starker Wind ist.
1213 2296 2081 2358 geleiden wat thans ontstaat behoort geheel tot
2107 2307 2982 2362 kind aan mij een goeden vriend zal hebben, over
458 2324 1060 2371 Auf dem dunkelgruenen Wasser,
1211 2338 2083 2386 de Joodsche wereld, zoo als dat eenige Schlaf¬
2119 2344 2991 2391 vijf jaar of over twintig jaar, wanneer zijn leven
467 2364 1054 2411 Und wir sitzen hinter Segel
1204 2378 2076 2435 lied fuer Miram, waarin noodlot en tra¬
2116 2384 2989 2433 dat noodig maakt, dan echter onvoorwaardelijk,
465 2402 1087 2448 Mit Burgunder, gelben Pflaumen
1211 2415 2083 2464 giek van het Jood zijn ten dienste worden uit¬
2119 2426 2982 2475 voor zoover ik de menschelijke dingen dan be¬
463 2444 1076 2504 Und dem Manuskript des Dramas
1211 2453 2083 2506 gedrukt. De religieuse problemen werden na de
2119 2459 2991 2519 grijpen voor zoover mijn krachten reiken, dan
465 2477 978 2526 Von Ascanio und Gioconda.
1220 2490 2083 2544 overwinning van het symbolisme algemeen. In¬
2116 2506 2977 2548 weet ik, dat dit heden niet veel is, maar er¬
465 2488 1040 2566 Dieses aber wird nicht werden
1218 2530 2081 2581 teressant is een meddeeling van dr. Beer¬
2112 2539 2977 2588 maal een zeker soort vergoeding zijn kan von
465 2557 1052 2601 Vor dem zehnten Tag Augusti.
1218 2568 2090 2619 Hofmann, dat hij de stof van Jedermann
2116 2581 2982 2641 datgene, wat jij me zonder zulk een bepaald
463 2586 1122 2668 Or, beau Sire, que Dieu vous garde.
1226 2608 2090 2659 tijdens een reis in Engeland in 1900 ontdekte,
2119 2617 2637 2674 voornemen hebt gegeven....
1222 2645 2088 2694 toen hij het oude spel van Every man bi¬
2143 2637 2982 2707 Moge het den dichter, die morgen den drempe¬
359 2641 1180 2714 In tegenstelling tot den jongeren Hofmanns¬
1226 2687 2088 2734 woonde en Hofmannsthal daarmede het dee
2121 2699 2984 2752 van het zeventigste jaar overschritt, vergund
325 2705 1182 2754 tahl is Beer-Hofmann steeds een hardnekki
2112 2736 2984 2783 zijn, in de kracht en sterkte van een late vol¬
325 2727 2083 2800 en langzaam produceerend dichter geweest, een gaf tot diens drama Jedermann. Dat gaat
1218 2765 2090 2816 nu reeds in de richting van de wereld der
2119 2776 2982 2825 tooling van den geweldigen kring, zijn levens¬
328 2783 1184 2845 „laat gerijpte, vergeleken met Loris. In 1892
1218 2807 2081 2860 godsdienstige vraagstukken, onder welker in¬
2121 2816 2984 2873 werk af te sluiten, zoo als het in zijn gedicht
319 2820 1184 2869 ontstaat een klein, niet in het og vallen
1218 2840 2081 2900 vloed het heele verdere leveneswerk van Beer¬
2121 2860 2212 2913 heet:
319 2865 1184 2920 novellenbundelte, dat, wat den inhoud betreft.
1218 2887 1510 2938 Hofmann staat.
2172 2876 2933 2947 Ufer nur sind wir, und tief in uns rinnt
325 2907 1180 2955 verwant is aan de licht psychologische pro¬
1253 2898 2088 2969 De weg van den dichter naar de wereld van
2169 2942 2931 2986 Blut von Gewesen, zu Kommenden rollt,
321 2944 1184 2993 bleemstelling van Schnitzler. Steeds weer zijn
1226 2953 2076 3015 de Joodsche Stof is niet door den tijd beinflu¬
2169 2982 2942 3026 Blut unser Vater, voll Unruh und Stolz.
317 2984 1178 3028 in de brieven van den jeudigen Hofmanns¬
1226 3000 2083 3053 enceerd en openbaart veeleer een innerlijke be¬
2169 3015 2878 3064 In uns sind alle, wer fuehlt sich allein
317 3024 1182 3073 thal aan hem voorschriften en vermaningen
1218 3044 2094 3095 reidheid, die langzaam tot voltooing rypt en
2169 3057 2909 3115 Du bist ihr Leben — ihr Leben ist Dein!
328 3062 1184 3110 te hooren: „Beste Richard, dwing je toch als¬
1222 3073 2090 3137 daarmede tot de uitbeelding vert. Hi ver¬
330 3099 1184 3155 jeblieft tot arbeiden, tot werkelijk arbeiden
2592 3088 2984 3172 Dr. WALTER PERL.
1218 3108 2090 3163 klaart zich openlijk voor het Zionisme en be¬
321 3137 1184 3190 denken en begrijpen van het bestaan is was
1222 3150 2096 3210 gint van het perspectief uit der bibelsche
317 3179 1191 3234 anders, werken hebben echter een diepen zin
1218 3194 2083 3245 geschiedens het groote verleden van het Jood¬
325 3219 1187 3270 en zijn waard dat men ze uit zich los¬
1220 3232 2081 3285 sche volk vorm te geven in het drama. Mis¬
328 3254 1180 3305 worstelt". Zoo heeft dus de joge Hofmanns¬
1220 3274 2090 3327 schien doet de samenwerking met Reinhardt,
319 3292 1187 3347 thal hem het eerst tot den artisticken arbeid,
1218 3312 2090 3356 die sedert Carolais op dramaturgisch ge¬
328 3336 1189 3387 gebracht en hij heeft hem ook, in zijn prach¬
1218 3354 2092 3403 bied tot stand kam, bij Hofmann de gedachte
321 3376 1182 3429 tige sprookje van den 672sten Nacht, in de
1218 3389 2092 3442 van een cyclus van Festspiele rijpen: het is
321 3416 1187 3469 figur van den koopmanszoon eerst als voor¬
1220 3425 2096 3478 de bibelsche Historie vom Koenig
317 3453 1184 3502 beeld genomen, want het leven van Beer¬
1220 3469 2096 3524 David, welke voorspel Jakobs Traum
319 3491 1187 3555 Hofmann leek in den aanvang dikwijls op
1226 3507 2081 3560 (1919) na meer dan tien jaar groeten op ver¬
325 3535 1032 3593 dat van een Wilde-achtigen aesthet.
1218 3546 2090 3597 zoek van de vrienden voor een grooter publick
370 3564 1191 3622 De drie-en-dertig-jarige auteur voltooit na¬
1218 3588 2090 3637 toegankelijk werd gemaakt, en dat door zijn
319 3608 1187 3666 langen arbeid in 1899 de vertelling „Der Tod
1218 3626 2090 3677 volmaakten vorm en diepte van gedachten ver¬
319 3653 1187 3710 Georgs, welke voor hem een soort Werther
1220 3668 2092 3712 raste. Het werk geeft de merkwaardige ge¬
325 3695 1187 3737 wordt, tot een bevrijding van zichzelf it net
1218 3701 2090 3755 schiedens te zien van den stampader Jacob,
321 3735 1184 3777 onvruchtbare aesthetendom door een nieuwe
1220 3743 2088 3790 zijn zegening door vergissing en de daarbij
330 3783 2083 3834 verbondenheid met het leven. Er gebeurt aansluitende vervolging door den bedrogen
328 3814 1184 3856 wenig in dit boek, want het leven wordt voor¬
1220 3821 2074 3865 eerstgeborene Esau (Edom). Bij menige uiter¬
317 3854 2085 3903 eerst niet gegrepen maar slechts gedroom, like navolging van den vorm der groote
321 3901 2083 3943 tot een ruwe werkelijkheid, n.l. de dood van mysteriespelen (Faust en Jedermann zun
319 3938 1191 3980 den eenigen vriend, den held die wenig op
1222 3943 2083 3987 niet zonder invloed gebleven wordt in
325 3971 1187 4020 een held gelijk, weer tot het leven terugroept.
1213 3971 2076 4025 Jakobs Traum een zeer subtile karak-
325 4014 1187 4062 De tal en stijl van dit jeudwerk zijn zeer
1220 4016 2088 4076 teristik van de bibelsche persoonlijkheden
321 4058 1240 4142 .
