3392 4352
1278 198 1750 284 box 44/10
216 191 1088 303 s
241 893 648 969 an
1282 911 1646 976 .....
137 1005 3025 1084 doch viel näher stehen, zu verbinden, turg und der Geldgeber, und man wird fast kein Theater heilige Religion angreift. Nun ist in der letzten Zeit auch
137 1059 1919 1109 den und Tschechen gemeinsam vor. finden, wo nicht einer von den Dreien ein Jude ist, der
1948 1077 3032 1127 ein neuer Judenroman erschienen von Kurt Münzer „Der
166 1095 814 1138 noch im Gymnasium war, Gegner
839 1102 3014 1167 Inde diktiert alles übrige und unsere christlichen Autoren Weg nach Zion“. Es ist unglaublich, was in diesem Roman
144 1138 1923 1192 itenverbindungen, wie ich aber dieses können keine ihrer Theaterstücke zur Aufführung bringen,
1945 1149 3025 1203 geleistet wird; der Staatsanwalt hätte sich eigentlich mit
140 1170 810 1217 gegen die katholischen Verbindungen
839 1178 3032 1239 selbst wenn sie den Leidensweg von einem zum anderen dem scheußlichen Inhalte dieses Romanes zu befassen. In
137 1214 1916 1268 tholischer Couleurstudent. Die katho= antreten. Es ist von gut christlichen Autoren, Mitglieder
1948 1228 3029 1278 dem Romane wird die Blutschande verherrlicht, typisch ist
137 1253 1916 1304 ingen ja nicht mehr als jene Gleich der Deutsch-österreichischen Schriftstellergenossenschaft, be¬
1937 1264 3032 1325 aber das freimütige Bekenntnis, das einer der Helden
137 1286 817 1332 als akademische Bürger und auf
839 1293 2852 1358 kannt, wie sie unter den Schikanen der Cliquenwirtschaft ablegt, wie weit es die Juden gebracht
2895 1314 3021 1361 haben.
137 1325 810 1368 tes zusteht; sie wollen nur, daß es
835 1332 3014 1397 leiden; wenn ein Autor nicht eine Empfehlung von Feliz daß sie alle Völker und Rassen vergiftet haben
137 1361 810 1412 eine zu gründen. Es ist aber so weit
839 1368 1919 1440 Dörmann und Artur Schnitzler vorbringt, wird er unter
1941 1383 3014 1444 Diese Worte sollen uns eine Mahnung für alle Zeiten sein
137 1404 807 1448 sische Studenten nicht mehr promo¬
832 1401 1433 1466 Umständen gar nicht empfangen
1941 1422 3021 1477 der Jude soll uns nicht umsonst gewarnt haben, wir wollen
140 1437 807 1487 der Fall bei meinem Kollegen Aldria
915 1426 1909 1502 In unserem Burgtheater ist der Direktor Schlenthe
1941 1462 3018 1509 uns einig zusammenschließen. Bei der Verleihung des letzten
148 1487 1912 1549 nicht promovieren konnte, weil Unar ein Christ, er ist aber von den Juden importier
1952 1502 3018 1552 Volkstheaterpreises hat sich der seltene Fall ereignet, daß sich
137 1520 1801 1581 ät befürchtet wurden. Nun wird aber worden, damit sie leichter ihre Stücke anbringen.
1833 1541 3021 1592 Ein die Stimmen auf einen christlichen Autor, Gustav Geitz,
140 1559 807 1603 in Abgeordneten seine Promotion an
835 1574 3018 1649 Zeichen seiner Tätigkeit ist, daß von zehn Premieren, die vereinigt haben; aber nicht sein Stück wurde aufgeführt,
130 1588 810 1646 Pohl die deutschfreisinnige und deutsch¬
832 1610 1909 1657 in der letzten Zeit seines Direktoriums aufgeführt wurden
1945 1621 3021 1667 sondern das eines gewissen Leo Feld, der eigentlich Hirsch¬
148 1635 1916 1703 t dieselbe nicht zulassen will. Nun sieben von jüdischen Autoren herrühren, die drei anderen
1945 1657 3021 1700 feld heißt und ein Bruder des bekannten Operettenlibretto¬
155 1675 3021 1747 Bevölkerung von Graz erklärt, daß sind von Ehrenchristen wie Hermann Bahr, der einmal fabrikanten Viktor Leon ist. So wie es in der Wissenschaft
151 1711 799 1765 Knüttel in der Hand den Deutsch
828 1721 3014 1801 Antisemit war, sich aber eine Jüdin als Frau beigelegt und Kunst ist, ist es auch in der Literaturgeschichte. In den
137 1743 1761 1815 mus austreiben wird. Interessant ist hat und nun wird er im Burgtheater aufgeführt.
1934 1772 3018 1826 Literaturgeschichten fehlt der Name Ottokar Kernstock, aber
137 1786 799 1837 de „Neue Freie Presse“ auf die Pro¬
911 1797 3018 1858 Unser großer Dichter Schiller hat in seiner „Moru alle jene sind darin enthalten, die sich in der „Neuen Freien
137 1822 1919 1891 sich untersteht, nicht genau nach der lischen Schaubühne die Forderung aufgestellt, daß das
1937 1847 3018 1905 Presse“ gegenseitig beloben. Bezeichnend ist auch die Tat¬
194 1862 803 1927 schreiben, der wird förmlich aus
843 1887 3014 1941 Theater sittlich auf das Volk wirke. Unse jüdische Clique sache, daß in Hans Benzmanns Moderner deutschen Lyrik
122 1891 3018 1981 lehrtenwelt. Das ist dem Professor hat es so weit gebracht, daß das Theater entsittlicht. Da unter 170 Antoren nur 30 Oesterreicher zum Worte kommen.
137 1952 1909 2009 rofessor Schrötter hat in einem brauchen wir nicht auf das Josefstädter Theater zu blicken
1941 1963 3018 2013 Diese sind lauter Nichtarier und findet man unter denselben:
148 1981 810 2031 aufgefordert, nicht immer das reli¬
832 1995 3018 2056 denn jedes Theater steht heute auf dem Standpunkte, daß Felix Törmann, Emil Faktor, Josef Wolf Bondy, Kornell
126 2009 3018 2100 Völkerung anzugreifen, und sollte es es ohne Ehebruchsdramen und französische Sittenstücke nicht Hoffmann, Paul Leppin, Stephan Zweig, Paul Wertheimer,
166 2064 810 2125 können, die religiöse Ueberzeugung
832 2074 1909 2121 geht. Es ist doch darüber nichts zu sagen, daß ein Stück
1934 2082 3014 2132 Adolf Donth, Hugo Sahis, vor allen als den berühmtesten
140 2107 807 2146 s doch mit Takt geschehen. Das ist
832 2114 3007 2175 wie „Rose Berndt“ erst über Intervention der Erzherzogin Dr. Hugo v. Hofmannsthal, entschieden der tiefste und ori¬
137 2150 2085 2204 Schreibart und dieser Artikel wurde Valerie vom Burgtheater verschwinden mußte. Es ist zwar ginellste
2146 2157 2236 2208 in
2280 2164 2391 2218 einem
2463 2164 2578 2215 Kreis¬
2658 2164 2780 2218 jungen
2856 2164 3007 2226 Dichter
137 2182 803 2226 in Presse“ nicht aufgenommen, wei¬
828 2186 1905 2244 Gerhart Hauptmann auch ein Christ, er ist aber ein Schütz
1934 2175 3018 2254 zu denen auch der Dramatiker Artur Schnitzler und
130 2218 3007 2290 m paßt. Ich komme nun, führte der ling der Presse, er gehört zur Clique und darum hat ihm der Novellist Peter Altenberg gehört. Auch Roda-Roda
137 2262 3007 2330 s, auf mein eigentliches Thema zu auch Hofrat Minor zweimal den Grillparzer=Preis verliehen, der mit dem bürgerlichen Namen Rosenfeld heißt, verdient
137 2298 3007 2366 eratur. In der Architektur und bilden. In jüngster Zeit hat den Grillparzer=Preis Artur Schnitzler da als Dichter Beachtung. Ein besonderes Buch ist „Das
140 2337 803 2384 Juden noch keine Rolle. Sie sind
832 2344 3007 2406 bekommen. Nun wissen wir, wie der neue Grillparzer aus deutsche Drama der Gegenwart von Rudolf Lothar, mit
137 2377 3003 2445 als Baumeister, sie wollen nicht das schaut? Er hat eben zehn Liebesabenteuer in einem Buche dem bürgerlichen Namen Spitzer. Das ist illustriert und
137 2409 799 2467 unst betreiben, weil es nicht mühe
832 2427 1901 2474 geschildert, so daß Boccacios Decamerone dagegen als mora
1927 2431 3011 2478 sollte eigentlich „Der Weg nach Zion“ heißen, denn wenn
151 2456 3003 2528 Erwerb besteht aber in der Kunstisches Musterbuch gelten kann. Dieser Fall ist typisch dafür, man die Bilder ansieht, kommt man sich in das gelobte Land
133 2488 1905 2546 historischen Vorlesungen besucht, wird wie der Hofrat Minor irgendeinen Schmutzfink herausgreif¬
1930 2506 2146 2571 versetzt vor.
162 2528 799 2589 ganzen Hörern sich nur zwei bis
825 2539 1901 2593 und ihn zum Dichter stempelt. So ist es auch mit Feli¬
2013 2528 3007 2600 Man sieht also, wie traurig es in bezug auf die Kunst
821 2578 3007 2640 Törmann der Fall, der eigentlich Felix Liebermann geheißen und Literatur beschaffen ist. Da sieht es ebenso traurig aus,
137 2578 799 2665 dienen die Juden auch noch nich
821 2618 1909 2669 und seinen Namen bei der Statthalterei hat ändern lassen.
1934 2629 3003 2679 wie in der Hochschulfrage. Wir müssen also nach Mitteln
144 2651 3003 2719 Mendelssohn sind zwar glänzende Was Professor Minor nicht besorgt, besogt Professor Erich suchen, um gegen das übermächtige Judentum wirksam an¬
140 2687 789 2737 Wagner hat sie durch seine groß¬
821 2694 1905 2748 Schmid, der sich den Ausspruch geleistet hat, man könnte eben
1934 2708 3000 2759 zukämpfen. Vor allem wäre es notwendig, ein christlich¬
126 2723 3007 2798 rboten. Bemerkenswert ist aber, daß einen Uhland, einen Eichendorf von der deutschen Literatur deutsches Volkstheater zu bekommen, wo nur klassisch und
130 2762 803 2809 sächlich wegen seiner Broschüre „Das
828 2777 1898 2823 geschichte streichen, als einen Heine, dem die Palme der
1927 2784 3007 2849 Volksstücke aufgeführt werden und zivile Preise bestehen,
137 2805 1894 2863 sik von der jüdischen Presse heftig Unsterblichkeit verliehen. Der Mann sollte sich dieses Aus
1927 2820 3003 2877 so daß auch unsere Kleingewerbetreibenden in die Lage
155 2834 792 2888 „Neue Freie Presse“ hat ihn durch
821 2856 1901 2906 spruches schämen bis ins Mark hinein, aber er gehört auch
1959 2867 3007 2910 Amen, das Theater zu besuchen. Wir haben zwar ein
151 2885 796 2928 einen gewissen Spiter in den Ko¬
817 2895 3003 2953 zu den Schützlingen der deutschradikalen Studentenschaft und Theater besessen, leider ist es auch unseren Händen ent¬
155 2921 792 2967 großartige Genie Richard Wagner
825 2931 1901 2982 zu jenen, welche die Wissenschaft gegen jeden Angriff schützen
1930 2939 3007 2989 schwunden, zum großen Teile durch das Machtwort der
126 2957 1894 3018 ingen und strahlt heute in vollem Es ist noch ein Stückchen des Hofrates Minor zu beleuchten
1927 2978 3003 3032 jüdischen Presse. Es ist aber notwendig, daß wir für unsere
155 3003 792 3047 Operette ist es anders, da spieler
821 3007 1898 3065 Er hat einmal auch eine christliche Schriftstellerin prämiiert,
1923 3018 2759 3083 Arbeiter eine günstige Bildungsstätte schaffen
148 3047 1898 3093 eine große Rolle und da drängen Frau Handel Mazetti, aber nur, weil er gleichzeitig Herrn
2002 3029 3007 3111 Auch der Abgeordnete Schuhmeier läßt in seinem
133 3072 3003 3151 So wie aber ein jüdischer Trödler Werner v. Oesteren für seinen Roman „Christus und nicht Arbeiterheime Theaterstücke aufführen, aber absolut nicht
115 3119 1894 3180 aucht, da er seine Ware umwenden Jesus" prämiieren wollte, und er hofft die christlich anti
1927 3133 3003 3187 französische Sittenstücke, sondern lauter gute Volksspiele, die
133 3158 3011 3220 r Operette. Da wird an der Musik semitische Opposition zu befriedigen. Oesteren heißt eigentlich wirklich bildende Tendenz haben. Was überhaupt die fran¬
130 3194 792 3241 amt doch etwas Neues heraus, das
817 3205 3003 3266 Goldbauch und ist Sohn einer Jüdin; woher er diesen zösischen Sittenstücke anbelangt, so haben die meisten Frank¬
130 3241 1894 3292 cht und der Geschäftsstandpunkt ist Namen hat, weiß man nicht. Er wurde getauft, da war
1927 3259 3021 3299 ich gar nie gesehen. Es gibt viele Juden, die französische
130 3274 306 3324 auptsache
817 3277 3003 3338 sogar ein Domherr Taufpate. Er ist in ein Jesuitenkolle Pseudonyms wählen. Ein Beispiel hiefür ist das Stück
137 3281 789 3360 im Theater angelangt. Beim Theater
814 3324 3000 3382 gebracht worden, aus welchem er bald geliefert wurde und „Nichts zu machen", dessen Autoren Wiener Juden sind.
130 3353 3003 3468 ine Rolle, der Direktor, der Drama nun hat er seinen Roman geschrieben, in dem er unsere Ein eigenes Kapitel bilden die Theateragenturen. Heute
