3344 4352
197 203 589 315 13. Mis.
698 220 1007 321 ne
1243 230 1676 318 box 44/9
1964 584 2085 699 in
1657 669 1912 795 11. J.
1282 1149 1536 1223 Nr. 15.317
2046 1150 2244 1226 Samstag
1373 1268 2393 1444 HEATER UN KUNST
1231 1531 2420 1655 Richard Beer=Hofmann jubiliert.
1680 1645 2426 1689 Heute feiert der Dichter Richard Beer¬
1568 1682 2235 1737 Hofmann seinen 70. Geburtstag.
1340 1731 2435 1800 Ein wahrhaft bedeutender Dichter, der als Letzter der Dreizahl
1232 1787 2426 1848 großer Dichterbegabungen, die uns die Jung=Wiener Schule
1232 1846 2427 1893 geschenkt hat, in die Gegenwart hineinragt, Richard Beer¬
1235 1875 2429 1927 Hofmann, vollendet heute das siebente Jahrzehnt seines Lebens.
1243 1925 2430 1976 Artur Schnitzler und Hugo v. Hofmannsthal weilen nicht mehr
1235 1975 2429 2045 unter den Lebenden. Beer=Hofmanns Schaffenskraft aber ist un¬
1235 2017 1813 2075 gebrochen, er ist unter den litera¬
1232 2061 1810 2129 risch Schaffenden der heutigen
1234 2108 1813 2175 Zeit eine echte Dichtererscheinung,
1232 2158 1813 2212 hat sich nie der Konjunktur
1228 2212 1818 2263 unterworfen, sondern immer nur
1235 2256 1810 2309 geschrieben, wenn er die innere
1237 2305 1807 2357 Berufung fühlte. Unberührt von
1232 2347 1809 2411 allen praktischen Erwägungen,
1240 2400 1810 2457 gab es für ihn auch keinen
1234 2441 1810 2508 Termin, zu dem er irgendein
1235 2487 1804 2547 Drama fertigstellen sollte. So ist
1234 2539 1809 2605 zum Beispiel seine große Trilogie
1232 2578 1810 2642 „David, die er vor nunmehr
1226 2625 1810 2692 achtzehn Jahren mit „Jaakobs
1232 2684 1807 2734 Traum“ begann, bis heute un¬
1229 2726 1810 2778 vollendet geblieben. Er ist keiner
1237 2774 1813 2834 der Dramatiker, die dem
1234 2816 1810 2886 Bühnenruhm und der Tantieme
1915 2853 2321 2922 Richard Beer=Hofmann
1229 2861 1807 2929 nachlaufen. Er wartet still in
1238 2905 2436 2989 seinem Poetenstübchen, bis man ihn und sein Werk auf die
1235 2962 1467 3029 Bühne holt.
1328 3010 2423 3077 In Wien geboren, wo er auch das juridische Doktorat errungen
1226 3047 2427 3110 hat, ist Richard Beer=Hofmann als Theaterdichter zuerst mit dem
1226 3110 2423 3158 Drama „Der Graf von Charolais hervorgetreten, das
1234 3149 2421 3216 seinerzeit Max Reinhardt im Deutschen Theater in Berlin aus der
1229 3204 2430 3265 Taufe hob. Es war wohl ein eigenartiger Zufall, daß gleichzeitig
1229 3253 2420 3306 mit ihm in dem erwähnten Schauspiel die große Kunst Alexander
1235 3294 2421 3353 Moissis entdeckt wurde. In Wien ist dieses Schauspiel zunächst
1226 3353 2414 3401 gelegentlich eines Gastspiels des Reinhardt=Ensembles zur Auf¬
1232 3394 2418 3452 führung gelangt, um dann viel später in den Spielplan des Burg¬
1226 3443 2420 3497 theaters übernommen zu werden. Als zweite Blüte seines edlen
1231 3489 2426 3549 Schaffens ist dann an der ersten Bühne Wiens und Deutschlands
1228 3537 2423 3601 das erwähnte Drama „Jaakobs Traum“ zur Aufführung
1232 3581 2414 3634 gelangt. Das zweite Stück der großen Trilogie um David, die seine
1232 3633 2420 3688 Lebensaufgabe darstellt, „Der junge David, ist wohl vollendet,
1229 3684 2417 3739 aber bisher nicht zur Aufführung gelangt. Neben seinem dramatischen
1226 3722 2417 3785 Schaffen lernte man Beer=Hofmann auch in der Novelle „Der
1226 3767 2417 3833 Tod Georgs" als feinsinnigen Epiker kennen, und zuletzt trat er
1229 3830 2411 3885 mit einer köstlichen Blüte der Poesie, dem „Schlaflied für Myriam,
1226 3867 1622 3924 vor die Oeffentlichkeit.
1337 3914 2417 3981 Große Verdienste um das Theater erwarb sich Richard
1229 3963 2411 4021 Beer=Hofmann auch als Regisseur, in welcher Eigenschaft er
1229 4003 2418 4072 sich durch einen inbrünstigen Dienst am Dichter hervortut. Man
1223 4057 2411 4114 hat ihn in den letzten Jahren zunächst im Theater in der
1229 4106 2408 4153 Josefstadt als Regisseur des tiefsinnigen Schauspiels „Ueberfahrt“
1226 4153 2423 4194 von Sutton Vane und dann durch eine klassischen Geist mit
