3436 4352
230 275 364 359 13.
420 272 1078 344 Miscellaneous
1279 275 1701 369 box 44/9
301 533 1129 617 CASINOS IN OSTERREICH
390 616 1023 666 Baden / Salzburg / Semmering
289 655 1129 706 Roulette — Baccara — Chemin de fer
289 727 1124 778 Osterreichische Casino A. G.
296 765 1128 823 Wien III, Schwarzenbergplatz 5a
286 841 1085 958 „OBSERVERORATIS
527 952 1123 994 1. österr. behördlich konzessioniertes
527 993 1123 1039 Unternehmen für Zeitungs-Ausschnitte
528 1032 1125 1073 Wien 1, Wollzeile 11, Telephon R-23-0-43
282 1184 620 1257 Ausschnitt aus:
418 1229 918 1348 Das Echo, Wien,
705 1375 844 1466 12.
283 1402 399 1464 vom
453 1524 1050 1617 Shaw wird in
1091 1529 1644 1637 Wien verlegt
295 1639 1036 1703 Wie wir seinerzeit meldeten, hat der
1125 1666 1835 1729 vor längerer Zeit in Wien seinen
234 1688 1029 1761 weltberühmte Berliner S.-Fischer¬
1125 1708 1725 1780 ständigen Wohnsitz genommen.
238 1743 1029 1804 Verlag im Zuge der Durchführung der
1129 1768 1872 1834 Der Titel des neuen S. Fischer=Ver¬
229 1787 1026 1844 verschärften Rassenbestimmungen im Drit¬
1076 1800 1872 1882 lages ist noch nicht ganz endgültig for¬
229 1839 1026 1895 ten Reich in der bisherigen Form auf¬
1079 1872 1869 1927 muliert, doch steht fest, daß der traditions¬
229 1883 1029 1950 gehört zu existieren. Dem letzten Besitzer
1070 1921 1867 1977 reiche Verlagsname Fischer auch im Titel
228 1938 1024 2000 des Verlages, Dr. Gottfried Bermann¬
1071 1960 1867 2025 des neuen Verlages vorkommen wird.
234 1981 1024 2046 Fischer (dem Schwiegersohn des Be¬
1083 2004 1871 2063 In den neuen Verlag werden sämt¬
223 2036 1024 2092 gründers S. Fischer) wurde die Konzes¬
1073 2053 1866 2126 liche große Autoren übernommen,
235 2076 1022 2146 sion nicht länger zugebilligt, so daß der
1070 2096 1862 2162 die inzwischen im Dritten Reich entweder
226 2138 1023 2208 Verlag nunmehr verkauft werden
1073 2158 1859 2216 verboten oder mißliebig geworden sind,
225 2172 353 2233 muß.
1065 2207 1861 2280 wie etwa Arthur Schnitzler, Hugo
328 2225 982 2286 Inzwischen ist es Dr. Beermann¬
1065 2237 1868 2323 von Hofmannsthal, Jakob Was-
273 2276 982 2351 Fischer gelungen, die von ihm in
1073 2288 1859 2354 sermann usw. Aber auch die von
275 2331 983 2400 Wien angebahnten Verhandlungen
1082 2335 1862 2413 Siegfried Trebitsch besorgte deutsche
275 2383 982 2441 zu einem günstigen Ende zu führen.
1077 2386 1862 2453 Ausgabe Bernard Shaws dürfte von
273 2427 987 2491 Damit steht es bereits fest, daß der
1070 2435 1855 2504 dem Wiener Verlag übernommen werden.
271 2467 984 2532 S. Fischer=Verlag von nun an seinen
1112 2487 1856 2559 Der neue Verlag ist aber keineswegs
277 2523 980 2589 Sitz in Wien hat. Das Verlags¬
1059 2530 1859 2601 als Emigrantenverlag gedacht; es sollen
263 2568 982 2634 büro wurde bereits im dritten Be¬
1059 2582 1855 2657 neben den erwähnten Autoren auch solche
268 2625 979 2679 zirk auf dem Esteplatz 5 eröffnet und
1059 2634 1860 2698 verlegt werden, die nach Deutschland ein¬
267 2668 982 2721 Dr. Beermann-Fischer hat auch schon
1051 2680 1523 2753 geführt werden können.
497 2992 605 3076 0
723 3177 1111 3284 4.50
420 3294 1245 3386 — Im Verlag Dr. Heinrich Glanz, Wien,
379 3377 1254 3423 erscheint anläßlich des 70. Geburtstages
382 3413 1250 3471 Richard Beer=Hofmanns unter dem Titel
373 3463 1253 3515 „Richard Beer=Hofmann, Sinn
384 3511 1246 3566 und Gestalt eine umfassende Schrift
378 3544 1245 3606 über den Dichter von Dr. Alfred Werner.
382 3586 1248 3640 Beer=Hofmann, von dem die Dramen „Der
379 3629 1254 3683 Graf von Charolais", „Jaakobs Traum“ und
375 3683 1248 3735 „Der junge David und andre edle Werke
382 3721 1241 3782 sind, ist der letzte Ueberlebende aus der Blüte¬
384 3767 1247 3818 zeit der Wiener Neuromantik, Gefährte der
385 3807 1246 3856 Hofmannsthal, Schnitzler, Bahr. In der
378 3838 1247 3907 Monographie wird versucht, mit Einbeziehung
378 3890 1250 3948 der an Umfang geringeren, dem Publikum
382 3931 1247 3986 minder bekannten dichterischen Arbeiten Beer¬
379 3980 1245 4023 Hofmanns in den Kreis der Betrachtung, ein
385 4016 1246 4066 Gesamtbild dieses richtunggebenden Geistes
373 4064 812 4136 unsrer Tage zu bieten.
2479 189 3008 267 orie von
2492 244 2769 312 Unternehmen
2481 281 3018 367 für Zeitungsausschnitte
2259 349 2514 425 WIEN, I.,
2262 417 3027 476 Wollzeile 11. Telephon R 23-0-43
2256 552 2582 623 Ausschnitt aus
2262 714 2384 766 vom
2649 703 2743 800 18.
2247 837 2781 898 LES JOURS SE SUIVENT
2250 914 2969 1023 LES BASDECOTON
2298 1062 2973 1119 Mlle Blanche Montel, qui est une
2253 1107 2980 1162 charmante comédienne, joue en ce
2256 1141 2969 1193 moment à Nice une pièce de M. Paul
2256 1179 2976 1231 Grady; et Nice lui a rappelé l'épo¬
2255 1216 2975 1270 que de ses débuts. L'artiste a accueilli
2247 1254 2975 1312 sans amertume comme sans apitoie¬
2253 1293 2972 1344 ment les appels de ce temps-là, qui
2256 1332 2972 1381 ne doit pas plonger, d'ailleurs, dans
2256 1366 2972 1421 un passé bien lointain. Et elle l'a
2255 1409 2972 1457 évoqué devant un journaliste nicois
2259 1447 2965 1502 avec beaucoup de bonne grâce
2256 1483 2972 1527 « Oui, j'ai fait mes débuts à Nice.
2256 1521 2972 1584 Je gagnais alors mille francs par
2256 1555 2972 1610 mois et j'habitais, rue Alphonse-Karr,
2256 1600 2999 1659 un petit hôtel où je payais seize
2253 1646 2980 1700 francs par jour. Vous pouvez le ra¬
2253 1676 2969 1722 conter. Je ne rougis pas de l'éque
2253 1715 2859 1771 où je portais des bas de coton.
2301 1736 2979 1797 C'est très gentil. Apprecious les
2253 1799 2978 1842 âmes claires qui savent ne rien ou¬
2256 1827 2969 1877 blier des hasards de la vie. J'ai en¬
2259 1865 2979 1921 tendu pareillement Mlle Jane Re¬
2253 1900 2976 1949 nouard évoquer une jeunesse où elle
2256 1943 2975 1990 rentrait de l'école en grimpant sur
2259 1980 2976 2022 le ressort des fiacres comme une
2262 2011 2975 2073 petite fille de Poulbot : « J'avais
2262 2065 2976 2108 déjà le goût d'avoir ma voiture... »,
2261 2094 2979 2142 disait-elle spirituellement. Le jour où
2262 2139 2975 2183 la société ne permettra plus ces che¬
2265 2173 2982 2221 minements du talent, de la fortune,
2259 2207 2976 2256 ces ascensions romanesques, je ne
2256 2240 2975 2297 sais s'il y aura davantage de justice
2259 2280 2979 2327 dans le monde, mais il y aura cer¬
2259 2318 2980 2371 tainement moins d'attrait à y vivre.
2262 2361 2985 2409 Bref, Mlle Blanche Montel s'est rap¬
2267 2396 2981 2453 pelé avec bonne humeur les mois du
2259 2435 2982 2477 locati à seize francs par jour, et elle
2259 2472 2984 2519 a voulu revoir son hotel. Mais on l'a
2265 2513 2981 2556 démoli... Nimporte, nous la croyons
2271 2547 2975 2599 volontiers sur parole et même qu’elle
2259 2587 2976 2648 s'y soit trouvée très bien. Ce qui me
2262 2620 2980 2669 semble plus improbable, ce sont les
2267 2658 2975 2713 bas de coton. Vraiment, mademoisel-
2265 2703 2982 2753 le, vous portiez des bas de coton? Ne
2267 2745 2982 2790 les avez-vous pas introduits dans vos
2264 2778 2981 2826 souvenirs comme un symbole, le
2265 2818 2990 2866 symbole des années difficiles ? Des
2265 2851 2981 2898 bas de coton ? Je croyais que depuis
2265 2890 2988 2948 la guerre — et votre jeunesse date
2271 2936 2992 2982 de ce temps-là — les bas de coton
2271 2970 2988 3017 n'étaient plus qu'une survivance, que
2273 3008 2992 3064 nulle femme, jeune ou mère, n'en
2271 3049 2990 3107 portait plus et que les premiers six
2271 3084 2991 3149 francs qu'on gagnait c'était pour
2270 3119 2994 3172 acheter des bas de soie — artificielle,
2274 3164 2823 3210 certes, mais point de coton.
2316 3206 2988 3266 Un auteur d’un talent poétique et
2270 3243 2988 3303 fort qui fut avec Hofmannsthal le
2277 3283 2991 3339 meilleur écrivain de l'Autriche au
2271 3318 2987 3374 commencement du siècle, a montré
2271 3356 2984 3407 dans quelques-uns de ses ouvrages
2273 3396 2984 3447 de tendres jeunes femmes, gracieuses
2274 3442 2988 3487 indépendantes, un peu bohèmes, des
2277 3470 2987 3521 Mimis moins romantiques, et joli¬
2271 3507 2984 3557 ment viennoises. Comme on lui de¬
2271 3546 2991 3592 mandait, après la guerre et les ter¬
2277 3586 2987 3632 ribles années qui l’ont suivie en Au¬
2271 3624 2991 3669 triche, ce qu'elles étaient devenues,
2274 3660 2986 3728 cet écrivain, Arthur Schnitzler, ré¬
2271 3704 2605 3760 pondit, morose
2367 3736 2994 3802 Elles sont mortes... ou elles ont
2270 3782 2585 3842 des bas de soie.
2312 3828 2987 3885 Elles avaient en effet des bas de
2271 3871 2988 3925 soie. Je crois même que les bas de
2271 3911 2990 3955 soie auront été la véritable conquête
2280 3947 2987 3995 de la guerre, la seule victoire dura¬
2277 3983 2992 4032 ble, celle que personne ne discute
2277 4027 2788 4086 plus. Il en faut bien une.
2713 4066 2961 4133 Guermantes.
