3392 4352
213 247 1084 356 13. Miscellaneous
1264 266 1689 357 box 44/9
1083 596 1838 775 Badgasten
1065 852 1478 942 Heilkräftigste
1074 939 1841 1021 Radiumtherme der Welt
1307 1047 1844 1111 Verlangen Sie Prospekte
1310 1114 1844 1179 von der Kurkommission!
1306 1273 1787 1395 „OBSERVER
1307 1390 1841 1456 Erstes österreichisches be¬
1307 1444 1841 1509 hördlich konzessioniertes
1313 1490 1602 1553 Unternehmen
1309 1536 1848 1609 für Zeitungsausschnitte
1074 1583 1341 1671 WIEN, I.,
1083 1649 1841 1744 Wollzeile 11. Telephon R 23-0-43
1068 1798 1400 1873 Ausschnitt aus
1447 1881 1817 1941 te
1073 1942 1200 2009 vom
1408 1964 1795 2091 8.
1142 2090 1854 2176 Liebe — nicht genügend
1051 2172 1924 2226 Lustspiel in 6 Bildern von Ladislaus Bus=Fekete.
1095 2239 1928 2279 Bühnentechnisch raffinierteste Konstruktion eines
1062 2279 1926 2328 gewiegten Routiniers im Aufbau und in der
1068 2315 1926 2364 Ausführung. — Und um dieses fein abgezirkelte,
1065 2357 1931 2399 präzise auf alle Bühneneffekte hin abgewogene
1065 2395 1919 2440 Rahmenwerk schlingt sich das pulsierende, warme,
1065 2435 1923 2474 lebendige Schicksal dreier Menschenkinder, dreier
1062 2471 1921 2515 Mädchen von heute in ihrer unmittelbaren Ur¬
1065 2511 1913 2561 wüchsigkeit, kleine Alltagstoagödien mit Lustspiel
1065 2553 1923 2600 motiven verwoben, daß man am liebsten weinen
1062 2589 1921 2631 möchte und dabei zu Tränen lachen muß, das
1065 2627 1923 2671 Ganze in seiner rührenden Schlichtheit von be¬
1068 2663 1923 2723 zauberndem Charme. Natürlich trägt die Darstel¬
1062 2705 1928 2745 tungskunst des Brünner Ensembles, die uns die¬
1068 2745 1929 2793 sen Genuß vermittelte, das Ihre zu dem Erfolge
1062 2783 1926 2826 des Bühnenwerkes bei, das eben darum drama¬
1062 2821 1928 2864 tisch so wirksam ist, weil es ohne viel literarisches
1062 2857 1928 2901 Beiwerk so absolut bühnengerecht ist. — In der
1084 2898 1931 2946 Fritzi, die eine kleine Modistin, ein Revuegirl,
1065 2940 1928 2985 eine Kokotte und schließlich eine Mutter werden
1062 2975 1926 3019 wollte und der alles mißglückte, bis sie durch eine
1056 3015 1925 3066 glückliche Fügung zu ihrem ursprünglichen Berufe
1056 3053 1928 3100 zurückfindet, läßt Valerie Schneck das süße
1068 3088 1923 3137 Mädel in seiner ganzen temperamentvollen Wie¬
1062 3130 1928 3177 ner Urwüchsigkeit wieder aufleben. — Auch der
1065 3168 1925 3218 Hansi Hedy von Antburgs sind wir schon ein¬
1062 3207 1928 3261 mal irgendwo bei Arthur Schnitzler begegnet, aber
1071 3256 1930 3295 wir erneuern diese Bekanntschaft mit der distin¬
1071 3282 1931 3334 guierten seelisch tief veranlagten, äußerlich mon¬
1062 3323 1926 3367 dänen Liebeskünstlerin, der vornehmen Dame, die
1065 3360 1937 3409 von Beruf Mannequin ist, gerne, Ein neuer Typus
1071 3401 1925 3444 ist Anni, (eine prächtige Gestaltung Christl
1071 3443 1935 3489 Räntz) die ehemalige Studentin, die Krawatten
1065 3478 1931 3527 verkauft, um nicht zu verhungern und die dazu
1071 3521 1929 3568 ebensowenig Talent hat, als zur Liebe, in der eine
1077 3556 1929 3607 so tiefe Mütterlichkeit steckt und die in ihrer ab¬
1074 3592 1938 3641 soluten weiblichen Reizlosigkeit und ihrem völli=
1071 3632 1928 3684 gen Mangel an Sexappeal doch unter den Dreien
1068 3679 1932 3727 die Einzige ist, die nach einem mißlungenen
1074 3712 1932 3765 Selbstmordversuch glücklich in den Hafen der Ehe
1071 3745 1931 3798 einläuft. — Unter den männlichen Darstellern
1077 3790 1931 3839 steht Walter Bach als entzückender, verwöhnter,
1074 3826 1938 3877 skrupelloser Bühnenschwerenter an erster Stelle,
1077 3865 1936 3912 Walter Guberth, Karl Bosse und Kurt
1071 3906 1936 3951 Nachmann boten jeder in seiner Art, gute
1076 3941 1929 3994 Charaktergestalten, Karl Skraup noch darüber
1456 3978 1937 4023 Karikatur und doch einen
1077 3987 1408 4040 hinaus ein bißche
1077 4016 1929 4073 warmen, ganzen Menschen. Das ausverkaufte
1077 4059 1935 4109 Haus spendete der unter der Leitung Siegfried
1080 4104 1941 4156 Holgers stehenden Darbietung stürmischen
1820 4137 1952 4188 E. G.
1079 4141 1206 4202 Beifall
