3344 4352
198 218 358 314 13.
395 227 582 325 Mis¬
676 229 1014 347 an
1254 235 1683 338 box 44/9
384 641 1223 750 CASINOS IN OSTERREICH
486 732 1123 787 Baden Salzburg / Semmering
384 770 1223 824 Roulette — Baccara — Chemin de fer
392 822 1230 896 österreichische Casino A. G.
388 885 1232 937 Wien III, Schwarzenbergplatz 5a
382 994 883 1094 „OBSERVER
626 1059 1230 1116 1. österr. behördlich konzessioniertes
626 1112 1230 1162 Unternehmen für Zeitungs-Ausschnitte
626 1149 1234 1190 Wien 1, Wollzeile 11, Telephon R-23-0-43
390 1306 726 1400 Ausschnitt aus:
972 1472 1107 1561 13
682 1463 961 1578 11.
388 1519 510 1602 vom
2328 1929 3161 2006 Den Ehren des Theaters, die er einheimsen
1419 1934 2272 1982 Vater seinem Kind schrieb, ein Dichter der
1424 1977 3157 2034 Welt, führt der Weg zu den Werken aus der könnte, wenn er wollte, dem Aufgeführt¬
1417 2025 3161 2080 biblischen Landschaft, in der der Dichter werden, weicht er im Bogen aus. Er will nicht
2298 2075 3161 2141 gespielt werden, geschieht es nicht so, wie er
1415 2075 2193 2136 Beer-Hofmann sein reinstes Gebet spricht.
525 2064 1395 2176 Der siebzigjährige Beat Hofmann
2298 2121 3168 2187 einzig und allein gespielt werden müßte und
1441 2126 2269 2187 Dichten als große Sache des Herzens und
556 2167 2265 2224 Den österreichischen Dichter Beer-Hofmann des Geistes, als gläubiges Bekenntnis, als Steel
2298 2160 3161 2230 wie er damals gespielt wurde, als „Der Graf
528 2208 1378 2267 erreicht irgendwie das österreichische Schick
2298 2219 3163 2272 von Charolais“ und „Jaakobs Traum“ noch
1417 2221 2265 2272 lungnahme zur Welt, Dichten über die Zeiter
519 2267 1380 2322 sal des Verkannt- oder zu wenig Gekannt
1410 2258 2908 2324 hinweg, das ist der spätere Beer-Hofmann. In Burgtheaterstücke gewesen sind.
525 2311 1384 2361 seins. In ein paar Bänden nur steht die Fülle
1415 2317 2274 2374 seinen Worten wird das tiefe Rauschen echter
2808 2289 3154 2385 Siegfried Geyer.
519 2357 1382 2413 seines Werkes da, denn er ist keiner der Viel
1415 2365 2278 2422 Lyrik hörbar, die reine Form, die den Vers
525 2413 2272 2470 schreiber, die schreiben, um von sich reden zu andächtig vom Herzen an die Lippen führt
521 2463 2274 2509 machen. Seine Dichtung, in der Einsamkeit und er bleibt auch im Reich des Traums der
528 2500 1386 2555 eines abseits vom großen Weglärm Schaffen¬
1417 2509 2269 2559 diesseitigen Welt geneigt, in philosophischer
528 2544 2272 2607 den ans Licht gelangt, hatte, als sie zum Erkenntnis ihrer Realität, im Bewußtsein der
1410 2605 2274 2666 Schmerzen und Qualen, die sie schafft; er
1410 2644 2272 2712 steht der Gottheit nahe, aber auch dem
1406 2703 2272 2760 irdischen Garten der Erkenntnisse, die immer
1410 2749 2272 2801 wieder die Zeichnung seiner biblischen Bilder
1410 2797 2269 2849 berühren. Er läßt die Menschheit sprechen,
1410 2845 2269 2902 auch dort, wo er uralte Melancholie aus hei¬
1410 2888 2272 2947 ligen Tiefen seines Blutes holt und die Fahne
1410 2943 2272 3015 der Schwermut über seine Helden und ihre
1410 2987 1753 3052 Schicksale pflanzt.
1448 3032 2265 3098 Was er tut, was er schreibt, geschieht immer
1408 3087 2269 3137 unter dem Himmel einer edlen Idee, ist stets
1402 3137 2272 3194 nach ehrfürchtigen Zielen aus, niemals von
1408 3178 2269 3248 Konjunktur, Geschmack oder Willen des
1408 3229 2265 3292 Tages getrieben. Er wendet sich nicht plötz¬
1410 3277 2272 3331 lich, von einer Diktatur der geistigen Mode
1408 3322 2272 3377 bestimmt, er bleibt seinen inneren Gesetzen
1408 3375 2269 3429 trou. So bewahrt er im Chaos dieser Welt die
1410 3425 2272 3486 schöne, aufrechte Haltung eines biblischen
1408 3466 2110 3527 König der Sprache und des Herzens.
1443 3516 2269 3575 Richard Beer-Hofmann kehrt manchmal als
1408 3560 2267 3625 stiller Gast in die Ereignisse dieser kleinen
1408 3610 2269 3686 Welt ein. So in die des Theaters. Er kommt
1406 3660 2276 3732 als Regisseur, er hat den „Faust" für das
525 3693 2269 3771 ersten Male erschien, die Geltung wunder- Burgtheater eingerichtet und die Dichtung
525 3743 2263 3817 schönen Treibhausgewächses, erst späterhin selber inszeniert, es war ein Meisterwerk der
530 3800 1382 3850 erreichte sie Anerkennung des europäischen
1417 3806 2267 3867 Ehrfurcht und Dramaturgie. Er hat in der
534 3846 2269 3904 Geistes, der sich dem Werk Beer-Hofmanns Josefstadt eine denkwürdige „Iphigenie", seine
523 3896 1384 3957 stellte. Aus dem Luxusmilieu, dem auch Hugo
1417 3900 2265 3950 Kenntnis des Theaters, gegeben und die Schau¬
534 3948 2265 4000 von Hofmannsthal zugetan, wurchs die seltsam spieler sind begeistert von dieser Arbeit mit
525 3996 2269 4053 und reich geschmückte Prosa seines ersten einem Regisseur, der ein Durchschauer des
525 4035 1384 4103 Buches vom „Tod Georgs, das damals wie
1417 4037 2269 4096 Theaters, begeistert vor seinen Wundern steht,
523 4094 1384 4151 eine exquisite Köstlichkeit aus dem Prunk
1410 4090 2263 4159 zugleich aber seine Listen und Tücken kennt.
525 4135 1384 4186 salon der deutschen Sprache gereicht wurde
1417 4138 2265 4194 Obwohl er nie Schauspieler gewesen, weiß er
