3344 4352
181 188 326 285 13.
386 195 1046 301 Miscellanes
1230 201 1672 300 box 44/9
684 430 776 518 4.
744 613 1685 711 Oesterreichische Finarbeit.
524 701 1863 791 Zweiter Filmabend des Par=Noran-Kongresses 1936.
576 801 1195 869 Der Leiter des Instituts für
1247 794 2078 882 ist, in der Geistigkeit der Zeit, die sie dar¬
534 847 1195 916 Filmkultur in Wien, Dr. Ludwig
1255 862 2006 924 stellen, wurzelnd, zumindest indifferent.
536 907 1195 956 Gesek, brachte am 1. August im
1289 906 2081 967 Uns fehlen im österreichischen Film noch
531 952 1192 1016 Stadttheater zu seinen sehr interes¬
1252 934 2076 1007 ganze Stoffgruppen, so das Volksstück oder
536 994 1192 1056 santen Ausführungen Ausschnitte
1247 1001 2083 1054 das volksnahe Stück aus den Bergen in der
531 1036 1200 1091 aus berühmten österreichischen
1252 1039 2083 1096 Art der Trenkerschen Filme. Schätze an
539 1077 1189 1132 Spielfilmen und mehrere Kultur¬
1249 1082 2073 1147 Bauernkraft und Brauchtum sind noch zu
534 1129 1195 1179 filme. Der Abend wurde von den
1244 1126 2085 1195 heben, die den österreichischen Film auch im
543 1174 1199 1225 fremden und einheimischen Gästen
1244 1172 1943 1227 christlichen Sinne bereichern können.
534 1217 1195 1285 mit überaus großem Beifall aufge¬
1290 1217 2065 1277 Die Schaffung der österreichischen Wo¬
1247 1255 2075 1322 chenschau, die im Dienste vaterländischer
528 1264 706 1329 nommen.
1244 1304 2070 1359 Kulturpropaganda steht, geht auf die Ini¬
405 1332 1189 1394 Daß es einen österreichischen Film gibt
1249 1349 2073 1415 tiative des verewigten Bundeskanzlers
355 1390 1194 1445 und daß es ihm gelungen ist, sich Weltruf zu
1249 1390 1610 1445 Dr. Dollfuß zurück.
355 1435 1197 1484 verschaffen, steht eigentlich in Widerspruch
1285 1437 2068 1498 Die Vaterländische Front und die Ka¬
361 1479 1192 1532 zu den Erfahrungen, die wir sonst über die
1247 1474 2071 1542 tholische Aktion haben sich im Institut für
365 1522 1192 1570 wirtschaftlichen und raumpolitischen Grund¬
1252 1523 2068 1587 Filmkultur ein Instrument geschaffen, in
355 1563 1195 1615 lagen einer Filmproduktion haben, denn
1249 1570 2061 1637 Österreich auf dem Gebiete des Spielfilms
356 1610 1189 1660 dem heutigen kleinen Österreich steht keines¬
1247 1612 2065 1680 die Verwirklichung kulturpolitischer Ge¬
355 1655 1195 1707 wegs die große Menschenzahl und der Reso¬
1252 1648 1722 1720 sichtspunkte durchzusetzen.
361 1698 1180 1748 nanzboden für die Auswertung seiner Filme
1284 1693 2068 1773 Ein Stiefkind der österreichischen Film-
355 1743 1194 1797 im eigenen Staate zu Gebote, wie ihn etwa
1245 1737 2065 1812 produktion war lange Zeit der Kulturfilm.
358 1787 1147 1835 die großen, film mächtigen Staaten besitzen.
1247 1790 2071 1853 Die Arbeit machte sich fast nie bezahlt, denn
400 1833 1192 1883 Zwei Momente möchte ich anführen, die es
1240 1830 2076 1925 die Zahl der Kinos in Österreich reicht
355 1875 1189 1926 begründen, daß Österreich als ein kleiner
355 1918 1189 1961 Staat dennoch eine Weltproduktion schaffen
361 1963 1185 2020 konnte: Das erste ist, daß unser Vaterland
355 2005 1185 2075 ein Teil des großen deutschen Sprachgebie¬
355 2046 1194 2100 tes ist und dadurch des Vorteiles eines
365 2093 1192 2156 großen, einheitlichen Sprachraumes, der
370 2131 1195 2188 sonst nur den großen Filmmächten zu Ge¬
355 2174 1194 2238 bote steht, teilhaftig wird. Das zweite Mo¬
355 2223 1185 2276 ment: Der Österreicher, der auf eine viel¬
355 2269 1185 2319 hundertjährige Theatertradition zurückblickt,
361 2319 1197 2364 hat Theaterblut. Diese Begabung kommt auch
358 2359 1197 2406 dem Film zugute. Unser Vaterland hat al¬
358 2404 1192 2453 lein durch seine Künstler großen Anteil an
355 2446 1189 2501 der Weltfilmproduktion. So hat kürzlich
355 2489 1194 2539 eine reichsdeutsche Zeitung die 24 besten
361 2537 1185 2582 Darsteller des deutschsprachigen Films zu¬
361 2579 1195 2632 sammengestellt, darunter befanden sich acht
355 2621 1185 2672 Österreicher, also ein Drittel. Auch in Eng¬
355 2667 1182 2716 land und Amerika trifft man überraschend
358 2711 1185 2759 viel Filmschaffende, die entweder österrei¬
358 2751 1197 2824 chischer Herkunft sind oder zumindest durch
350 2799 1151 2849 die österreichische Schule gegangen sind.
400 2840 1185 2895 Der österreichische Film ist noch jung.
358 2879 1185 2930 Daß er heute eine wirtschaftl. und kulturelle
351 2930 1185 2985 Bedeutung erlangt hat, beruht einfach auf
350 2972 1185 3022 der glücklichen Tatsache, daß die ersten
358 3019 1182 3069 Filme, die Österreich in die Welt geschickt
351 3062 1185 3127 hat, gut waren und sich mit einem Schlag
358 3114 852 3165 ihre Sympathie eroberten.
400 3144 1185 3205 Die österreichische Filmproduktion, die
350 3193 1189 3248 etwa 20 bis 25 Prozent der deutschsprachi¬
351 3238 1184 3300 gen bestreitet, hat in ihren Stoffen und
351 3277 1099 3340 ihren Arten einen großen Spielraum.
396 3330 1182 3388 Ich möchte vier große Gruppen
351 3377 1185 3432 herausgreifen: Die eine, die wir unter
351 3418 1182 3477 dem Schlagwort „Wiener Impressionis¬
343 3470 1182 3510 mus“ zusammenfassen können, wird gekenn¬
358 3510 1180 3563 zeichnet durch die Filme „Maskerade“ und
358 3550 1175 3606 „Episode". Es gehören dazu „Hohe Schule",
358 3595 1185 3653 „Vorstadtvarieté“, Letzte Liebe" und „Ma¬
355 3621 1182 3690 ria Baschkirtseff". Ihnen allen ist gemein¬
358 3685 1180 3733 sam der rückwärtsgewandte Blick, das
351 3725 1182 3776 Wurzeln in der angekränkelten Atmosphäre
343 3771 1185 3834 der Vergangenheit, mit der nicht kritisch
343 3815 1177 3859 abgerechnet, sondern die mit einer gewissen
351 3858 1190 3906 wehmütigen Liebe verkörpert wird. Es ist
351 3901 1182 3951 Schnitzlersche Luft, die in diesen Filmen
336 3946 1177 3993 weht, ob sie nun die Skandalgeschichte eines
343 3991 1182 4041 Aktbildes („Maskerade") oder das Märchen
350 4034 1182 4086 von der platonischen Freundschaft des
346 4076 1180 4126 Kunstmäzens („Episode"), ob sie die Tra¬
346 4119 1180 4171 gik eines überlebten Ehrenkoder („Hohe
2131 601 2965 664 nicht aus, eine Kultursilmproduktion auf
2140 653 2709 711 freiwilliger Basis aufzubauen.
2178 686 2960 751 Es ist das Verdienst von Ministerialrat
2131 739 2954 789 Lanske, dem Vorsitzenden der Österreichi¬
2140 783 2962 844 schen Filmkonferenz, durch die Festsetzung
2135 826 2959 882 des Aufführungszwanges für eine gewisse
2128 869 2962 936 Anzahl von österreichischen Kulturfilmen
2135 919 2960 976 eine österreichische Kulturfilmproduktion
2126 957 2526 1016 ermöglicht zu haben.
2168 999 2962 1066 Vielleicht können Sie, wenn Sie wieder
2128 1059 2959 1111 in Ihre Heimat kommen, den einen oder
2128 1102 2950 1152 anderen dieser Filme benützen, um Verständ¬
2131 1149 2962 1197 nis für unser Land zu wecken, das, mit
2135 1190 2960 1249 guten Kräften gesegnet, um den Aufbau
2131 1239 2962 1285 einer neuen christlichen Ordnung ringt, in
2121 1277 2952 1329 der nicht die Zahl, sondern der Geist der
2128 1327 2954 1372 oberste Wert ist, in der ewige Werte höher
2131 1367 2954 1420 gestellt sind als der Tageslärm und in der
2125 1410 2950 1464 auch für den Film das programmatische
2121 1457 2954 1503 Wort unseres Herrn Bundeskanzlers Dok=
2128 1498 2959 1550 tor v. Schuschnigg Anwendung finden soll
2128 1542 2950 1597 und wird, das sagt: „Die Ordnung der
2186 1592 2952 1638 rrschaft (und damit auch der Filmwirt¬
2131 1627 2954 1685 schaft) ist eine der wichtigsten Aufgaben von
2125 1677 2957 1723 heute. Sie kann nichts anderes bedeuten als
2120 1717 2950 1772 die Sinngebung der Wirtschaft von der
2116 1757 2947 1813 Kultur her und ihre Unterstellung unter
2125 1800 2574 1875 das Gesetz der Kultur.“
2776 1815 2915 1883 H. G.
