3392 4352
217 283 358 375 13.
423 275 1069 367 Miscellaneous
666 557 1013 636 Het Vaderland
690 634 992 709 s-Gravenhage
447 781 1271 859 De artisten Tula di Vista en Johan Schmidt
410 839 1274 891 zullen zich na afloop van hun tournée door
422 883 1269 936 Nederland en Belgie omstreeks half Juli te
416 923 1270 988 Marseille inschepen voor een tournée door
418 954 601 1009 Oost-Indie
444 999 1269 1055 Eerst zal Singapore worden aangedaan, daar-
415 1029 1267 1091 ne Medan, om verder achtereenvolgens ver¬
412 1081 1267 1132 schillende Indische steden aan te doen. De beide
404 1116 1270 1168 artisten zullen zich in de Oost, Nederlandschen
411 1150 1275 1216 kunstenaars, die aldaar verblijven, assumeeren.
404 1194 1265 1252 zoodat niet alleen klein tooneel zal worden ten
411 1229 1270 1297 beste gegeven, maar ook grootere stukken van
404 1273 1275 1329 Schnitzler, Jan Stapelveld, Dom de Gruyter ea,
440 1307 1271 1367 Men stelt zich voor acht maanden in Indie
406 1338 658 1411 te vertoeven.
1273 282 1698 379 box 44/9
1854 746 2683 831 CASINOS IN OSTERREICH
1938 823 2580 888 Baden / Salzburg / Semmering
1835 861 2679 927 Roulette — Baccara — Chemin de fer
1845 934 2671 995 Osterreichische Casino A. G.
1849 976 2677 1040 Wien III, Schwarzenbergplatz 5a
2294 1027 2570 1144 RATS
1834 1087 2284 1177 „OBSERVER
2067 1154 2668 1216 1. österr. behördlich konzessioniertes
2071 1200 2669 1262 Unternehmen für Zeitungs-Ausschnitte
2065 1242 2668 1299 Wien 1, Wollzeile 11, Telephon R-23-0-43
1823 1396 2156 1467 Ausschnitt aus:
1998 1552 2427 1648 20
1818 1625 1940 1682 vom
1655 1792 2711 1907 Homer bis Schnitzler in Esperanto.
1676 1887 2692 1975 Zehntausendhändiges Geschenk an die Nationalbibliothek.
1750 1947 2716 2004 Seit Mai besitzt Oesterreich die größte Esperantobibliothek
1655 1994 2715 2048 der Erde, unsere Nationalbibliothek besitzt gegen 20,000
1652 2036 2715 2080 Bände in der Sprache vom grünen Stern, damit ein neues
1661 2077 2717 2125 Mittel, die Weltbewegung der Zamenhofschen Erfindung für
1655 2124 2719 2171 Wien zu interessieren und wissenschaftlich in Wien zu konzen¬
1655 2157 2713 2205 trieren. Diese interessante und wertvolle Bereicherung erfährt
1661 2196 2717 2244 die Nationalbibliothek durch folgenden Vorgang: Zu Ostern
1661 2234 2713 2282 hat, wie alljährlich, die Leitung des Esperanto-Weltbundes
1661 2272 2717 2325 in Genf getagt. Da der Leiter der Schweizer Bureaus
1661 2314 2715 2365 gestorben war, wurde eine Verlegung der Zentralkanzlei
1657 2354 2716 2397 beschlossen, und zwar wird sich ab 15. Mai das Herz des
1661 2390 2717 2437 Weltbundes in London befinden, schon weil England trotz
1666 2429 2716 2484 seiner angeblichen Abneigung gegen neue oder überhaupt
1661 2466 2717 2516 nicht angelscher Sprachen als einer der lebhaftesten Vor¬
1661 2507 2719 2555 kämpfer des grünen Sterns sich erwiesen hat. Bei der Genfer
1657 2544 2716 2591 Sitzung haben die sechs Angehörigen der Leitung, die aus
1666 2587 2716 2635 England, der Schweiz, Frankreich, Holland, Schweden und
1661 2624 2719 2671 Oesterreich gekommen waren, die Bibliothek für sich haben
1661 2665 2719 2712 wollen. Dem Oesterreicher, der auch Gründer und Leiter des
1660 2703 2713 2749 der Nationalbibliothek angegliederten Internationalen Espe¬
1657 2749 2728 2797 rantomuseums ist, Hofrat Hugo Steiner, ist es gelungen, die
1660 2780 2721 2833 geschenkweise Delegierung nach Wien durchzusetzen. Aus
1664 2821 2726 2873 8500 Wiener Bänden nun 19,500, ein Bahnmöbelwagen
1657 2861 2715 2906 wird Ende der Woche damit anrollen, und es bleibt nur
1661 2902 2353 2955 noch die Frage der Aufstellung zu löse.
1760 2925 2713 2987 Was enthält der neue bibliothekarische Schatz? Wir
1664 2974 2721 3028 bekommen Uebersetzungen aller bedeutenden wissenschaftlichen
1656 3019 2720 3058 und belletristischen Werke aus so gut wie sämtlichen Sprachen.
1664 3056 2721 3103 Eine Aufzählung ist unmöglich, darum nur Beispiele. Wir
1661 3096 2725 3145 werden also — unter ungezählten andern — in Esperanto
1657 3127 2726 3183 besitzen: Homer, Cervantes, Shakespeare, Goethe, Schiller,
1666 3173 2725 3221 Grillparzer, Tolstoi, Münchhausen, Tagore, Bahr, Zweig,
1657 3208 2716 3256 Schnitzler, Shaw. Dann Anthologien (Auszüge von maß¬
1666 3253 2725 3302 gebenden schriftstellerischen Aseiten der Nationen) aus der
1664 3288 2726 3338 bulgarischen, katalonischen, echoslowakischen, ungarischen,
1664 3326 2720 3378 schwedischen Produktion. (Eine solche Oesterreichs ist in Vor¬
1661 3370 2721 3421 bereitung.) Wissenschaftliche Werke sind aus allen Sprachen
1657 3409 2721 3454 übersetzt, bemerkenswerterweise verhältnismäßig häufig aus
1657 3446 2720 3493 der japanischen. Selbstverständlich kommt alles aus Genf
1661 3486 2721 3539 zu uns, was die Bewegung für die Weltsprache, die längst
1657 3528 2721 3572 eine Weltbewegung geworden ist, kennzeichnet. Darunter
1657 3566 2726 3608 Briefe des Erfinders Dr. Zamenhof, dessen Sohn und Tochter,
1657 3603 2728 3654 ebenfalls beide Aerzte, im August zum Kongreß in Wien
1664 3646 2721 3692 sein werden. Für alle 27 bisherigen Kongresse gab es eine
1664 3684 2721 3737 Art von Katalogen, die auch im Anrollen sind und die nicht
1664 3720 2721 3769 nur sämtliche Reden, Veranstaltungen, Drucksorten, Kund¬
1661 3757 2721 3813 gebungen enthalten, sondern sogar Muster der Eintritts- und
1661 3801 2721 3848 Speisekarten. Meister oder Jünger des Esperanto wird es
1660 3837 2721 3893 interessieren, daß man in der Bibliothek Esperantoschlüssel
1657 3881 2721 3939 aus vierzig Sprachen findet, das heißt, winzige Wörterblicher
1664 3922 2683 3987 samt Einführungen in das Universalverständigungsmittel.
