3344 4352
221 195 1030 316 13
1255 213 1755 305 bo 44/10
140 1060 3088 1211 berühmter Autoren nur dann von den Indenwirtschaft ein Ende nehme und das Christentum, wohltätiges Schaffen im antisemitischen Geiste bekundet. Rot¬
140 1163 872 1214 heaterdirektoren abgegeben, wenn sie auf
894 1163 1722 1225 endlich zur Geltung komme. (Großer Beifall.
1998 1196 3088 1251 wendig ist auch der laute Antisemitismus. Er ist
136 1203 876 1255 Schund mit dazunehmen. Wenn wir ein
983 1211 3099 1292 Reichsratsabgeordneter Direktor Kemetter bemerkte, notwendig, um das antisemitische Gewissen immer wach¬
136 1248 872 1310 nwärtigen Theaterverhältnisse anstreben.
894 1233 1980 1314 er sei gerne in einen Verein gekommen, der sich ausdrücklich
2009 1273 3095 1328 zurufen, denn wenn dieses einmal eingeschlafen ist in den
195 1284 780 1332 schreiten, jene Theaterstücke
894 1292 1976 1340 ein antisemitischer Verein nennt. (Beifall.) Ich gehöre, sagt
2002 1306 3095 1376 Massen unserer Bevölkerung, ist es auch mit dem stillen
129 1292 868 1376 Inser Empfinden beleidigen können. Wir
894 1332 3091 1406 Redner, unserer Bewegung an, seit ich überhaupt politisch und dem verschämten Antisemitismus aus. Wir müssen
129 1362 3088 1450 igemal 50 Galeriesitze, aber die billigsten, denken gelernt habe. Ich war nie etwas anderes als ein uns ins Gedächtnis rufen: Du hast nicht nur das
132 1398 868 1457 Aufführung eines unser Gefühl beleidi¬
898 1409 3095 1483 Antisemit durch und durch. Ich habe schon als junger Recht, sondern die sittliche Pflicht, als An¬
136 1439 1976 1494 e facto unmöglich machen. Als Beispiel Student — heute kann ich es sagen, ohne zu fürchten, ge¬
1998 1468 3091 1531 gehöriger unseres Volkes Antisemit zu
129 1479 1984 1542 Verhinderung der weiteren Aufführungen maßregelt zu werden — in der Leopoldstadt agitiert, als
2009 1505 3073 1560 sein. Durch den Antisemitismus wird der Jude in
140 1520 865 1564 Eiche gelten. Die wenigen Deutsch
894 1524 1980 1579 unsere ersten Kandidaten angeschlagen waren, als die Plakat
2006 1538 3091 1601 sellschaftlicher Beziehung bekämpft, es wird ihm das Vo¬
151 1560 857 1601 Wien zu finden sind, haben es dur¬
894 1560 3080 1641 lauteten: „Arier, sammelt euch zum Kampfe gegen die dringen in der Gesellschaft erschwert, und bekämpft wir
136 1582 1972 1656 strationen dahin gebracht, daß das Stück Juden!" Damals hat man das Wort Arier noch nicht ver
1998 1623 3065 1682 eine Begleiterscheinung des Judentums, das ist das Halb
132 1630 754 1682 s Bürgertheaters abgesetzt wurde
894 1641 1976 1696 standen und von einem Kampfe gegen die Juden noch
2002 1663 3091 1719 judentum, das sich überall breit macht. Nehmen Sie ein
136 1663 868 1722 tigsten Machtmittel aber, der Verindung
894 1682 1976 1733 nichts gehört. Da haben die jüdischen Blätter geschrieben
2002 1700 3080 1752 jede Zentralstelle, überall finden sie neben dem offene
166 1715 3080 1796 und Literatur entgegenzutreten, liegt ein Unkenruf ertönt aus den dunklen Höhlen eines licht Ganzjudentum auch in erschreckender Weise das Halb¬
136 1755 868 1814 der christlichantisemitischen Presse. In
894 1759 1969 1811 scheuen Gesindels. Damals bin ich schon bis Zwischen
2006 1774 3076 1836 indentum. Das ist noch gefährlicher, als das Judentum,
140 1792 1969 1851 es keine Judenpresse mehr gibt, gibt es brücken agitieren gegangen. Ich erinnere mich noch an die
1998 1818 3080 1877 Wo das Judentum nicht einzudringen vermag, nistet sich
136 1833 3076 1914 lateragenturen, keine jüdischen Direktoren großen Versammlungen, wo der Antisemitismus geboren dieses Halbjudentum ein, welches dem Judentum die Wege
140 1869 3084 1954 sische Einflußnahme auf dem Gebiete der wurde, wie in diesem Bezirke beim Dreher, und ich kann vorbereitet. Ich bitte Sie alle, an den alten Grundsätzen
129 1906 3073 1987 rch eben, daß die Judenpresse so viel ge¬ mich noch erinnern an die kolossale Begeisterung, die damals der Bewegung festhalten zu wollen und treu zur anti¬
140 1939 3091 2031 den furchtbaren Einfluß gewonnen und geherrscht hat. Glauben Sie, daß es soweit besser geworden semitischen Fahne zu stehen. Der Antisemitismus ist ein
144 1984 865 2053 Pflicht, vor allem die christlichantisemi¬
894 1998 3080 2072 ist, daß wir keinen Grund mehr haben, Antisemiten zu so kostbares Gut, daß er uns nicht verloren gehen darf.
129 2024 283 2079 Erstützen.
894 2028 1965 2087 sein? Im Gegenteile, auf wirtschaftlichem und geistig kul
1991 2050 3076 2109 Wir müssen antisemitische Arbeit leisten, wir müssen stillen
136 2046 1244 2123 daß es auf wirtschaftlichem Gebiete noch turellem Gebiete
1284 2068 1623 2127 gibt es noch
1656 2068 1873 2138 viel zu
1991 2083 3073 2145 Antisemitismus treiben, denn nur auf diesem Wege kann
155 2109 868 2153 aber wegen der wirtschaftlichen Fragen
894 2105 3076 2186 Die Juden haben nicht nur nicht abgenommen, uns auf dem Gebiete der Literatur und Kunst geholfen
136 2138 857 2190 listigen Bedürfnisse nicht gänzlich ver¬
894 2153 3080 2226 sondern an Einfluß noch gewonnen. Eine Bewegung kann werden. Wir müssen aber auch den lauten Antisemitismus
136 2186 3073 2267 können verlangen, daß auch unsere christ nur so lange gesund genannt werden, hoffnungsvoll genannt predigen, um ein weiteres Vordringen des Judentums zu
136 2226 1958 2274 und Künstler zum Durchbruche gelangen werden, so lange sie noch auf den alten Wurzeln ihres Be¬
1984 2248 3073 2300 erschweren. Der Jude ist ja sehr zudringlich. Neulich bei
155 2260 861 2311 ssen, daß, wenn der Ruf zur Abwehr
887 2267 3080 2340 standes bleibt, und eine der wichtigsten dieser Wurzeln ist einem Rout hat sich ein jüdischer Vertreter der Presse zu
155 2304 1965 2352 die ganzen Kräfte einsetzen wird, von der Antisemitismus. Diesen Standpunkt dürfen wir niemal
1991 2322 3069 2388 einem bekannten Abgeordneten geäußert: „Was haben Sie
132 2333 1052 2385 selt: „Dem deutschchristlichen Volke eine aufgeben
1082 2355 3069 2429 Ich will aber auch sagen, es gibt nur einen denn von Ihrem Antisemitismus, Sie können ja nichts
118 2385 3069 2466 unst!" (Langanhaltender, stürmischer logischen Antisemitismus, das ist der Rassenantisemitismus, ausrichten; schen Sie dorthin, dahin, überall finden Sie
891 2421 3069 2495 (Stürmischer Beifall.) Die Konfession und Religion hat die Vertreter des Judentums." Lassen wir uns aber durch
118 2436 3069 2539 Inde Diskussion gestaltete sich sehr inter mit dem Antisemitismus wenig zu tun, er ist eine nationale solche Reden nicht abschrecken und hoffen wir, daß es noch
121 2491 1965 2554 Redner schilderte der Obmann der Orts=Pflicht, und wer sein Volk wahrhaft liebt und Verständnis
1987 2521 3069 2576 möglich ist, das Judentum niederzuringen. Es wird möglich
129 2528 861 2580 ses der Lehrer und Schulfreunde, Ober¬
883 2532 3073 2624 für sein Volksbewußtsein hat, muß Antisemit sein. Vielfach sein, wenn das christliche Volk einig bleibt und mutig und
121 2561 3065 2661 Die Zurücksetzung österreichischer Erfinder glaubt man, es sei nicht nobel, Antisemit zu sein, man nennt treu hoch hält die alte Fahne des Antisemitismus. (Lang¬
132 2616 857 2661 errichtsplane selbst höherer Lehranstalten
887 2616 2580 2686 den Antisemitismus die Schmach des IX. Jahrhunderts, anhaltender, stürmischer Beifall.
132 2653 854 2697 lehrt, daß Benjamin Franklin der Er
894 2650 1958 2705 Ich frage, kann man es als ein rohes Symptom der mangel
2068 2642 3062 2731 Professor Gottinger vom akademischen Lese= und
132 2686 3062 2771 iters sei, während derselbe eigentlich von haften Bildung betrachten, wenn Deutsche, Slawen, oder Redevereine christlichdeutscher Studenten ergänzte die Aus¬
129 2734 3062 2808 ensermönche namens Prokop Diwisch aus Romanen auf bedrohlem Gebiete Angriffe abwehren? Es führungen des Referenten und forderte gleichfalls zur leb¬
125 2767 1965 2823 sen wurde. Aehnlich verhält es sich mit ist allen erlaubt; nur dann, wenn es sich um den Juden
1987 2789 2885 2837 haften Unterstützung der christlichen Presse auf.
2911 2800 3065 2848 worauf
166 2800 1965 2859 Nähmaschine, als welcher der Wiener handelt, ist es ein Zeichen mangelhafter Bildung. Wenn
1987 2815 3058 2885 Chefredakteur Puchstein an der Hand des Theaterzettel
121 2848 1954 2907 leidermeister Madersperger zu betrachten es dem Amerikaner gestattet ist, die gelbe Rasse abzu
1984 2867 3058 2922 die Unhaltbarkeit der Zustände an unseren Theatern und
121 2878 1958 2937 ein gelehrt wird, der Erfinder derselben wehren, weil sie ihm schädlich ist, so ist es auch unser
1984 2911 3069 2966 ihre sittlichen Gefahren darlegte. Nachdem noch Herr Kropf
140 2922 868 2970 Howe aus New-York. Aus diesen Fällen
891 2926 1961 2981 Pflicht, der sehr schädlichen Judenrasse Einhalt zu gebieten
1984 2951 3065 3007 gesprochen, begrüßte Abgeordneter Prochazka die Ver¬
125 2955 3065 3043 ch, daß eine gewisse Tendenz darinnen Ich habe in den letzten Versammlungen immer über drei anstaltung solcher Vortragsabende, deren Wiederholung er
121 3003 857 3047 chertum möglichst zurückzusetzen. Aehnlich
880 3007 3065 3080 Arten des Antisemitismus gesprochen, den verschämten, den anregte. Schließlich beantragte er eine Resolution, in
125 3043 3054 3117 ratur. Da gibt es viele Lehrbücher, in stillen und den lauten. Der verschämte Antisemitismus ist welcher dem Reichsratsabgeordneten Schmid die Zustim¬
121 3076 1958 3132 de erklärt werden, aber von Johann Nep. allenthalben vorhanden. Das antisemitische Schatgefühl is
1980 3106 3054 3157 mung zu seinem Antrage betreffend die Feststellung des
118 3124 1961 3168 briel Seidl ist keine Rede. Bezüglich der auch im Abgeordnetenhause zu bemerken, denn wäre dieses
1991 3143 3058 3194 ziffermäßigen Verhältnisses der jüdischen und christlichen
136 3157 3062 3238 Literaturgeschichte gilt dasselbe. Auf antisemitische Schamgefühl nicht vorhanden, säßen Hock, Mittelschüler ausgesprochen und zugleich der Erwartung
125 3183 1954 3249 he Anzahl von Seiten verschwendet, die Ofner und Kuranda nicht so still beieinander. Heiterlei
1984 3220 3054 3275 Raum gegeben wird, daß die Mitglieder des Budgetaus¬
132 3227 854 3279 licht abwendig sind, während auf Grill
880 3238 1954 3290 und Beifall.) Es ist das antisemitische Schamgefühl, da¬
1987 3257 3054 3319 schusses, welche diesem Antrag zugestimmt haben, auch auf
125 3279 3065 3352 sen ganze fünf Zeilen entfielen. Es ist die Herren abweist. Damit dürfen wir es aber nicht genug ihrem Standpunkte beharren werden. Die Resolution wurde
129 3312 846 3360 matisch das christliche Oesterreich benach
891 3319 1954 3364 sein lassen. Der stille Antisemitismus ist derjenige, de
1980 3338 3062 3393 einstimmig angenommen und, nachdem noch Herr Koller
132 3352 1954 3404 sieht also deutlich, wie auf dem Gebiete auf dem Wege der Gesetzgebung, des gesellschaftlichen Lebens
1976 3382 3069 3456 gesprochen, die Versammlung mit Da vorten des Ver¬
129 3389 861 3437 ratur gewirtschaftet wird. Unsere Aufgabe
880 3393 2683 3500 des literarischen und Kunstlebens gegen die Einflüsse des einsobmannes Spuller geschlossen.
136 3426 857 3474 itischen Vereinen aufklärend zu wirken
883 3437 1958 3481 Judentums ankämpfen, und da gibt es viele Arbeit zu tun
144 3463 1980 3536 fordern, daß es anderes wird, daß die Das nenne ich den stillen Antisemitismus, der sich durch
