3344 4352
190 164 576 271 13. Mis.
643 173 899 275 an
1242 177 1670 274 box 44/9
1904 290 2726 379 CASINOS IN OSTERREICH
1995 359 2631 431 Baden / Salzburg Semmering
1900 406 2359 465 Roulette — Baccara
2415 408 2724 478 Chemin de fer
1900 475 2727 538 Österreichische Casino A. G.
1898 518 2727 588 Wien III, Schwarzenbergplatz 5a
1890 625 2342 709 „OBSERVER
2128 706 2727 763 1. österr. behördlich konzessioniertes
2131 746 2718 802 Unternehmen für Zeitungs-Ausschnitte
2125 782 2727 840 Wien 1, Wollzeile 11, Telephon R-23-0-43
1881 931 2236 1007 Ausschnitt aus:
2333 1043 2683 1162 Reichen: Wie
1886 1155 1995 1214 vom
2282 1188 2549 1311 31. Okt.
1827 1325 2788 1412 70 Jahre Akademisches
2071 1416 2574 1529 Gymnasium.
1824 1510 2880 1592 Am 31. d. sind 70 Jahre vergangen, seit das vom
1750 1582 2875 1639 Dombaumeister Friedrich Schmidt geschaffene Gebäude
1747 1627 2880 1683 des Akademischen Gymnasiums seiner Bestimmung über¬
1747 1670 2877 1723 geben wurde. Die Schule selbst ist bedeutend älter; sie
1747 1712 2867 1761 wurde seit 1622 von den Jesuiten in engster Verbindung
1750 1756 2877 1807 mit der Universität geführt — aus jener Zeit stammt
1747 1800 2881 1848 der Name „Akademisches“ Gymnasium — und 1852 vom
1750 1843 2162 1894 Staate übernommen.
1828 1881 2877 1941 Die Anstalt begeht am Samstag ihr Jubiläum mit
1739 1923 2790 1985 der Enthüllung und Weihe einer Heldengedenktafel
1740 1971 2867 2024 Ehren der im Kriege gefallenen vier Lehrer und
1744 2008 2877 2069 54 Schüler. Um 9 Uhr zelebriert Kardinal Erzbischof
1747 2055 2872 2108 Dr. Innitzer im Festsaal der Anstalt eine hl. Messe; der
1736 2102 2880 2147 auf 10 Uhr festgesetzten Festversammlung folgt um
1750 2141 2871 2194 11 Uhr die Weihe der Heldengedenktafel durch Kardinal
1747 2185 2877 2245 Innitzer. Um 20 Uhr werden sich die ehemaligen Schüler
1740 2225 2798 2282 der Anstalt zu einem Wiedersehensfeste versammeln.
1813 2266 2867 2329 Die Feier ist mit einer Ausstellung historisch
1743 2298 2867 2368 interessanter Objekte verbunden, die die Ge¬
1749 2355 2875 2423 schichte der Anstalt illustrieren sollen: alte Kodizes,
1744 2399 2871 2450 Archivbestände der Anstalt, Kataloge mit den Namen be¬
1739 2447 2874 2509 rühmter Schüler. In der 1. „Humanitätsklasse des
1743 2516 2858 2574 Jahres 1803 taucht der Name eines gewissen Franz
1736 2563 2861 2606 Schubert auf; er hat in Mathematik nicht eben gut
1731 2604 2858 2650 abgeschnitten, verliert sein Stipendium und kann nicht
1731 2644 2858 2694 weiterstudieren. Das „Nichtgenügend“ aus Mathematik
1729 2690 2858 2738 hat seinen Melodienreichtum nicht geschmälert. 1813 sitzt
1736 2736 2861 2783 Nestroy in der 3. „Grammatikalklasse“. Der damals
1744 2777 2867 2827 Zwölfjährige hatte durchwegs Einser, nur aus Sitten
1736 2818 2858 2870 hatte er sich einen Zweier geholt. Aus dem Jahre 1892
1741 2864 2860 2915 stammt ein Gruppenbild mit Hugo v. Hofmannsthal;
1729 2908 2858 2959 das Maturaprotokoll desselben Jahres bezeichnet ihn als
1729 2945 2861 2994 Vorzugsschüler. Ein altehrwürdiger Foliant 1775 hand¬
1744 2991 2864 3046 schriftlich in lateinischer Sprache begonnen und bis 1858
1731 3032 2857 3091 unausgesetzt weiterbearbeitet, schildert die Aera der
1739 3081 2858 3133 Piaristenpatres — durchaus Zeugnisse, die beweisen,
1729 3119 2858 3172 daß die Geschichte des Akademischen Gymnasiums mit der
1723 3173 2523 3229 des geistigen Wiens eng verwachsen ist.
1833 3201 2858 3260 Fast unübersehbar ist die Zahl der bedeutenden
1726 3245 2855 3303 Männer, die aus der Anstalt hervorgegangen sind:
1731 3300 2858 3352 Kardinal Rauscher; die Dichter und die Komponisten Franz
1726 3340 2855 3387 Schubert, Hellmesberger, Deinhardstein, Castelli, Bauern¬
1736 3382 2855 3439 feld, Seidl, Nestroy, Hugo v. Hofmannsthal, Schnitzler
1726 3423 2235 3484 und Peter Altenberg;
2278 3427 2855 3481 die Staatsmänner asse¬
1731 3470 2857 3526 Schmerling, v. Plener, Ministerpräsident v. Beck, Alt¬
1731 3509 2857 3561 bundeskanzler Dr. Hainisch, Altpräsident der tschecho¬
1736 3557 2850 3611 slowakischen Republik Masaryk, Graf Thun=Hohenstein,
1726 3600 2841 3647 Botschafter Dumba, Bürgermeister Prix, Minister Geß¬
1729 3638 2847 3691 mann, Vizebürgermeister Porzer, Gesandter Dr. Frank,
1723 3687 2852 3737 Freiherr v. Schießl; die Gelehrten Franz Exner, Hyrtl,
1726 3731 2847 3778 Karajan, Littrow, Unger, der Präsident der Akademie der
1736 3772 2844 3824 Wissenschaften Prof. Dr. Redlich, Wilhelm Scherer,
1731 3808 2847 3871 Freiherr v. Schey, Schenkl, Robert v. Lieben, Meinung,
1729 3857 2841 3906 Hauler, Fournier, Escherich, Ministerialrat Dr. Wilfling,
1726 3902 2851 3952 Oberlandesgerichtspräsident Dr. Leonhard, der Komponist
1726 3941 2205 4023 Julius Bittner u. v. a.
