3436 4352
195 237 362 353 13.
383 240 1060 383 Miscellaneous
1248 263 1679 377 box 44/9
838 742 1802 943 EN
838 880 1784 991 I. österr. behördl. konzessioniertes Unternehmen für
1126 943 1503 1003 Zeitungs-Ausschnitte
979 961 1644 1087 WIEN, I., WOLLEILE 11
823 1141 1775 1257 Ausschnitt aus: „NEUES WIENER JOURNAL
554 1141 766 1260 -
653 1290 751 1398 .
1203 1305 1554 1434 17 APR.
805 1314 922 1419 von
772 1599 1697 1742 Georg=Reimers Erinnerungen.
1195 1718 1293 1796 Von
1111 1763 1368 1865 M. K. F.
745 1805 1823 1925 „Sie kommt nicht wieder“, heißt es in Schnitzlers „Liebelei“
626 1868 1829 1970 und alle, die nun todtraurig von Georg Reimers letzten Abschied
632 1931 1820 2018 nehmen, empfinden ungefähr das gleiche: sie kommt nicht wieder
632 1973 1820 2072 die eigene Jugend, die mit Georg Reimers ins Grab sinkt. „Der
632 2024 1823 2120 Reimers“ — ihm galt die erste leidenschaftliche und doch schüchterne
635 2069 1823 2161 Liebe, die ersten, ach, wie schlechten, Verse waren ihm gewidmet.
623 2123 1817 2215 Nicht nur bei den kleinen Mädchen; auch die Herren Gymnasiasten
623 2167 1817 2260 verschlangen seinen Namen auf Butterbrot und schwärmten für
632 2209 1820 2302 Georg Reimers, den strahlendsten aller Helden. Alle liebten seine
620 2263 1817 2350 Ritter und Helden, und wenn er den herrlich draufgängerischen
629 2311 1814 2401 Percy Heißsporn etwa, den in goldener Rüstung schimmernden
620 2359 1829 2476 Sigismund („Das Leben, ein Traum"), den Waffenmeister Marcel
596 2416 2997 2602 de Prie in Wiener oder den lebensfrohen Maler in dem ein Wort zugesellt wurde, besserte Hofrat Reimers seine
596 2539 2482 2637 längst vergessenen Lustspiel „Renaissance“ spielte, dann wurde der Scherze auch an „Max und Moritz"
599 2587 1781 2646 unerreichbar scheinende Wunsch wach, „den Reimers“ kennen
2161 2608 2643 2697 Blühende Manteltaschen.
605 2632 1778 2700 zulernen. Und wo er sich zeigte, bildeten die Umstehenden unwill
602 2682 1772 2742 kürlich eine Art Ehrenspalier: bei den Klosterspielen der Schotten
1910 2667 2994 2754 Als Georg Reimers vor Jahresfrist an seinem 75. Geburts¬
593 2718 1781 2817 bei Ausstellungen, auf Bällen oder auch nur bei zufälliger
1805 2718 3000 2793 tag, vom Publikum stürmisch bejubelt, eine seiner liebens¬
599 2766 1150 2859 Begegnungen auf der Straße.
1802 2772 3000 2841 wertesten Rollen, den alten, gütig=weisen Scharfrichter im
1805 2835 2988 2892 „Schelm von Bergen" spielte, hatten sich nach der Vorstellung bein
877 2826 1509 2904 Der Gimpel des Herrn Hofrates.
1802 2874 2997 2937 Bühnentürl die Reimers=Enthusiasten ein Stelldichein gegeben.
704 2895 1781 2967 Nur wenige kannten den privaten Georg Reimers, von den
1802 2913 3000 2991 Es war ein seltsamer Anblick, der sich allen bot: um die vielen
596 2916 1778 3015 manch seiner Zug zu erzählen wäre. In seinem Arbeitszimme
1805 2961 2997 3030 Blumen nicht nach Hause tragen zu müssen, hatte er sie einfach
599 2991 2994 3090 stand in einem Käfig ein Gimpel, ein nicht gerade freundlicher eingesteckt. Und so blühten aus allen Rocktaschen und Knopf¬
599 3045 2811 3161 Geselle; doch wenn Georg Reimers allmorgendlich an das Bauer löchern Palmkätzchen, Veilchen, Primeln und Flieder.
593 3090 1790 3164 trat und mit dem ganzen Wohlklang seiner unvergeßlich schönen
2063 3111 2730 3194 Der Wachmann beim Bühnentürl.
596 3131 1775 3212 Stimme fragte: „Guten Morgen, mein Junge, wie hast du ge¬
1904 3164 2994 3245 Vor sieben Monaten, an seinem Jubiläumsabend, lud er in
608 3182 1775 3251 schlafen?", da schmetterte der Kleine sein schönstes Lied als Dan
1808 3218 2994 3284 einer Ansprache alle Anwesenden zum nächsten Jubiläum ein.
605 3233 1778 3296 für diesen täglichen Gruß. Um die Weihnachtszeit schloß der klein¬
1799 3272 2994 3332 Unter der Nachwirkung des Festrausches, in der Vorfreude der
593 3284 1775 3350 Vogel für immer die Augen, und alle Freundinnen und Ver
1808 3320 2991 3380 kommenden Reimers=Feste und vielleicht, um auch diesen Abend
596 3332 1781 3395 ehrerinnen des Hauses Reimers wollten sich mit einer gefiederter
1805 3368 2991 3434 noch irgendwie zu feiern, warteten seine Getreuen scharenweise
593 3371 2994 3485 lebendigen Gabe einstellen — zum Glück hat Frau Hofrat Reimers beim Bühnentürl. Seltsamer, überraschender Anblick von einem
596 3428 1781 3506 rechtzeitig von dieser geplanten Ueberraschung erfahren und ab¬
1802 3464 3000 3536 Wachmann geführt, verließ der Jubilar das Theater. Der Anblick
590 3479 1575 3575 gewinkt, denn sonst gliche die Wohnung einer Voliere.
1802 3506 2988 3578 der unzähligen Wartenden wirkte auf Reimers ein wenig be¬
1021 3527 1362 3619 Max und Moritz.
1799 3563 2997 3619 ängstigend und er hatte Angst, nicht heil und ganz in seine
1805 3604 2985 3664 Wohnung hinübergelangen zu können. Deshalb mußte der dienst¬
698 3581 1775 3673 Eine Freundin des Hauses besaß einen süßen, kleinen
593 3649 2841 3730 sprechenden Wellensittich, den Maxi, den Frau Hofrat Reimers habende Wachtposten dem Gefeierten einen Weg bahnen.
593 3703 1778 3766 bei ihren gelegentlichen Besuchen immer sehr bewunderte. Auch
596 3754 1778 3817 Georg Reimers interessierte sich für dieses sprechende klein¬
1895 3727 2991 3820 Im Burgtheater muß mit Rücksicht auf das
587 3799 1775 3871 Wunder und so oft er seine Herrin sah, sagte er mit dem hin
1802 3796 2994 3871 morgen Samstag stattfindende Begräbnis des Hof¬
590 3856 1772 3916 reißendsten Ernst, sehr zum Gaudium aller Umstehenden: „Ih
1805 3853 2988 3916 schauspielers Hofrat Georg Reimers die für den genannten
593 3883 2988 3976 habt also einen Vogel?“ Dann nach einer wirkungsvoll ein Tag angesetzte Schülerabonnementvorstellung, zweiter Zyklus, auf
593 3946 2985 4030 geschalteten Pause: „Er soll ja ein wahres Unikum an Gescheit Mittwoch den 6. Mai („Der Verschwender, Beginn 15 Uhr) ver¬
593 3991 2090 4086 heit sein, ich werde ihn besuchen kommen." Als dem Maxi dann schoben werden.
