3344 4352
216 187 389 295 13.
1274 202 1753 299 box 44/10
421 198 1090 306 s
417 1162 3300 1231 werden die Stücke berühmter Autoren nur dann von den Judenwirtschaft ein Ende nehme und das Christentum wohltätiges Schaffen im antisemitisch¬
414 1209 1508 1252 Agenten an die Theaterdirektoren abgegeben, wenn sie auch
1529 1202 2354 1263 endlich zur Geltung komme. (Großer Beifall.
2631 1220 3293 1263 wendig ist auch der laute Anti¬
425 1249 1501 1296 noch einen großen Schund mit dazunehmen. Wenn wir ein
1609 1231 2602 1292 Reichsratsabgeordneter Direktor Kemetter bemerkte
2631 1252 3275 1314 notwendig, um das antisemitische
417 1285 1501 1332 Besserung der gegenwärtigen Theaterverhältnisse anstreben
1529 1274 2605 1335 er sei gerne in einen Verein gekommen, der sich ausdrücklich
2634 1296 3282 1350 zurufen, denn wenn dieses einmal
421 1324 1396 1368 müßten wir dazu schreiten, jene Theaterstück
1526 1332 3296 1378 ein antisemitischer Verein nennt. (Beifall.) Ich gehöre, sagte Massen unserer Bevölkerung, ist es
421 1360 2602 1411 boykottieren, die unser Empfinden beleidigen können. Wir Redner, unserer Bewegung an, seit ich überhaupt politisch
2631 1371 3300 1418 und dem verschämten Antisemitism
414 1396 1501 1447 müßten einfach einigemal 50 Galeriesitze, aber die billigsten
1526 1404 3286 1447 denken gelernt habe. Ich war nie etwas anderes als ein uns ins Gedächtnis rufen: Du
428 1443 1493 1486 kaufen und die Aufführung eines unser Gefühl beleidi¬
1529 1443 3296 1501 Antisemit durch und durch. Ich habe schon als junger Recht, sondern die sittlich
417 1475 1497 1526 digenden Stückes de facto unmöglich machen. Als Beispie
1526 1483 3289 1526 Student — heute kann ich es sagen, ohne zu fürchten, ge¬ gehöriger unseres Volke
421 1519 2605 1565 hiefür kann die Verhinderung der weiteren Aufführungen maßregelt zu werden — in der Leopoldstadt agitiert, al¬
2649 1515 3275 1569 sein. Durch den Antisemitismus
421 1562 1501 1605 der „Bismarck Eiche gelten. Die wenigen Deutsch
1526 1558 2613 1612 unsere ersten Kandidaten angeschlagen waren, als die Plakate
2634 1565 3300 1609 sellschaftlicher Beziehung bekämpft,
425 1601 1501 1641 nationalen, die in Wien zu finden sind, haben es durch
1526 1598 3296 1648 lauteten: „Arier, sammelt euch zum Kampfe gegen die dringen in der Gesellschaft erschwe¬
1537 1630 2602 1684 Juden!“ Damals hat man das Wort Arier noch nicht ver
421 1634 1508 1688 wiederholte Demonstrationen dahin gebracht, daß das Stück
2627 1637 3300 1691 eine Begleiterscheinung des Judentu
1529 1673 2609 1724 standen und von einem Kampfe gegen die Juden noch
410 1677 1389 1738 von Repertoire des Bürgertheaters abgesetzt wurde
2638 1677 3311 1727 judentum, das sich überall breit ma¬
1526 1720 3268 1771 nichts gehört. Da haben die jüdischen Blätter geschrieben, jede Zentralstelle, überall finden
507 1709 1501 1785 Eines der wichtigsten Machtmittel aber, der Verindung
414 1735 2598 1807 in Theater, Kunst und Literatur entgegenzutreten, liegt ein Unkenruf ertönt aus den dunklen Höhlen eines licht
2623 1753 3296 1817 Ganzjudentum auch in erschrecke
1537 1789 2613 1835 scheuen Gesindels. Damals bin ich schon bis Zwischen¬
425 1792 1501 1843 in der Unterstützung der christlichantisemitischen Presse. In
2638 1799 3300 1850 judentum. Das ist noch gefährliche
414 1832 3307 1886 dem Momente, wo es keine Judenpresse mehr gibt, gibt es brücken agitieren gegangen. Ich erinnere mich noch an die Wo das Judentum nicht einzudring
1529 1875 3307 1925 großen Versammlungen, wo der Antisemitismus geboren dieses Halbjudentum ein, welches der
425 1871 1501 1918 keine jüdischen Theateragenturen, keine jüdischen Direktoren
1526 1907 2609 1954 wurde, wie in diesem Bezirke beim Dreher, und ich kann
421 1907 1504 1958 und auch keine jüdische Einflußnahme auf dem Gebiete der
2634 1915 3286 1961 vorbereitet. Ich bitte Sie alle, an
421 1951 1497 1997 Kunst mehr. Dadurch eben, daß die Judenpresse so viel ge¬
1526 1954 3304 2008 mich noch erinnern an die kolossale Begeisterung, die damals der Bewegung festhalten zu wollen
425 1987 2605 2033 lesen wird, hat sie den furchtbaren Einfluß gewonnen und geherrscht hat. Glauben Sie, daß es soweit besser geworden
2638 1994 3264 2048 semitischen Fahne zu stehen. Der
1529 2019 3311 2084 ist, daß wir keinen Grund mehr haben, Antisemiten zu so kostbares Gut, daß er uns nicht
414 2022 1508 2080 daher ist es unsere Pflicht, vor allem die christlichantisemi¬
1529 2066 3311 2123 sein? Im Gegenteile, auf wirtschaftlichem und geistig kul= Wir müssen antisemitische Arbeit leis
414 2073 921 2123 tische Presse zu unterstützen.
1735 2102 2372 2166 Gebiete gibt es noch viel
486 2080 1681 2166 Es ist richtig, daß es auf wirtschaftlichem Gebiete noch turellen
2530 2109 3289 2152 tun. Antisemitismus treiben, denn nur
1645 2123 3296 2199 Juden haben nicht nur nicht abgenommen, uns auf dem Gebiete der Literatu
414 2141 1511 2195 viel zu leisten gibt, aber wegen der wirtschaftlichen Fragen
1533 2181 3293 2235 sondern an Einfluß noch gewonnen. Eine Bewegung kann werden. Wir müssen aber auch den
414 2184 1493 2231 dürfen wir die geistigen Bedürfnisse nicht gänzlich ver¬
1526 2224 3325 2285 nur so lange gesund genannt werden, hoffnungsvoll genannt predigen, um ein weiteres Vordring¬
414 2220 1501 2271 nachlässigen. Wir können verlangen, daß auch unsere christ
1526 2260 2602 2303 werden, so lange sie noch auf den alten Wurzeln ihres Be¬
421 2264 1501 2307 lichen Schriftsteller und Künstler zum Durchbruche gelangen
2623 2264 3304 2314 erschweren. Der Jude ist ja sehr
1529 2303 3300 2350 standes bleibt, und eine der wichtigsten dieser Wurzeln ist einem Rout hat sich ein jüdischer
425 2307 1504 2350 Es ist daher zu hoffen, daß, wenn der Ruf zur Abwehr
1526 2336 3304 2397 der Antisemitismus. Diesen Standpunkt dürfen wir niemals einem bekannten Abgeordneten geäus
417 2339 1501 2386 ergehen wird, alles die ganzen Kräfte einsetzen wird, vor
414 2382 3278 2429 dem Gedanken beseelt: „Dem deutschchristlichen Volke eine aufgeben. Ich will aber auch sagen, es gibt nur einen denn von Ihrem Antisemitismus,
417 2411 2602 2465 deutschchristliche Kunst!“ (Langanhaltender, stürmischer logischen Antisemitismus, das ist der Rassenantisemitismus
2627 2426 3296 2465 ausrichten; schauen Sie dorthin, da
1540 2458 3304 2501 (Stürmischer Beifall.) Die Konfession und Religion hat die Vertreter des Judentums." Lasse
425 2462 565 2526 Beifall.
1526 2501 3289 2537 mit dem Antisemitismus wenig zu tun, er ist eine nationale solche Reden nicht abschrecken und
515 2476 1493 2541 Die nun folgende Diskussion gestaltete sich sehr inter
1533 2534 3304 2584 Pflicht, und wer sein Volk wahrhaft liebt und Verständnis möglich ist, das Judentum niederzuri
425 2530 1501 2584 essant. Als erster Redner schilderte der Obmann der Orts
1533 2570 2613 2616 für sein Volksbewußtsein hat, muß Antisemit sein. Vielfach
428 2573 1504 2631 gruppe des Vereines der Lehrer und Schulfreunde, Ober¬
2638 2577 3300 2634 sein, wenn das christliche Volk einig
425 2613 3275 2681 lehrer Mayer, die Zurücksetzung österreichischer Erfinder geht man, es sei nicht nobel, Antisemit zu sein, man nennt treu hoch hält die alte Fahne des
1533 2652 3224 2703 den Antisemitismus die Schmach des XX. Jahrhunderts, anhaltender, stürmischer Beifall.
428 2649 1508 2699 und Dichter im Unterrichtsplane selbst höherer Lehranstalten
1537 2692 2602 2735 Ich frage, kann man es als ein rohes Symptom der mangel
421 2688 1497 2735 Allgemein w. gelehrt, daß Benjamin Franklin der Er
2713 2699 3293 2739 Professor Gottinger vom
432 2731 3300 2782 finder des Blitzableiters sei, während derselbe eigentlich von haften Bildung betrachten, wenn Deutsche, Slawen oder Redevereine christlichdeutscher Studen
1537 2760 2613 2811 Romanen auf bedrohtem Gebiete Angriffe abwehren? Es
428 2767 1508 2818 einem Prämonstratensermönche namens Prokop Tiwisch aus
2638 2778 3293 2836 führungen des Referenten und sord¬
1533 2807 3293 2857 ist allen erlaubt; nur dann, wenn es sich um den Juden haften Unterstützung der christlichen
432 2811 1508 2854 Klosterbruck erfunden wurde. Aehnlich verhält es sich mit
428 2839 3296 2897 der Erfindung der Nähmaschine, als welcher der Wiener handelt, ist es ein Zeichen mangelhafter Bildung. Wenn Chefredakteur Puchstein an der
425 2883 2598 2937 Bürger und Schneidermeister Madersperger zu betrachten es dem Amerikaner gestattet ist, die gelbe Rasse abzu
2631 2890 3278 2937 die Unhaltbarkeit der Zustände an
432 2915 2609 2973 ist, während allgemein gelehrt wird, der Erfinder derselben wehren, weil sie ihm schädlich ist, so ist es auch unsere
2631 2929 3300 2991 ihre sittlichen Gefahren darlegte. Nach
432 2955 2605 3016 sei der Amerikaner Howe aus New-York. Aus diesen Fällen Pflicht, der sehr schädlichen Judenrasse Einhalt zu gebieten
2638 2969 3275 3034 gesprochen, begrüßte Abgeordneter
428 2994 2613 3055 zeigt es sich deutlich, daß eine gewisse Tendenz darinnen Ich habe in den letzten Versammlungen immer über drei
2634 3012 3264 3070 anstaltung solcher Vortragsabende,
1537 3048 3296 3091 Arten des Antisemitismus gesprochen, den verschämten, den anregte. Schließlich beantragte ere
425 3041 1508 3095 liegt, das Oesterreichertum möglichst zurückzusetzen. Aehnlich
1537 3077 3282 3124 stilten und den lauten. Der verschämte Antisemitismus ist welcher dem Reichsratsabgeordneten
425 3084 1508 3135 ist es in der Literatur. Da gibt es viele Lehrbücher,
425 3109 2605 3170 welchen die Gedichte erklärt werden, aber von Johann Nep. allenthalben vorhanden. Das antisemitische Schamgefühl is
2631 3124 3296 3170 mung zu seinem Antrage betreffen
432 3149 3300 3210 Vogl und von Gabriel Seidl ist keine Rede. Bezüglich der auch im Abgeordnetenhause zu bemerken, denn wäre dieses ziffermäßigen Verhältnisses der für
425 3188 3289 3250 Kompendien der Literaturgeschichte gilt dasselbe. Auf antisemitische Schamgefühl nicht vorhanden, säßen Hock, Mittelschüler ausgesprochen und
425 3235 3300 3289 Goethe ist eine solche Anzahl von Seiten verschwendet, die Ofner und Kuranda nicht so still beieinander. (Heiterkeit Raum gegeben wird, daß die Mit¬
1526 3264 2613 3314 und Beifall.) Es ist das antisen sche Schamgefühl, das
425 3271 1501 3329 trotz seiner Größe nicht notwendig sind, während auf Grilt
2638 3278 3289 3329 schusses, welche diesem Antrage zuge
432 3307 3296 3365 parzer in demselben ganze fünf Zeilen entfielen. Es ist die Herren abweist. Damit dürfen wir es über nicht genug ihrem Standpunkte beharren werden
1540 3350 2609 3397 sein lassen. Der stille Antisemitismus ist derjenige, der
432 3347 1508 3404 klar, daß da systematisch das christliche Oesterreich benach
2631 3361 3332 3404 einstimmig angenommen und, nachdem
428 3379 2609 3444 teiligt wird. Man sieht also deutlich, wie auf dem Gebiete auf dem Wege der Gesetzgebung, des gesellschaftlichen Lebens
2634 3397 3282 3458 gesprochen, die Versammlung mit
432 3422 2609 3484 der Kunst und Literatur gewirtschaftet wird. Unsere Aufgabe des literarischen und Kunstlebens gegen die Einflüsse des
2634 3430 3296 3502 einsobmannes Spuller geschlossen
428 3466 2613 3527 ist es, in den politischen Vereinen aufklärend zu wirken Judentums ankämpfen, und da gibt es viele Arbeit zu tun
428 3502 2638 3599 und mit Macht zu fordern, daß es anderes wird, daß die Das nenne ich den stillen Antisemitismus, der sich durch
