3344 4352
1280 194 1708 293 box 44/9
230 191 1088 303 13. Miscellaneous
686 1220 1564 1348 „OBSERVER
678 1324 1640 1391 I. österr. behördl. konzessioniertes Unternehmen für
964 1369 1345 1418 Zeitungs-Ausschnitte
828 1407 1485 1480 WIEN, I., WOLLEILE 11
967 1461 1339 1519 TELEPHON R 23-0-43
671 1548 970 1635 Ausschnitt aus:
741 1641 1087 1755 Le Temps,
1117 1662 1314 1765 Paris,
500 1728 608 1836 .
675 1786 773 1850 von
915 1770 1269 1867 17.12.1936.
734 1843 1334 1946 Lettre d'Autriche.
665 1896 1200 1998 La vie à Vienne.
976 1967 1400 2041 Marcel Dunan.
601 2055 1509 2131 Les échanges de théâtre franco-autrichiens
606 2117 1546 2167 Avec le Deutsches Volkstheater, l'Odéon vien¬
569 2160 1546 2205 nois, nous abordons le domaine des échanges de
574 2202 1546 2242 théâtre franco-autrichiens. C'est là, en effet, au
574 2240 1546 2284 lieu du Burgtheater, d'abord souhaité, que la
574 2274 1546 2322 Comédie-Française est venue inaugurer cette sai¬
566 2315 1547 2363 son par la tournée attendue depuis des années et
566 2354 1543 2399 dont j’ai, en son temps, rendu compte en détail.
566 2393 1543 2434 Le Pèlerin, de Vildrac, révélait notre « théâtre
569 2433 1543 2475 d'atmosphère ». Le Jeu de l'amour et du hasard
569 2469 1540 2514 faisait comprendre à la perfection non seulement
566 2511 1543 2548 Marivaux et l'esprit français du dix-huitième siè¬
566 2552 1533 2591 cle, mais les vertus profondes de notre langue
559 2587 1543 2632 et les mérites d'une tradition artistique à bon
569 2622 1540 2670 droit illustre. La venue du ministre français de
559 2664 1533 2713 l’éducation nationale et la présence de son collè¬
559 2704 1530 2756 gue autrichien à côté du chancelier Schuschnigg
553 2743 1537 2791 chevaient de donner à cette soirée la portée
563 2775 1524 2826 d’une consécration de l’accord culturel signé quel¬
563 2816 1001 2862 ques mois auparavant.
609 2845 1534 2904 Une autre manifestation franco-autrichienne,
559 2897 1537 2941 moins sensationnelle, mais plus prolongée, a été
559 2931 1533 2972 l'adaptation par Mmes Kolb et Zuckerkandi à la
553 2966 1534 3021 Josefstadt de la fine et émouvante pièce de Jean
553 3011 1534 3052 Giraudoux la Guerre de Troie n'aura pas lieu.
552 3043 1534 3101 Le titre avait été changé : Es kommt nicht zum
553 3087 1537 3129 Krieg (On n'aura pas la guerre) est sans doute
556 3128 1527 3172 une formule dégagée de l’ironie française, qui
563 3165 1527 3213 passe à tort ou à raison pour introduisible. Mais
556 3203 1527 3245 de la même façon, bien des indications du texte
556 3241 1524 3286 avaient dû disparaître, et l’interprétation, en gé¬
554 3282 1530 3324 néral excellente, différait sensiblement de celle
566 3318 1530 3362 de Paris. M. A. Horbiger était un Hector d'une
559 3356 1527 3398 vigueur un peu germanique pour ce personnage
563 3393 1527 3446 d'Homère francisé, M. Edthofer, par contre, un
559 3428 1522 3476 lysse presque trop subtil. Priam et Paris insuf¬
554 3474 1529 3526 fisamment affranchis d'Offenbach, l'Andromaque
553 3512 1527 3556 de Kitty Stengel plutôt racinienne, Cassandre et
563 3550 1527 3595 Hélène seules — Mmes Adrienne desser et Rose
563 3587 1527 3629 Stradner — rendaient pleinement Giraudoux au
566 3630 1527 3672 public viennois, qui est un de ses lecteurs les
563 3660 1516 3710 plus fidèles. L'auteur de Suzanne et le Pacifique
563 3683 1540 3772 qu'aima particulièrement Arthur Schnitzler, était
553 3742 1485 3801 venu pour la première et fut cordialement fêté.
1978 1369 2746 1569 Badgasten
1974 1633 2379 1734 Heilkräftigste
1976 1714 2750 1814 Radium herme der Welt
2207 1822 2754 1913 Verlangen Sie Prospekte
2207 1894 2749 1968 von der Kurkommission!
2207 2064 2706 2173 „OBSERVER
2207 2165 2740 2231 Erstes österreichisches be¬
2205 2231 2743 2292 hördlich konzessioniertes
2208 2277 2497 2341 Unternehmen
2207 2325 2740 2399 für Zeitungsausschnitte
1971 2360 2233 2452 WIEN, I.,
1968 2438 2744 2527 Wollzeile 11. Telephon R 23-0-43
1961 2581 2786 2673 Ausschnitt aus
2211 2652 2638 2751 2.DEZ. 95
1967 2732 2660 2815 vom Oesterr. Bücher.
2475 2819 2657 2900 ER.
1857 2850 2267 2955 An den Zsolnay¬
1882 2941 3007 3012 Verlag reiht sich der neugegründete Verlag Bermann-Fischer
1884 2986 3011 3052 bereits jetzt würdig an: er hat aus den Beständen des Berliner
1891 3028 3011 3121 S.-Fischer=Verlages das Gesamtwerk Hofmannsthals
1891 3084 3007 3160 und Schnitzlers übernommen und mit Hans
1894 3151 3012 3216 v. Hammersteins sehr erfolgreicher großen Erzählung
1891 3196 3014 3269 „Die gelbe Mauer sich auch zur zeitgenössischen österreichischen
1896 3243 2544 3318 Literatur vielversprechend bekannt.
