3392 4352
227 202 777 317 13. Miscell
823 270 952 311 —
1273 202 1739 315 box 44/10
1180 490 2009 580 CASINOS IN OSTERREICH
1274 563 1912 620 Baden / Salzburg / Semmering
1174 593 2011 662 Roulette — Baccara — Chemin de fer
1177 674 2005 727 Osterreichische Casino A. G.
1182 714 2011 774 Wien III, Schwarzenbergplatz 5a
1168 825 1670 922 „OBSERVER
1415 887 2005 960 1. österr. behördlich konzessioniertes
1410 950 2005 996 Unternehmen für Zeitungs-Ausschnitte
1406 990 2009 1029 Wien, Wollzeile 11, Telephon R-23-0-43
1170 1135 1509 1213 Ausschnitt aus:
1171 1353 1274 1425 vom
1141 1483 2151 1615 Praxiteles erzählt Theater¬
1368 1588 1902 1703 erinnerungen.
1362 1688 1900 1769 Besuch bei Alexander Jarray.
1585 1767 1703 1831 No¬
1430 1810 1834 1900 Gustav Tellheim.
1147 1861 2236 1939 Wenn man dem Schöpfer des kürzlich in Eisenstadt ent¬
1041 1933 2235 1997 hüllten Liszt=Denkmals gegenübersitzt, braucht man nicht zu
1044 1979 2232 2046 fürchten, einen gelehrten Vortrag über Plastik oder Skulptur
1041 2030 2227 2091 über sich ergehen lassen zu müssen, sondern wird auf das an¬
1053 2073 2227 2145 genehmste durch die Tatsache überrascht, daß Jaray ausschließlich
1041 2127 2227 2187 Theatererinnerungen zum besten gibt. Alexander Jaray ent¬
1050 2175 2227 2245 stammt einer altangesehenen Wiener Architektenfamilie, so daß
1044 2226 2232 2282 es nur zu begreiflich erscheint, daß sein Vater den Wunsch hegte,
1038 2275 2226 2336 den Sohn als Mitarbeiter in der Firma zu wissen. Dieser sagte,
1040 2333 2235 2383 um seinem alten Herrn nicht die Freude zu verderben, bereit¬
1035 2363 2236 2421 willigst zu dessen Vorschlägen ja, erbat sich aber die väterliche
1041 2414 2229 2487 Zustimmung zu der Fortsetzung seiner Studien bei Zumbusch
1047 2475 2220 2532 und Hellmer, die dem begabten Schüler ein überaus günstiges
1050 2514 2223 2596 Prognostikon für seine weitere künstlerische Laufbahn gestellt
1050 2571 1168 2645 hatten.
1153 2589 2223 2672 Doch zwei Seelen wohnten in der Brust des jungen Bild¬
1041 2654 2220 2714 hauers, in der die Liebe zur bildenden Kunst mit seiner Sehn¬
1047 2702 2227 2771 sucht nach einer erfolgreichen Bühnenkarriere einen gewaltigen
1041 2754 2227 2816 Kampf ausfocht, der schließlich mit einem Besuch endigte, den
1047 2799 2223 2862 Jaray dem seinerzeit sehr bekannten dramatischen Lehrer Pro¬
1056 2852 2229 2910 fessor Leo Friedrich abstattete, um sich bei diesem hervorragenden
1041 2911 2229 2961 Fachmann ein ungeschminktes Urteil über seine Eignung zum
1044 2947 2223 3008 Schauspieler einzuholen. Leo Friedrich, der es mit seinem Lehr¬
1041 2992 2224 3049 amt sehr genau nahm, riet Jaray, auf alle Fälle bei ihm Unter¬
1041 3043 2227 3097 richt zu nehmen, da er in dem jungen Manne den gewissen
1047 3092 2226 3149 Geniefunken entdeckt zu haben glaubte, der für die Zukunft das
1041 3146 1500 3229 Allerbeste erwarten ließ.
1326 3188 1954 3277 Siebzehn Jahre Bühnenlaufbahn.
1144 3252 2224 3325 Nach einigen Monaten eifrigen Studiums, von dem der
1041 3306 2229 3371 Herr Papa allerdings nichts wissen durfte, hatte Jaray einen
1050 3359 2224 3424 Vertrag zu Siegmund Lautenburg nach Berlin in der Tasche,
1044 3400 2218 3461 wo er als Antrittsrolle den Kalb in „Kabale und Liebe zu
1046 3455 2223 3519 spielen bekam, obwohl er insgeheim gehofft hatte, bei seinem
1044 3503 2220 3561 ersten Auftreten den Ferdinand spielen zu dürfen. Siebzehn
1050 3557 2224 3612 Jahre hindurch war Jaray mit kleinen Unterbrechungen in
1044 3601 2226 3655 Berlin tätig, beschäftigte sich aber nach wie vor in seinen Muße¬
1053 3657 2223 3710 stunden mit der Bildhauerei. Zu seinem Erstaunen erhielt er
1038 3694 2226 3754 eines Tages die Nachricht, daß ihm für die Statue einer
1044 3742 2224 3803 Somnambule der Rompreis zugesprochen worden sei, ein Um¬
1050 3791 2226 3857 stand, der ihn bewog, dem Theater vorläufig Valet zu sagen,
1041 3839 2118 3909 um sich ausschließlich als bildender Künstler zu betätigen.
1144 3890 2226 3951 Von ihm stammt das bekannte Denkmal des berühmten
1035 3936 2226 4003 Schauspielers Josef Kainz, das sich heute auf dem nach ihm be¬
1041 3991 2226 4047 nannten Kainz=Platz unweit des Türkenschanzparks erhebt. Es
1035 4035 2224 4096 ist dies das erste Monument eines darstellenden Künstlers, das
1038 4081 2229 4142 auf einem öffentlichen Platz zur Aufstellung gelangte. Da aber
1038 4139 2229 4193 die Katze bekanntlich das Mausen nicht lassen kann, führte Jaray
