3392 4352
588 169 684 241 C
241 175 1113 277 nous
1292 183 1715 274 box 44/9
1951 283 2785 376 CASINOS IN OSTERREICH
2046 361 2681 429 Baden / Salzburg Semmering
1937 408 2405 467 Roulette — Baccara
2465 416 2776 479 Chemin de fer
1944 479 2778 538 Österreichische Casino A. G.
1947 518 2775 586 Wien III, Schwarzenbergplatz 5a
1934 623 2393 710 „OBSERVER
2180 690 2773 768 1. österr. behördlich konzessioniertes
2168 754 2775 802 Unternehmen für Zeitungs-Ausschnitte
2168 785 2775 839 Wien 1, Wollzeile 11, Telephon R-23-0-43
1924 926 2276 1011 Ausschnitt aus
2553 1062 2745 1162 in
1926 1166 2048 1216 vom
2337 1184 2592 1302 31.01.
1876 1308 2833 1419 70 Jahre Akademisches
2120 1421 2614 1529 Gymnasium.
1870 1526 2922 1596 Am 31. d. sind 70 Jahre vergangen, seit das vom
1788 1583 2922 1636 Dombaumeister Friedrich Schmidt geschaffene Gebäude
1795 1627 2924 1678 des Akademischen Gymnasiums seiner Bestimmung über¬
1795 1670 2924 1718 geben wurde. Die Schule selbst ist bedeutend älter; sie
1795 1713 2918 1765 wurde seit 1622 von den Jesuiten in engster Verbindung
1788 1759 2925 1809 mit der Universität geführt — aus jener Zeit stammt
1788 1792 2929 1850 der Name „Akademisches“ Gymnasium — und 1852 vom
1786 1843 2200 1897 Staate übernommen.
1880 1887 2924 1945 Die Anstalt begeht am Samstag ihr Jubiläum mit
1791 1918 2928 1982 der Enthüllung und Weihe einer Heldengedenktafel zu
1788 1974 2915 2016 Ehren der im Kriege gefallenen vier Lehrer und
1791 2015 2921 2069 54 Schüler. Um 9 Uhr zelebriert Kardinal Erzbischof
1788 2059 2922 2106 Dr. Innitzer im Festsaal der Anstalt eine hl. Messe; der
1785 2100 2921 2147 auf 10 Uhr festgesetzten Festversammlung folgt um
1788 2148 2917 2201 11 Uhr die Weihe der Heldengedenktafel durch Kardinal
1796 2185 2917 2244 Innitzer. Um 20 Uhr werden sich die ehemaligen Schüler
1788 2225 2856 2279 der Anstalt zu einem Wiedersehensfeste versammeln.
1860 2266 2918 2336 Die Feier ist mit einer Ausstellung historisch
1788 2309 2910 2364 interessanter Objekte verbunden, die die Ge¬
1796 2356 2918 2418 schichte der Anstalt illustrieren sollen: alte Kodizes,
1786 2400 2912 2458 Archivbestände der Anstalt, Kataloge mit den Namen be¬
1786 2444 2921 2520 rühmter Schüler. In der 1. „Humanitätsklasse des
1785 2512 2910 2569 Jahres 1803 taucht der Name eines gewissen Franz
1782 2559 2907 2607 Schubert auf; er hat in Mathematik nicht eben gut
1776 2606 2907 2651 abgeschnitten, verliert sein Stipendium und kann nicht
1782 2647 2907 2694 weiterstudieren. Das „Nichtgenügend“ aus Mathematik
1778 2689 2910 2749 hat seinen Melodienreichtum nicht geschmälert. 1813 sitzt
1785 2738 2910 2786 Nestroy in der 3. „Grammatikalklasse". Der damals
1782 2776 2907 2824 Zwölfjährige hatte durchwegs Einser, nur aus Sitten
1785 2822 2905 2873 hatte er sich einen Zweier geholt. Aus dem Jahre 1892
1791 2861 2908 2918 stammt ein Gruppenbild mit Hugo v. Hofmannsthal;
1776 2908 2907 2956 das Maturaprotokoll desselben Jahres bezeichnet ihn als
1776 2949 2904 2998 Vorzugsschüler. Ein altehrwürdiger Foliant 1775 hand¬
1788 2992 2914 3047 schriftlich in lateinischer Sprache begonnen und bis 1853
1782 3043 2363 3086 unausgesetzt weiterbearbeitet,
2407 3037 2910 3097 schildert die Aera der
1779 3080 2907 3133 Piaristenpatres — durchaus Zeugnisse, die beweisen,
1779 3121 2907 3178 daß die Geschichte des Akademischen Gymnasiums mit der
1776 3165 2565 3233 des geistigen Wiens eng verwachsen ist.
1869 3206 2911 3265 Fast unübersehbar ist die Zahl der bedeutenden
1778 3246 2897 3309 Männer, die aus der Anstalt hervorgegangen sind:
1778 3299 2914 3360 Kardinal Rauscher; die Dichter und die Komponisten Franz
1779 3341 2901 3392 Schubert, Hellmesberger, Deinhardstein, Castelli, Bauern¬
1782 3381 2902 3446 feld, Seidl, Nestroy, Hugo v. Hofmannsthal, Schnitzler
1779 3424 2907 3479 und Peter Altenberg; die Staatsmänner Taffe¬
1779 3472 2901 3522 Schmerling, v. Plener, Ministerpräsident v. Beck, Alt¬
1779 3510 2893 3561 bundeskanzler Dr. Hainisch, Altpräsident der tschecho¬
1782 3554 2897 3615 slowakischen Republik Masaryk, Graf Thun=Hohenstein,
1771 3598 2897 3649 Botschafter Dumba, Bürgermeister Prix, Minister Geß¬
1779 3639 2897 3695 mann, Vizebürgermeister Porzer, Gesandter Dr. Frank,
1774 3689 2894 3743 Freiherr v. Schießl; die Gelehrten Franz Exner, Hyrtl,
1776 3732 2901 3784 Karajan, Littrow, Unger, der Präsident der Akademie der
1776 3773 2885 3825 Wissenschaften Prof. Dr. Redlich, Wilhelm Scherer,
1771 3813 2891 3874 Freiherr v. Schey, Schenkl, Robert v. Lieben, Meinung,
1776 3861 2894 3909 Hauler, Fournier, Escherich, Ministerialrat Dr. Wilfling,
1776 3905 2895 3958 Oberlandesgerichtspräsident Dr. Leonhard, der Komonist
1774 3948 2252 4012 Julius Bittner u. v. a.
