3392 4352
2068 252 3277 340 — Masken, die das Leben form
921 252 1997 359 Geheimnis der Aehnlichkeit
2079 337 2175 422 Von
1957 407 2278 518 Augustin.
422 477 3270 566 Aus sehr vielen Einzelheiten setzt sich des Menschen Antlitz Häupter die beiden Partner sind. Dann ist es meistens so, daß viel mehr zu tun, als den
318 559 3284 621 nicht zusammen. Augen und Mund, Nase und Stirn, Wangen die eine von den zwei Persönlichkeiten, die einander zum Ver= der als „Kaiserbart“ bezeich
2737 610 3270 669 wie zum Beispiel ein Hotel
318 599 2711 662 und Kinn, dazu noch die Tönung der Haut und die Farbe wechseln ähnlich sehen, eine überragende Bedeutung gewonnen
311 647 3284 710 von Haar und Augen, das ist alles. Die Ohren spielen in diesem hat, während die andere in der weiteren Oeffentlichkeit ziemlich Kunst so weit, daß sie tatsäch
318 695 2867 780 Ensemble schon keine entscheidende Rolle mehr. Und trotzdem unbekannt ist. Die eine ist berühmt, die andere aber wäre nur galten.
2826 718 3284 799 Das war anfangs nur
318 743 2711 814 hat jeder sein eigenes Gesicht, trotzdem weiß die Natur aus in ihrem engen Kreis bekannt, käme ihr nicht der Umstand
2730 766 3284 843 Koketterie, und niemand hätt
307 792 1505 851 diesen wenigen Motiven eine Unzahl von Variationen zu kom¬
2733 832 3284 895 solche Doppelgänger=Aehnlich
311 843 1509 899 ponieren. Viele, viele Millionen von Gesichtern gibt es, von
2726 884 3277 969 auch eine gewisse praktische
314 891 1502 947 verschiedenen, von persönlichen Gesichtern. Aehnlichkeiten be¬
318 936 1509 999 stehen selbstverständlich. Sie sind mehr oder weniger deutlich
2911 943 3273 1039 Die Saat des,
307 984 1505 1039 ausgeprägt, aber sie gehen meistens doch nicht so weit, daß man
2841 1025 3207 1095 Ich weiß nicht, ob
307 1036 1505 1095 in einer Ansammlung von Menschen eine bestimmte Person
2733 1050 3284 1132 einen Doppelgänger hatte. Al
307 1084 1505 1136 nicht auf den ersten Blick erkennen würde. Nur sehr selten
2744 1121 3266 1180 seinem Erdenwallen schossen
311 1132 1502 1191 passiert es, daß man auf jemanden zutritt, ihn herzlich begrüß
2733 1176 3259 1232 nach einem warmen Regen
311 1176 1502 1235 und sich damit einem sehr erstaunten Blick aussetzt, der auf
2733 1206 3284 1287 lange anhaltenden Erfolges de
311 1221 1502 1276 eine Erklärung und Entschuldigung wartet. Solche Ver¬
2730 1269 3273 1332 Viele Dutzende von Dutzend
311 1265 1509 1328 wechslungen sind, wie gesagt, nicht häufig. Ganz selten jedoch
2726 1317 3277 1369 altigen Schicksal des Lieder
307 1313 1505 1380 ist es, daß ein Mensch dem andern gleicht so „wie ein Ei dem
2730 1357 3266 1417 einfach nicht anders konnten
311 1365 1509 1424 andern", daß diese Aehnlichkeit frappant ist und zu Ver¬
2733 1409 3266 1480 gleiche Art sprießen zu lassen
311 1417 1380 1494 wechslungen geradezu herausfordert: Doppelgängertum!
2726 1461 3284 1516 brille aufzusetzen. Einige Jahr
584 1472 1228 1572 Nikolaus II. und Georg V.
2730 1509 3284 1561 in den Straßen Wiens umher
2719 1553 3270 1609 erwecken, als schnitten sie es
407 1524 1498 1613 Vermutlich das berühmteste und auffälligste Doppelgänger
2730 1605 3281 1676 wären sie eben dabei, die,
2271 1598 2563 1676 König Georg V.
1653 1594 1953 1683 Zar Nikolaus II.
303 1598 1502 1676 paar aller Zeiten waren Zar Nikolaus II. von Rußland und
1324 1657 1424 1724 .
2730 1653 2852 1735 .
1520 1650 2611 1738 zustatten, daß sie der Doppelgänger einer Berühmtheit ist
1520 1724 2700 1783 Berühmtheit dürfte natürlich von der Tatsache, daß sie noch
1516 1772 2707 1831 in einer zweiten, sozusagen inoffiziellen und apokryphen Aus¬
1520 1831 2711 1883 gabe herumläuft, kaum übermäßig erbaut sein, während der
1516 1868 2696 1927 Doppelgänger über das Gnadengeschenk einer solchen Aehnlich
1516 1920 2696 1975 keit natürlich stolz und glücklich ist und seinen Spaß daran hat
1513 1968 2700 2023 mit einem berühmten oder hochgestellten Mann verwechselt zu
1513 2012 2704 2068 werden. Der Titan Ludwig van Beethoven machte sich nicht
1513 2057 2704 2112 viel aus Popularität und persönlichen Ehrungen, während sein
1513 2108 2704 2160 Doppelgänger, der Wiener Buchdrucker Ludwig Wilhelm
1513 2153 2711 2204 Wittich, es wahrscheinlich viel beglückender empfand, wenn ihm
1513 2201 2637 2260 die Leute auf der Straße respektvoll nachblickten. Er sonnte
1513 2249 2696 2308 im Abglanz eines fremden Ruhmes. Er zog eine Aufmerksamkei
1509 2301 2707 2378 auf sich, die ihm selbst versagt geblieben wäre. Er spielte mit
1516 2349 2367 2412 einiger Absichtlichkeit den großen Beethoven.
1616 2375 2704 2460 Diese Absichtlichkeit aber ist der entscheidende Punkt. Das
1516 2434 2704 2511 Doppelgängertum läßt sich nämlich ebenso leicht verwischen,
2822 2452 3170 2526 Johannes Brahms
984 2460 1424 2534 Ludwig Wilhelm Witti
388 2456 821 2530 Ludwig van Beethoven
296 2500 1502 2574 der vor einigen Wochen verstorbene König Georg V. von
2715 2500 3284 2604 keinen von ihnen störte es me¬
303 2567 1502 2634 England. Die beiden Herrscher sahen einander ungemein ähnlich.
2719 2571 3177 2656 im Schubert-Fach hatte.
296 2622 1505 2674 Sie standen ungefähr im gleichen Alter, waren von der gleichen
3081 2622 3284 2707 Bekannt
300 2667 1494 2730 Statur, die Abweichungen in der Gesichtsbildung ließen sich
2822 2670 3273 2774 Es ist Sache des Schau
303 2719 1494 2774 nur nach genauer Prüfung feststellen und diese wurde erschwer¬
2733 2741 3277 2818 Doppelgänger, der sich nicht
296 2759 1494 2818 durch die Kongruenz des Ausdrucks und der Barttracht. Ganz
2719 2793 3281 2855 gleiche Kunst. Er freut sich da¬
296 2807 1494 2870 besonders kam diese ungewöhnliche Aehnlichkeit zur Geltung,
2730 2848 3281 2922 zu sein und zieht daraus ein
300 2852 1498 2915 wenn die Souveräne in großer Uniform erschienen. Dann trug
2722 2885 3281 2959 So gab es in Wien zwei A
296 2904 1494 2966 der Glanz der Dekorationen, der brillantenbesetzten Kreuze und
2715 2937 3273 3000 Die eine war der wirkliche
300 2952 1498 3014 Sterne das seine dazu bei, um die Aehnlichkeit womöglich noch
2722 2977 3273 3059 stadtbekannte Porzellanhändle
303 3007 1498 3070 zu verstärken. Dennoch war die Gefahr, den König von England
2707 3033 3240 3114 einen guten Tag, wenn er
303 3051 1494 3107 mit dem Zaren von Rußland zu verwechseln, nur eine äußerst
2711 3081 3026 3159 gehalten wurde.
307 3092 1498 3166 geringe. Sie beschränkte sich darauf, daß man bei einem flüchtigen
2818 3100 3281 3196 Auch bei festlichen The
296 3148 1498 3199 Blick in eine illustrierte Zeitschrift nicht sofort mit Bestimmtheit
2707 3151 3277 3244 versierte Publikum, wenn
307 3196 1494 3251 sagen konnte, ob ein Bild den englischen König oder den Zaren
2715 3225 3284 3277 einen Herrn mit Stirnlocke
296 3244 1494 3299 darstellte. Das ging nämlich erst aus dem begleitenden Text
2715 3273 3255 3329 sicher, wenn es eigentlich vor
300 3288 1498 3355 hervor. Sonst aber hätte sich wohl praktisch nie eine Gelegenheit
2267 3310 2545 3395 Dr. Leo Feld
2707 3318 3259 3384 Dichter Artur Schnitzler sein
1653 3310 1938 3395 Artur Schnitzler
296 3340 1494 3392 ergeben können, um zwei Persönlichkeiten von derart welt¬
2715 3362 3266 3440 gänger sein, der Schriftsteller
300 3381 1487 3444 politischer Bedeutung, die zudem nie aus dem für sie charakte¬
1513 3373 2696 3466 wie es sich betonen und unterstreichen läßt. Man braucht bloß
2726 3410 3262 3473 In Wien kann man
296 3432 1494 3484 ristischen hösischen Rahmen heraustraten, falsch zu apostrophieren.
1509 3458 3262 3514 das Haar anders zu fristeren und die Barttracht zu verändern, bewundern, das nicht anders
296 3484 2685 3551 Dazu waren sie durch ihre Stellung zu sehr distanziert. Dennoch um die Aehnlichkeit bereits um ein bedeutendes herabzumildern
2711 3506 3266 3566 sind Inseparables, tragen den
296 3525 1483 3584 ist es verlockend, sich die absolut theoretische Möglichkeit aus
1520 3554 3273 3614 Wenn sich also der Doppelgänger in seiner Rolle nicht wohl= und die gleiche Krawatte. Ih
300 3573 1487 3640 zumalen, daß durch irgendeinen skurrilen Zufall einma
1520 3584 2682 3647 fühlt und sie ihm nicht gefällt, liegt es durchaus in seiner Hand
2715 3599 3284 3669 gängertum zur höchsten Stuf
303 3617 1491 3680 Georg V. mit dem Zaren aller Reußen verwechselt worden
1509 3651 3281 3706 Verwechslungen seiner eigenen Person zu entgehen. Anderseits Die beiden Herren sind die 2
296 3669 1487 3739 wäre. Was für heillose diplomatische Situationen und Ver¬
1502 3695 3281 3751 aber kann er nach der eben erwähnten Methode eine bestehende Golz. Sie sind auch für Ken
300 3714 1080 3780 wicklungen hätte dies zur Folge gehabt!
1509 3743 2238 3799 Aehnlichkeit verstärken und ausbauen.
2278 3739 3273 3802 In der Zeit Franz scheiden. Aber sie sind zu diese
584 3765 1209 3854 Absichtliche Doppelgänger.
1509 3791 3266 3850 Josephs gab es genug soignierte alte Herren, die es sich an Sie sind Zwillinge. Angeblich
1509 3828 3255 3898 gelegen sein ließen, dem Kaiser möglichst ähnlich zu sehen. Wenn wissen, welcher von ihnen
403 3813 1491 3891 Ganz anders sieht das Doppelgängertum aus, wenn es
300 3876 2970 3984 sich nicht um den einmaligen Fall handelt, daß zwei gekrönte eine gewisse Aehnlichkeit gegeben war, so brauchten sie nicht der Emil ist.
