3344 4352
195 187 354 306 13.
427 204 662 272 se
430 195 1070 306 s
1257 207 1684 314 box 449
1115 490 1667 594 on Konzesse.
1121 563 1418 631 Unternehmen
1115 608 1667 696 für Zeitungsausschnitte
886 634 1149 741 WIEN, I.,
889 727 1670 826 Wollzeile 11. Telephon R 23-0-43
872 807 1927 900 Aus Wiener Zeitung, 16.10.1936.
872 869 1939 940 ..............................
860 920 2091 1005 Jubiläum des Akademischen Gymnasiums.
877 996 2142 1070 .... Der Festredner der am 31. d. M. den
874 1033 2306 1129 Rückblick auf die Geschichte der Anstalt in
863 1090 2278 1180 den letzten Dezennien geben wird, kann die
872 1149 2261 1231 sen glänzenden Namen noch eine grosse Zahl
860 1194 2355 1285 weiterer, nicht minder bedeutender, beifügen.
855 1248 2389 1344 Unter ihnen die der Staatsmänner und Politiker
857 1299 2420 1401 Beck, Hainisch, J. Redlich. Frank und Schiess
863 1367 2207 1452 der Dichter und Komponisten Hofmannsthal,
852 1409 2411 1508 Schnitzler, Altenberg, Beer-Hofmann, Oberleith-
849 1469 2391 1582 ner und Bittner, der Gelehrten Wilhelm Scherer
846 1523 1723 1627 und vieler anderer....etd.
628 1667 773 1755 vom
872 1729 1336 1888 16 OKT. 1938
577 2001 2855 2162 Jubelfeier des Wiener Akademischen Gymnasiums
1299 2196 1661 2295 Wien, 16. Oktober.
1811 2207 2855 2295 Bei dieser Gelegenheit soll aber nicht nur der im Kriege ge¬
642 2272 1687 2340 Das Akademische Gymnasium zählt bekanntlich neben dem
1729 2272 2850 2349 fallenen Angehörigen des Akademischen Gymnasiums gedacht
1715 2329 2844 2389 werden, sondern auch jener großen Zahl bedeutender Männer der
560 2318 1684 2389 Schottengymnasium zu den ältesten Lehranstalten Oesterreichs.
1723 2372 2847 2445 österreichischen Politik, Kultur und Geistesgeschichte, die aus dieser
566 2374 1681 2439 Es ist aus der zu St. Stephan gegründeten Bürgerschule hervor¬
1723 2417 2247 2488 Anstalt hervorgegangen waren.
549 2420 1681 2488 gegangen, die 1553 den Jesuiten abgegeben wurde und in deren
560 2476 1678 2539 Kolleg Am Hof untergebracht wurde. Im Jahre 1622 über¬
1735 2465 2824 2544 Verdienstvolle Mitglieder des Lehrkörpers.
566 2519 1681 2581 siedelte das Akademische Gymnasium auf den Universitätsplatz in
1797 2530 2844 2598 Dem Lehrkörper der Schule gehörten viele hervorragende
555 2567 1678 2632 das Gebäude der „Wiener Zeitung", und diesem Umstand ver¬
1721 2561 2850 2643 Jugendbildner an, so die Professoren Jerusalem, Hauler, Reider,
552 2609 1681 2674 dankt die Anstalt auch ihren Namen. Nach Auflösung des
1718 2623 2847 2688 Adolf Weiß, Blume, Herold, Lampel, Hintner, Hoppe, Jakob,
555 2657 1678 2725 Jesuitenordens in Oesterreich lehrten dort die Piaristen, bis
1709 2663 2841 2731 Konvalina, Lißner, Meister, Nick, Neumann, Dworzak, Schwer¬
558 2711 1675 2802 1852 Unterricht und Erhaltung der Anstalt vom Staate über¬
1715 2717 2844 2788 feger, Sedlmayr, Tschiany, Windisch, Schenkl, Heberdey, Höfler,
555 2756 857 2833 nommen wurden.
1709 2771 2694 2838 Kalinka, Mekler, Scheindler, Seemüller und Wallentin.
631 2768 1675 2884 Die Räume des alten Gymnasiums erwiesen sich bei der
1755 2822 2793 2918 Staatsmänner, Gelehrte und Künstler als
546 2833 1673 2923 Beliebtheit dieser Schule in ihrem Fassungsraum immer mehr
2165 2884 2374 2957 Schüler.
546 2909 1675 2969 als unzulänglich. So wurde endlich im Jahre 1863 an den Bau
1786 2906 2836 3005 Groß ist die Zahl der ehemaligen Schüler des Akademischen
549 2957 1673 3022 eines neuen Schulgebäudes geschritten, dessen Ausführung
1709 2980 2833 3051 Gymnasiums, die später Bedeutung und Berühmtheit erlangt
546 3003 1678 3068 Dombaumeister Friedrich Schmidt, dem Erbauer des Wiener
1709 3031 2830 3090 haben. Sogar zwei spätere Staatsoberhäupter, Michael Hainisch
543 3048 1675 3121 Rathauses, übertragen wurde. Der Baugrund war eine Stiftung
1709 3090 2838 3147 und Masaryk, waren Schüler des Gymnasiums. Im alten Ge¬
549 3099 1670 3161 des Kaisers Franz Josef I., und zu den Baukosten trug vor allem
1709 3127 2830 3192 bäude zählten zu den Schülern: Schmerling, Taaffe, Unger,
549 3147 1673 3215 Minister Schmerling, ein ehemaliger Schüler der Anstalt,
1712 3172 2836 3238 Ignaz v. Plener, Kardinal Rauscher, Wertheimstein, Kajetan
546 3195 1675 3252 bei, so daß drei Jahre später die feierliche Eröffnung des neuen
1712 3221 2833 3283 Felder, Freiherr v. Eskeles, Winiwarter, Franz Exner, Metaxa,
549 3240 1670 3334 Anstaltsgebäudes durch einen Vertreter des Kaisers vorgenommen
1712 3266 2827 3331 Hyrtl, Karajan, Hellmesberger, Deinhardstein, Bauernfeld,
541 3288 809 3359 werden konnte.
1709 3311 2827 3371 Castelli, Seidl und Nestroy. Das neue Haus besuchten unter
625 3342 1661 3410 Nun sind es siebzig Jahre, seit das neue Gebäude auf dem
1698 3359 2827 3421 anderen die Staatsmänner und Politiker Baron Beck, Graf
546 3388 1661 3455 Beethovenplatz dem Akademischen Gymnasium zur Verfügung
1706 3404 2824 3470 Thun=Hohenstein, Redlich, Konstantin Dumba, Geßmann, Prix,
546 3436 1661 3492 steht, und diesem Anlaß gilt eine große Feier, die Samstag den
1706 3447 2824 3512 Porzer, Felix Frank, Freiherr v. Schießl, die Gelehrten Robert
532 3484 1661 3538 31. d. stattfindet. Nach einer Pontifikalmesse, die Kardinal¬
1698 3504 2822 3560 v. Lieben, Guido Adler, Wilhelm Scherer, Schey, Finger, Frank¬
543 3526 1658 3586 Erzbischof Dr. Innitzer in der Anstaltskapelle zelebriert,
1706 3540 2824 3605 furter, Grünhut, Fournier, Scherich, der Chirurg Professor
532 3574 1661 3637 werden im großen Festsaal die Ehrengäste und Schüler der Anstalt
1701 3591 2819 3648 Clairmont, der Nobelpreisträger Schrödinger, Professor Doktor
543 3620 1661 3685 zu einer Festversammlung zusammentreten, in deren Rahmen die
1698 3634 2813 3716 Oppenheim, ferner Dr. Richard Preßburger, Bundeswirtschafts¬
543 3668 1658 3721 Enthüllung einer Heldengedenktafel zu Ehren der im Krieg ge¬
1692 3682 2272 3733 rat Dr. Margaretha, Dr. Kink.
546 3710 1653 3775 fallenen vier Lehrpersonen und 54 ehemaligen Schüler der Anstalt
1772 3693 2822 3792 Von Künstlern und Schriftstellern seien erwähnt: Hof¬
526 3755 1656 3815 vorgenommen werden wird. Nach einem Prolog von Dr. Paul
1701 3772 2822 3860 mannsthal, Schnitzler, Beer=Hofmann, Daniel Spitzer, Peter
541 3801 1658 3866 Wertheimer den Kurt Lessen zum Vortrag bringt, wird
1701 3818 2822 3880 Altenberg, Maria Oberleithner und Julius Bittner. Auch heute
535 3852 1656 3920 der ehemalige Ministerpräsident Wladimir Beck namens der
1692 3866 2819 3937 noch ist das Wiener Akademische Gymnasium eine Anstalt, deren
538 3903 1658 3959 ehemaligen Schüler die Festrede halten und hierauf die Gedenk¬
1695 3911 2813 3976 Ruf weit über die Grenzen ihres engeren Bezirkes hinausgeht
538 3939 1656 4033 tafel, ein Werk des akademischen Bildhauers Josef Josephu,
1687 3956 2816 4044 und deren Schülermaterial befähigt ist, das Erbe ihrer bedeutenden
538 3987 713 4064 enthüllen.
1678 4004 2077 4072 Vorgänger anzutreten.
