3392 4352
536 137 1708 184 Theatererinnerungen zum besten gibt. Alexander Jaray ent¬
530 178 1717 235 stammt einer altangesehenen Wiener Architektenfamilie, so daß
530 226 1711 283 es nur zu begreiflich erscheint, daß sein Vater den Wunsch hegte,
530 277 1711 327 den Sohn als Mitarbeiter in der Firma zu wissen. Dieser sagte,
518 324 1711 387 um seinem alten Herrn nicht die Freude zu verderben, bereit¬
521 372 1711 425 willigst zu dessen Vorschlägen ja, erbat sich aber die väterliche
530 422 1717 476 Zustimmung zu der Fortsetzung seiner Studien bei Zumbusch
524 470 1711 521 und Hellmer, die dem begabten Schüler ein überaus günstiges
533 515 1705 598 Prognostikon für seine weitere künstlerische Laufbahn gestell
521 562 654 637 hatten.
631 580 1708 663 Doch zwei Seelen wohnten in der Brust des jungen Bild¬
524 652 1711 717 hauers, in der die Liebe zur bildenden Kunst mit seiner Sehn¬
524 708 1711 765 sucht nach einer erfolgreichen Bühnenkarriere einen gewaltigen
515 756 1705 809 Kampf ausfocht, der schließlich mit einem Besuch endigte, den
515 803 1711 857 Jaray dem seinerzeit sehr bekannten dramatischen Lehrer Pro¬
527 854 1708 910 fessor Leo Friedrich abstattete, um sich bei diesem hervorragenden
521 898 1711 955 Fachmann ein ungeschminktes Urteil über seine Eignung zum
515 946 1705 1006 Schauspieler einzuholen. Leo Friedrich, der es mit seinem Lehr¬
518 994 1705 1050 amt sehr genau nahm, riet Jaray, auf alle Fälle bei ihm Unter¬
515 1047 1708 1101 richt zu nehmen, da er in dem jungen Manne den gewissen
515 1086 1708 1163 Geniefunken entdeckt zu haben glaubte, der für die Zukunft das
515 1136 979 1220 Allerbeste erwarten ließ.
797 1184 1428 1282 Siebzehn Jahre Bühnenlaufbahn.
616 1241 1705 1327 Nach einigen Monaten eifrigen Studiums, von dem der
518 1294 1705 1368 Herr Papa allerdings nichts wissen durfte, hatte Jaray einen
518 1366 1705 1425 Vertrag zu Siegmund Lautenburg nach Berlin in der Tasche,
509 1407 1696 1485 wo er als Antrittsrolle den Kalb in „Kabale und Liebe zu
518 1455 1699 1517 spielen bekam, obwohl er insgeheim gehofft hatte, bei seinem
509 1505 1696 1562 ersten Auftreten den Ferdinand spielen zu dürfen. Siebzehn
512 1556 1702 1612 Jahre hindurch war rey mit kleinen Unterbrechungen in
509 1601 1696 1663 Berlin tätig, beschäftigte sich aber nach wie vor in seinen Muße¬
509 1651 1696 1702 stunden mit der Bildhauerei. Zu seinem Erstaunen erhielt er
506 1696 1693 1758 eines Tages die Nachricht, daß ihm für die Statue einer
506 1743 1693 1803 Somnambule der Rompreis zugesprochen worden sei, ein Um¬
509 1788 1696 1856 stand, der ihn bewog, dem Theater vorläufig Valet zu sagen,
500 1844 1586 1907 um sich ausschließlich als bildender Künstler zu betätigen.
601 1886 1699 1955 Von ihm stammt das bekannte Denkmal des berühmten
494 1910 1696 1999 Schauspielers Josef Kainz, das sich heute auf dem nach ihm be¬
497 1990 1699 2047 nannten Kainz=Platz unweit des Türkenschanzparks erhebt. Es
497 2038 1699 2100 ist dies das erste Monument eines darstellenden Künstlers, das
494 2091 1696 2145 auf einem öffentlichen Platz zur Aufstellung gelangte. Da aber
491 2133 1693 2196 die Katze bekanntlich das Mausen nicht lassen kann, führte Jaray
491 2178 1687 2234 zeitweilig das „Theater der Fünfhundert“ an der Neuen Wiener
497 2222 1675 2282 Bühne und später im Volksbildungshaus „Faust" und „Hamlet
494 2273 1690 2338 als Kammerspiele auf. Es ist daher leicht begreiflich, daß sich
500 2320 1687 2386 seine bildhauerische Tätigkeit in erster Linie auf die Herstellung
485 2365 1342 2445 von Büsten prominenter Schauspieler richtet.
910 2425 1270 2505 Schauspielerbüsten.
598 2466 1696 2556 Wir sehen in seinem Atelier den bekannten Kopf Max
488 2544 1681 2591 Reinhardts, dem Jaray in Berlin bei dessen direktoralen An¬
497 2591 1609 2642 fängen als künstlerischer Beirat zur Seite gestanden
491 2630 1684 2695 Alexander Moissi und wieder Josef Kainz sind durch ausgezeich¬
491 2686 1687 2758 nete Porträtbüsten vertreten. Wundervoll ist der Kopf Artur
494 2728 1684 2785 Schnitzlers herausgearbeitet, sehr interessant eine Porträtbüste
479 2779 1684 2835 Max Liedermanns, der noch als Zweiundachtziger dem Bildhauer
494 2823 1684 2874 einige Sitzungen gewährt hat. Der verstorbene Altbundeskanzler
494 2868 1687 2918 Seipel und General der Infanterie Minister a. D. Karl Vaugoin
494 2918 1684 2981 haben durch den Meißel Jarays eine besonders liebevolle und
485 2957 1136 3037 künstlerische Ausführung gefunden.
598 2978 1675 3064 Vortrefflich ist ihm auch die Büste des bekannten Literatur¬
488 3046 1681 3109 historiker Hofrat Glossy gelungen, dessen durchgeistigte Züge der
479 3106 1681 3165 Künstler mit feinstem Verständnis zum Ausdruck brachte. Ganz
488 3148 1675 3204 reizend ist der Entwurf zu einem Denkmal Peter Altenbergs, das
485 3204 1672 3252 im Volksgarten zur Aufstellung gelangen soll, unter der Voraus¬
494 3249 1675 3317 setzung, daß die Freunde des verstorbenen Dichters die hiezu not¬
485 3287 1101 3371 wendigen Geldmittel aufbringen.
898 3347 1276 3427 Das Liszt=Denkmal.
592 3394 1675 3478 Als Pièce de résistance muß jedoch das Modell des Denk¬
488 3439 1669 3537 mals des berühmten Komponisten und Klaviervirtuosen Fran¬
500 3525 2892 3630 Liszt bezeichnet werden, das nunmehr in Eisenstadt zur Auf- spielers Hans Jaray, eines Neffen des Künstlers, zu sein, der
512 3615 1678 3671 stellung gelangte. Jaray hat den Künstler in Lebensgröße, au
1705 3627 2892 3680 das schauspielerische Talent unbedingt von seinem Onkel ererbt
506 3671 2898 3728 einer Bank sitzend, dargestellt. Der Blick ist träumerisch ins Weite haben dürfte. Beim Abschied konnte ich es nicht unterlassen, an
506 3713 2886 3769 gerichtet. Ganz besondere Sorgfalt hat der Bildhauer auf die Jaray die Frage zu richten, ob er nicht gelegentlich Lust hätte,
503 3760 1675 3811 Ausarbeitung der Hände verwendet, die förmlich auf den Augen
1702 3763 2889 3817 den Meißel wieder mit dem Schminkstift zu vertauschen. Sein
503 3799 2889 3891 blick zu warten scheinen, wo sie den Tasten eines Klaviers die „Nein“ klang so unentschieden, daß man wohl annehmen darf,
503 3853 1473 3918 feierlichen Klänge einer Symphonie entlocken dürfen.
1708 3853 2886 3930 Praxiteles dem Zweiten gelegentlich auf einer Wiener Bühne
610 3876 1672 3981 Eines der letzten Werke scheint die Porträtbüste des Schau
1705 3903 1952 3989 zu begegnen.
