3344 4352
540 286 1014 356 Prager Tagblatt Nr. 272
2395 394 3315 446 Requiem, „Judas Makkabäus. Den Höhepunkt in der
2395 443 3308 485 Vereinsgeschichte bildete die zum hundertjährigen Ge¬
1743 422 2099 509 ERNA TERELL
2385 481 3295 526 denken aufgeführte „Missa solemnis“ von Beethoven
2388 519 3308 568 die bekanntlich seinerzeit in Warnsdorf ihre Urauf
523 394 973 589 und
2402 554 3312 596 führung erlebte. Heute gelangt das Chorwerk „Der
2392 589 3312 645 Totentanz von Woyersch (gebürtig aus Troppau
2388 638 3110 683 zur Aufführung. Dirigent: Prof. Steffen
2430 662 3315 725 Der neue Céline. Dem sensationellen Roman „Reis¬
551 648 1074 750 Der erste Erfolg
2392 718 3301 760 ans Ende der Nacht“ folgt in den nächsten Tagen
540 729 1443 795 In einer Rede in der Wiener Frauenschaft hielt
2392 750 3312 816 deutsche Uebertragung von Cölines neuen Wer
506 767 1447 833 zum Todestag Arthur Schnitzlers Felix Salten
2399 791 3308 840 „Tod auf Borg (wiederum im Verlag, Juliu
506 823 1443 865 eine Rede. Wir entnehmen ihr einige Stellen:
2392 833 3312 879 Kittls Nachfolger). Zu Beginn der Erzählung wir
509 861 1436 906 ... Wir lernten einander in der engen Redaktions¬
2392 868 3305 910 man mit dem Erzähler bekannt gemacht: Es ist de
512 899 1422 948 stube der Zeitschrift „An der schönen blauen Donau
2395 903 3315 952 Arzt aus der zweiten Hälfte der „Reise". Aus erotisch
509 934 1440 980 kennen. Schnitzler war damals ein junger Arzt,
2395 941 3315 994 phantastischen Fieberträumen erwächst die Rückscha¬
495 976 1440 1039 27 Jahre alt. Später versammelten wir uns regel¬
2392 980 3308 1028 auf Kindheit und Jugend. Ein Kind wächst ins Lebe
499 1018 1443 1060 mäßig in Schnitzlers Junggesellenwohnung, ein
2399 1021 3319 1063 hinein, neben dem Vater, dessen Träume verkümmer
502 1049 1440 1098 kleiner Kreis gleichgestimmter junger Menschen. Sie
2399 1060 3308 1102 sind, der Mutter, die mit zähem Lebenswillen gestra
495 1088 1436 1140 können sich heute jene Zeit kaum vorstellen, in der
2399 1098 3312 1140 ist. Die dumpfe stinkende Passage mit ihrem Geruch
499 1130 1440 1175 wir anfingen, in der wir unbekannt waren und von
2392 1133 3301 1175 von Kleinhändlern wird geschildert, eine plantastisch
509 1164 1433 1213 denen, die uns hie und da zu bemerken geruhten
2402 1171 3312 1217 Ueberfahrt nach England, die ersten unheilschwan
516 1203 1443 1248 für verrückt oder für verbrecherisch gehalten wurden.
2402 1206 3305 1255 geren Schritte des jungen Pechvogels; schließlich de
516 1241 1440 1286 Ein üppiges Epigonentum herrschte unumschränkt.
2395 1248 3305 1290 dichterische Höhepunkt des ersten Teils: der im en
506 1276 1433 1321 Ueberall, auf allen Kunstgebieten galt nur das Süße
2395 1283 3319 1335 lischen College handelnde Abschnitt. Der zweite Tei
499 1314 1436 1367 das aus zweiter und dritter Hand Ueberlieferte als
2451 1328 3308 1370 ein Satyrspiel von gewaltigen Dimensionen, vo
512 1356 1440 1401 das einzig Erlaubte. Gegen die Jungen, gegen die
2395 1360 3305 1408 einer erdichteten Figur beherrscht: dem geniale
509 1391 1436 1443 Neuen, die auf dem festen Boden naturwissenschaft¬
2402 1394 3305 1447 Charlatan und Abenteuerer Courtial des Pereire
506 1433 1436 1475 licher und sozialer Erkenntnisse bauten, ging man
2399 1440 3312 1482 einem Mann von grandioser Erfindungsgabe, wilde
509 1471 1436 1517 zornig eifernd los. Worte von damals: Tempel¬
2406 1478 3308 1520 Phantasie und einem düsteren Humor, der nich
516 1503 1440 1551 schänder! Mistharke! Kloake! Das Wirkliche, das
2406 1513 3312 1565 seines gleichen hat. „Mort à crédit, ist eben
512 1544 1436 1590 Erlebte, das Problem der Not, die gestaltete Wahr¬
2395 1555 3315 1614 elementar, vielleicht noch schwerer, drückender, als die
506 1586 1436 1628 heit verfolgte man als schnöden Verrat am „Ideal",
2402 1590 3308 1642 „Reise". Der französische Kritiker Elie Faure schrie¬
506 1600 2374 1673 Was aber war das „Ideal? Ich kann es nicht sagen, wurde für eine Reihe von Gastspielen an das Deutsche
2402 1625 3308 1677 „Dieses Buch ist fürchterlich rein: rein und hart w
516 1659 2646 1715 ich müßte Ihnen etwas aus dem „Trompeter von Theater verpflichtet. Frau Terell, die Gattin des Trop ein Diamant,
1461 1698 2388 1743 pauer Theaterdirektors Terramare, ist bisher an großen
506 1705 1171 1747 Säkkingen“ zur Erklärung vorsingen
2451 1694 3312 1775 Prager Konzerte. Bruno Walter dirigiert an
1461 1729 2249 1781 Bühnen Deutschlands und Wiens aufgetreten.
551 1715 1436 1785 Schnitzers Vater, berühmter Arzt, Professor, Re¬
2399 1743 3301 1788 9. Dezember ein Konzert, das zu Ehren seines se¬
519 1778 1433 1827 gierungsrat, blickt kummervoll auf die literarischer
2399 1785 3308 1834 zigsten Geburtstages stattfindet. — Am 11. Dezembe
506 1816 1433 1865 Arbeiten des Sohnes. Trifft er einen von uns, er¬
2399 1816 3186 1862 konzertiert Pablo Casals in der Lucerna.
1457 1823 2381 1890 und jene Reinheit in Ton, Blick, Wesen, die den
519 1851 1433 1900 geht er sich in Vorwürfen. „Was wollt Ihr vor
2444 1841 3312 1907 Studenten Gedichte werden gesucht. In nächste
1461 1883 2381 1928 Himmel einlädt, sich in ihr zu spiegeln. Sie ist
512 1886 1436 1935 Arthur? Ihr seid schuld, wenn er sich mit diesen
2406 1890 3308 1945 Zeit soll ein Band Gedichte unter dem Namen „S.
1454 1917 2374 1973 großartig als martialische Jungfrau, auch im Wort
509 1931 1422 1977 Dummheiten seine ärztliche Karriere verpatzt.
2406 1938 3308 2005 detendeutsche Studentenlyrik erscheinen. Alle Sti
1464 1963 2374 2012 gefecht, rührend in den Augenblicken der Schwäche
512 1973 1440 2012 Sicherlich wäre Schnitzler ein bedeutender Arzt ge¬
2402 1973 3312 2029 denten, die gewillt sind, an diesem Gedichtband mit
1457 1994 2381 2046 und von Schiller in jenen der aufflammenden hoher
506 2008 1433 2053 worden, weil er eben ein bedeutender Mensch war
2406 2015 3333 2060 zuarbeiten, werden ersucht, ehest ihre Manuskripte
512 2046 1433 2088 Auch an ihm hätte sich das Sprüchel unserer alter
1464 2036 3298 2099 Entschlossenheit, sowohl der zur Tat, wie der zum die mit einem Kennwort versehen sein müssen,
1461 2074 2385 2120 Leiden. Nicht ganz so überzeugend glückt der Frau
499 2081 1440 2127 Köchin bewährt: „Gnä Frau, wenn einer Talent hat,
2406 2088 3308 2151 Erich Heger, Prag VII., Strojnická 18, einzu
1464 2116 2385 2165 Wessely das Visionäre. Zum frommen Augenauf¬
506 2123 1436 2165 nachher hat er überall Talent.“ Aber Schnitzler hat
2416 2134 2541 2193 senden.
1468 2151 2381 2200 schlag gesellt sich da bei ihr stets jener Aufschlag der
509 2161 1440 2207 die Medizin keineswegs freiwillig gewählt. Nur
2454 2148 3312 2224 Uraufführung. Zu unserem gestrigen Referat übe
1468 2193 2381 2242 Stimme in die selige Höhenlage (wo schon mehr
509 2196 1440 2242 widerstrebend ging er jeden Morgen in die Poli¬
2406 2207 3308 2256 die dänische Sängerin Inger Raasloff ist nachzutragen
509 2231 3312 2283 klinik, wo er Assistent seines Vaters war. Das ärzt. Singen ist als Sprechen), auf den als typisch daß die Künstlerin den Liederzyklus „Unterm Schnee
1464 2270 3312 2322 Wesselysches Kunstmittel es die Nachahmerinnen der von Falie Reißerova zur Uraufführung bracht
516 2277 1440 2322 liche Studium war hauptsächlich die Ursache, daß
1464 2311 3308 2357 großen Schauspielerin scharf haben. Hermann Thi¬ Der heimischen Komponistin (sie ist Roussellschülerin
509 2315 1440 2364 ihn der Gedanke an den Tod nie verläßt. Während
2406 2350 3308 2385 deren Orchesterstücke und Orchestergesänge in Pro¬
516 2346 2381 2395 wir einmal den Kahlenberg hinausgehen, sagt er mig ist der Dauphin, dem eine Krone auf das wenig
2406 2381 3301 2423 bereits bekannt sind, ist es in den neuen Liedern
516 2388 2378 2440 plötzlich: „Würden Sie so fröhlich einen Berg hin königliche Haupt zu setzen, die fixe Idee der Legiti
2409 2412 3312 2454 lungen, kontrastierende Stimmungen in prägnante
509 2426 2378 2479 aufspazieren, wenn Sie wüßten, daß Sie oben in mistin Johanna ist. Mit dem sparsamsten Auswan¬
2406 2454 3312 2503 Weise zu zeichnen und die geistigen Werte voll aus
516 2461 2378 2510 einen finsteren Abgrund stürzen? Nicht wahr, nein! an Drastik, mit feinstem Maß und Takt im Komischen
2399 2489 2594 2545 zuschöpfen.
519 2510 2381 2555 Und doch tun das alle Menschen, alle." Ihm, der und Absonderlichen gestaltet Thimig das rundum
2440 2496 3312 2562 Die erste Esperanto-Kantate. Der Prager Komponi
516 2541 2381 2590 in den Spitälern so viele Menschen sterben gesehen vollendete Exemplar eines unvollendeten Menschen
2406 2555 3308 2608 Emil V. Müller hat die erste Kantate im Esp.
516 2580 1440 2650 hatte, erstand der Tod als schöpferischer Mitarbeiter
1468 2580 3305 2625 Sehr schön, wie er spürbar macht, daß der von der ranto: „Prego sub la verda standardo" („Das Geb¬
1464 2615 3308 2663 Natur und den Menschen Gedemütigte doch dumpf unter der grünen Fahne") für Soli, Chöre und große
512 2618 1025 2684 bei jedem Spiel des Lebens.
621 2657 3312 2712 Eines Tages ruft er uns zur Vorlesung seines den Anspruch aufs Erhöht werden in sich trägt. Nie¬ rchester nach dem Gedicht von Dr. L. L. Zamenho
1464 2691 3312 2737 mals, trotz allen Spuren geistiger und körperlicher beendet. Das Werk wird auf dem internationale
506 2677 1443 2737 Stückes „Liebelei. Eine melancholische Walzer¬
519 2719 3308 2782 melodie schien dieses Wort zu durchwehen. Die drei Vernachlässigung, wird die Figur in Thimigs Spiel Weltkongreß für Esperanto in Warschau uraufgeführ
2451 2765 3312 2817 Konzertkarten für guten Schulerfolg. Die Dire
519 2772 2388 2831 Akte besaßen den Zauber einer Ballade, die etwas vulgär, nicht mit dem kleinsten Schritt verläßt sie
2406 2796 3312 2841 tion einer großen Schule in Birmingham hat ver¬
516 2813 2385 2862 ewig Menschliches ins Zeitlose rückt. Da ist die den Bezirk der Natürlichkeit. Hermann Thimig ist
2412 2834 3305 2876 fügt, daß den besonders guten Schülern in Hinkun
516 2855 2381 2904 Liebe, ist das jugendselige Leben verklärt wie das die seltene Erscheinung eines Künstlers, der im Burg
2412 2873 3308 2918 Belobungsprämien in Form von Konzertkarten ve¬
519 2897 3308 2963 schmerzliche Sterben. Da leuchtet das musikdurch theater aufblüht. Sein Goldonischer „Lügner etwas teilt werden. Birmingham gilt als eine der musi
506 2935 2935 2984 klungene Wien. Da geht das Wiener Mädchen ein Glanzstück entfesselter komödischer Laune. Oder begeistertsten englischen Städte.
512 2970 2385 3012 unschuldsvoll tragischem Geschick entgegen, da schwebt vor kurzem sein „Schneider im Schloß, bezaubernd
2461 2946 3315 3026 Neue Bücher. Der Verlag E. P. Tal gibt soebe¬
516 2998 1440 3050 es unschuldsvoll und leichtfertig von Vergnügen zu
1464 3012 3308 3054 u. a. durch die ganz besondere Art von Grazie, die zwei dem Flugwesen gewidmete Bücher heraus. Unte
519 3033 1440 3085 Vergnügen. Und durch das gewittergleiche Absausen
1464 3047 3308 3092 es entwickelte: eine streng bürgerliche Grazie sozu dem Titel „Eroberung des Himmels" ei
512 3078 1440 3127 des Dramas schimmert beständig das milde Licht
2409 3078 3312 3124 schien eine Geschichte des Fluggedankens, die selt
1471 3078 1579 3141 sagen.
2409 3113 3260 3162 samerweise bisher fehlte, obwohl die Aviatik
516 3113 1440 3166 verstehender Güte. Mit diesem Werk war Arthur
1496 3131 1579 3169 .
2406 3124 3298 3200 Mittelpunkt so vieler friedlicher und leider auch kri
516 3155 1443 3221 Schnitzler ganz zu sich selbst gelangt. Als der Abend
2409 3176 3301 3235 gerischer Jnteressen steht. Der Autor Peter Thoen
1492 3159 2381 3249 Die Verleihung der Kulturverbandspreise. Der
512 3190 1440 3239 kam, an welchem „Liebelei“ im Burgtheater erschien
1468 3197 3312 3256 Deutsche Kulturverband hat bekanntlich beschlossen, all verfolgt den alten Menschheitstraum des Fliegen
519 3228 1440 3274 lebte Schnitzlers Vater nicht mehr. Sonnenthal je¬
2412 3249 3315 3295 von mythischer Sage bis zur modernen Maschine
1471 3256 2385 3301 jährlich fünf Preise zu je K 5000,— für Leistungen
512 3260 1440 3312 doch, der nach dem Anatol an Schnitzler geschrieben
2409 3284 3305 3329 Zwanglos entsteht etwas, was man den spannende
516 3291 2378 3354 hatte: „Lieber Arthur, Du hast absolut kein Ta= auf dem Gebiete des Schrifttums, der Musik, der dar¬
2406 3322 3312 3364 Entwicklungsroman einer großen Idee nennen könnte
1468 3329 2374 3378 stellenden Kunst, der Volkskunde und der Volkstum¬
586 3336 1440 3392 t", spielte den alten Weyring. Wir alle sahen
2423 3357 3308 3396 — Gleichfalls romanhaft spannend schildert Anne D
519 3364 2374 3430 der Premiere mit einem Bangen entgegen, das man arbeit zu verleihen. Die Verbandsleitung des Deutscher
2412 3389 3308 3427 Lindbergh („Ich fliege mit meinem Mann") de
519 3399 2381 3472 heute nicht mehr begreift, das man damals schon Kulturverbandes gibt bekannt, daß die Zuerken¬
2406 3420 3308 3469 Weg des Flugzeug von New York nach China, wob
1468 3448 2381 3486 nung der Preise nicht im Wege eine
2406 3455 3301 3497 als kürzeste Route der Weg über das Polargebiete
519 3451 1440 3507 wenige Tage nachher nicht mehr recht begriffen hat
1471 3483 2388 3528 Wettbewerbes erfolgen wird, sondern daß sie
2419 3497 3308 3539 scheint. Die Fachleute warnten, aber Lindbergh bestan
526 3493 1440 3549 In der Nacht vorher sagte mir Direktor Dr. Burck¬
1461 3521 2381 3566 von einem Prüfungsausschuß, der sich aus dem fach¬
2409 3521 3301 3563 auf seinem Willen. Die humorvolle Frau begleit
519 3532 1440 3584 hard: „Vielleicht brech ich mir morgen das Genick,
2416 3559 3301 3608 ihn als Bordfunker. — Im gleichen Verlag erschi¬
1464 3559 2371 3605 zuständigen Vertreter der Deutschen Hochschule in Prag
519 3566 1440 3626 Aber das muß ich halt riskieren. Ueber so ein Wer¬
2409 3591 3305 3636 „Ludwig II. von Bayern", das „Leben eine
1461 3598 2371 3647 dem Referenten der Volksbildungsabteilung des Deut¬
526 3608 1440 3668 zu stürzen ist keine Schand!“ Vom Erfolg brauch¬
2406 3626 3301 3668 tragischen Schwärmers“, von Ferdinand Mayr=Ofe
1468 3636 2374 3681 schen Kulturverbandes und einem schaffenden Menschen
523 3654 1447 3699 ich nicht zu sprechen, der gehört der Geschichte an.
2412 3661 3298 3699 Wagner, Bismarck, Elisabeth von Oesterreich, Kai¬
1461 3675 2374 3716 des betreffenden Sachgebietes zusammensetzen wird, an
526 3681 1440 3737 Doch die Wandlung, die sich im allgemeinen Urteil
2419 3699 3305 3734 sind die großen Begegnungen des romantischen Her
1468 3709 2388 3755 Grund einer unabhängigen und sachlichen Wertung der
2419 3730 3305 3772 schers. — Im Verlag Dr. Rolf Passer (Wien) erschie¬
519 3720 1440 3772 vollzog, war interessant. Der Spott verstummte. Man
1468 3751 2381 3793 vorliegenden Gesamtleistungen verliehen werden. Es
2406 3769 3305 3807 Karel Capeks Sammlung meisterlicher Kur
530 3758 1440 3828 sing zu verstehen an, wie durch „Liebelei“ dieses
1468 3793 3172 3835 bleibt jedem Künstler und Wissenschaftler freigestellt, geschichten „Aus einer Tasche in die ander¬
3197 3797 3308 3852 ferne
523 3797 1443 3849 Wien, diese wienerische Menschheit und Menschlich¬
1471 3831 3169 3873 auf sein Schaffen aufmerksam zu machen, doch erfolgt der neue Roman der Colette „Die Katze
526 3842 1426 3887 keit in der Dichtung Heimatsrecht erworben hatt
1461 3863 2381 3922 die Preiszuerkennung selbstverständlich nach Beur¬
2451 3859 3301 3922 Von 700 auf 600.000 Kr. London. In einer Au
519 3873 1440 3926 Von heute gesehen darf man ruhig feststellen, daß
523 3901 2388 3964 Arthur Schnitzler einer der Ersten gewesen ist, der teilung aller, auch der nicht vorgelegten Arbeiten, so
2419 3908 3305 3957 tion wurde für 5 Pfund (zirka 700 K) ein klein¬
1471 3943 3308 3992 daß der Preis auch ohne weiteres einem Künster oder Bild eines unbekannten Autors, das den Hl. Hier
519 3946 1440 4027 den österreichischen Gedanken künstlerisch wirksam
1464 3978 2374 4020 Wissenschaftler verliehen werden kann, der weder sein
2409 3985 3298 4034 nymus im Gebet in der Wüste darstellt, angebote
519 3995 854 4065 ausgesprochen hat.
1464 4016 2371 4061 Arbeit eingereicht, noch auch sich eigens beworben hat
2412 4027 3315 4072 Es wurde festgestellt, daß das Bild ein Werk eine
1464 4051 2385 4096 Vor allem sollen junge aufstrebende Talente gefördert
2412 4061 3315 4110 Meisters der Schule von Padua, wahrscheinlich
1468 4089 2381 4135 werden. Für die Beteilung mit den Preisen kommen
2406 4103 3315 4145 Andreas Mantegni, ist. In 20 Minuten stie¬
572 4079 1388 4156 Die Wessely als Johanna
1464 4128 2378 4166 alle Schaffenden sudetendeutscher Herkunft in Frage
3009 4135 3305 4170 Pfund ungefähr
