3296 4352
286 227 388 295 vom
358 342 1008 451 Epilog zum Theater¬
548 434 812 524 kongreß
333 505 1080 572 Der neunte Internationale Theater¬
280 557 1086 618 kongreß, der bis gestern in Wien tagte, ist
274 606 1077 664 zu Ende. Die Bilanz, die heute zu ziehen
250 658 1074 717 wäre, kann nur eine vorläufige sein. Die
280 700 1080 755 wahren Auswirkungen und Früchte einer
286 751 1080 812 solchen Veranstaltung muß erst die Zukunft
276 799 1080 861 bringen, sie müssen langsam reifen, man
282 845 877 910 möchte fast sagen: kaum merklich.
336 889 1083 950 Denn was ist denn der Sinn dieser Kon¬
279 947 1086 999 gresse? Nicht zuletzt ihre Mehrzahl. Die stän¬
279 1000 1086 1053 dige Fühlungnahme der führenden Theater¬
280 1042 1077 1093 persönlichkeiten aller Länder, der ständige
279 1095 1079 1150 Austausch der Gedanken, Pläne und Erfah¬
282 1141 1080 1195 rungen, die immer wieder erneuerte beson¬
275 1188 1083 1242 dere Festlichkeit, die das Theaterereignis
280 1242 1080 1287 umgibt und das Theater zum Ereignis macht.
286 1286 1086 1335 Jeweils in anderen Städten, aber gerade so
280 1335 1089 1385 durch den Kranz der Theaterfestlichkeiten die
282 1382 1032 1441 Weltstädte umschlingend und vereinigend.
340 1432 1083 1487 Was in den Vorträgen der Delegierten
280 1483 1084 1541 zum Ausdruck kam — es ist nur ein Teil,
286 1525 1080 1589 gewissermaßen der sicht lar programmatische,
282 1577 1090 1645 des Kongresses. Ein wichtiger Teil, gewiß,
285 1628 1086 1681 denn es ist immer wichtig, wenn in klarer
286 1674 1092 1733 Formulierung die Erkenntnis auch gesagt
288 1723 1092 1779 wird, daß die Keime und Triebkräfte des
258 1749 1084 1829 Theaters, trotz aller notwendigen natio¬
286 1836 1086 1883 nalen Varianten, doch eine gemeinsame
288 1877 1086 1945 Angelegenheit der Menschen sind, Kräfte die
288 1930 1089 1981 an den gleichen Ursachen erkranken und ge¬
286 1977 1089 2031 nesen, die man aber deswegen auch besonders
282 2023 1092 2086 pflegen soll, weil sie, im überzeugend
294 2075 1090 2128 Gefühlmäßigen wurzelnd, ein inniges Band
279 2126 1089 2187 der Völkereinigung sind — oder doch sein
286 2168 1093 2225 könnten. Gerade in der gestrigen Rede des
291 2218 1086 2286 französischen Unterrichtsministers Jean Zay
285 2278 1085 2327 wurde dies deutlich — denn kein Oesterrei¬
288 2315 1090 2382 cher hätte sein eigenes Wesen schöner und
287 2364 1089 2420 treffender formulieren können als dieser
286 2406 1087 2482 Franzose, wenn er, von Grillparzer, Schnitz¬
280 2457 1075 2520 ler und Hofmannsthal ausgehend, erklärte
288 2504 1084 2578 „Wir befinden uns hier in dem einzig¬
279 2566 1086 2615 artigen Klima, in dem einige der wunder¬
280 2605 1090 2680 barsten Lieder der menschlichen Seele ent¬
287 2652 1089 2718 standen sind, und das, was wir gerade be¬
282 2715 1080 2767 wundern, ist, daß diese Lieder, oft schmerz¬
282 2754 1073 2821 list, sich von einer, ich weiß nicht, welcher,
285 2797 1077 2867 Leichtigkeit zu begleiten wissen, die nicht Sorg¬
279 2855 1086 2913 losigkeit ist, sondern eine bewunderswerte
274 2897 1071 2967 und leichte Art, den Schmerz zu über
274 2948 507 3010 winden.
346 3000 1077 3058 Aber der zweite, nicht minder wichtige
285 3034 1077 3109 Teil des Kongresses ist weniger programma¬
279 3098 1080 3159 tisch, ist eigentlich seine Nebenerscheinung: die
282 3146 1081 3214 gesellschaftliche Bewegung, der Glanz der
279 3194 1077 3259 Veranstaltungen. Ja: denn wir alle wissen,
280 3245 1077 3297 wie innig das Wesen des Theaters mit sol¬
281 3280 1083 3357 chen nur scheinbar äußerlichen Umständen
275 3334 1080 3397 zusammenhängt. Gerade sie regen die Lust
282 3391 1077 3446 und das Interesse des Publikums an, für
275 3436 1080 3495 das ja das Theater immer eine festliche An¬
282 3489 1074 3536 gelegenheit sein soll. Sicher hat sich die Auf¬
282 3531 1078 3588 merksamkeit vieler, denen das Theater, von
281 3577 1077 3634 Sport und Film überschattet, zu einer
279 3627 1080 3698 grauen Angelegenheit geworden war, wieder
273 3680 1074 3735 der Welt im Rampenlicht zugewandt. Die
275 3723 1077 3779 übervollen Häuser während des Kongresses
279 3774 1074 3840 scheinen dafür zu zeugen. Es wird nun unsere
282 3822 1071 3879 Sache sein, dieses nun einmal angeregte
284 3867 1075 3923 Interesse weiter wach zu halten — und in
276 3918 1077 3969 dem Maße, in dem uns dies gelingt, wer¬
276 3963 1074 4029 den sich die Früchte des Kongresses zeigen.
941 4022 1046 4083 a—3.
1292 220 1657 294 Ausschnitt aus:
2141 311 2238 410 Ve¬
1365 438 1468 507 vom
1408 606 2367 707 Minister Jean Zay beim
2398 604 3003 720 Theaterkongreß.
1414 711 2236 779 Die Beratungen des Internationalen
2428 723 2936 792 In der Theaterausstellung.
1372 764 2217 816 Theaterkongresses wurden gestern zum Ab¬
2282 781 2372 835 Die
2432 780 2971 843 Internationale Ausstellung
1370 810 2220 884 schluß gebracht. Den Vorsitz führte Hofrat
2249 816 3104 886 Theaterkunst empfing gestern den Besuch
1376 849 1611 913 Herterich.
2242 866 3116 940 des französischen Unterrichtsministers Jean
1408 878 2214 949 Direktor Professor Röbbeling hielt
2253 910 2358 992 Zay.
1364 939 2214 992 einen Vortrag über das Theater als völker¬
1357 982 2223 1037 verbindender Faktor. Der nachste Redner war
1364 1026 2221 1086 der französische Unterrichtsminister Jean
1367 1059 1476 1123 Zay.
1360 1096 2223 1196 Wien und Paris Hauptstädte des Theaters.
1402 1178 2217 1241 Der französische Unterrichtsminister führte
1358 1237 2220 1288 unter anderm aus: „Es ist mir eine große
1366 1281 2220 1334 Freude, den Gruß der französischen
1360 1325 2221 1386 Regierung und des französischen Volkes
1566 1625 2160 1736 andauan
1574 1724 2152 1805 VORFÜHRUNGEN
1578 1793 2164 1881 UND VORTRAGEM
1433 1837 2169 1983 erbepalast
1569 2007 2156 2099 PAVILLON.
1575 2090 2168 2158 -13 SEPTEMBER 1936
1348 2218 2202 2270 dem Bundesstaat Oesterreich zu überbringen,
1358 2266 2206 2311 dem österreichischen Volke und seiner
1352 2300 2205 2363 Regierung, dem Bundeskanzler Doktor
1348 2346 2202 2400 Schuschnigg, dem hervorragenden Staats¬
1352 2397 2202 2448 mann, der so lange und so vornehm das
1354 2434 2211 2489 Portefeuille des öffentlichen Unterrichtes
1352 2485 2212 2532 innegehabt hat, und meinem Kollegen Doktor
1347 2528 2202 2578 Perner, der eine so bedeutende Rolle bei
1347 2570 2202 2625 der Herstellung jenes Kultur¬
1352 2613 2200 2676 abkommens gespielt hat, dessen Abschluß
1352 2658 2194 2714 für uns alle ein Gegenstand lebhafter Be¬
1351 2714 2202 2766 friedigung ist." Der Redner führte sodann
1342 2750 2205 2799 aus, daß Wien und Paris, die so oft mit¬
1342 2787 2199 2841 einander verglichen wurden, Hauptstädte
1345 2841 2202 2895 des Theaters und der Musik seien.
1352 2877 2202 2934 Was Frankreich betrifft, so gehöre dort das
1346 2919 2196 2976 Theater zu den ersten Gegenstanden, denen die
1342 2966 2202 3019 Regierung ihre Sorgfalt zuwendete. Er sei
1339 3016 2201 3073 damit beschäftigt, das Theater zu verjüngen.
1410 3061 2205 3114 Wir befinden uns hier im Vaterland
1346 3116 2196 3163 Grillparzers, Schnitzlers und Hofmanns¬
1346 3152 2198 3207 thal", sagte der Redner, in dem wunderbaren
1340 3198 2196 3253 Land, in dem Beethoven geträumt und
1341 3243 2196 3299 Schubert das Licht der Welt erblickt hat. Wir
1340 3283 2202 3342 befinden uns in dem einzigartigem Klima, in
1336 3328 2196 3387 dem einige der wunderbarsten Lieder der
1339 3372 2071 3424 menschlichen Seele entstanden sind.
1342 3419 2199 3473 schloß mit dem Wunsch, daß Wien den Ruf
1335 3461 2193 3513 der Anmut ewig bewahre und daß die Musik
1342 3506 2190 3555 und die Kunst sich weiterhin hier ein Stell¬
1340 3550 1731 3608 dichein geben mögen.
1377 3592 2193 3662 Sodann ergriff Vizepräsident Henri
1339 3647 2190 3711 Clerc zu einer Schlußrede das Wort. Er
1334 3693 2190 3750 warf einen Rückblick auf die ersprießliche
1336 3737 2186 3799 Arbeit des Kongresses, dankte allen maß¬
1329 3787 2190 3850 gebenden Stellen für die Unterstützung,
1341 3824 2192 3888 gedachte mit Worten höchster Bewunderung
1330 3867 2192 3930 der Wiener Theaterausstellung und rühmte
1336 3905 2187 3970 die kunstgesättigte Atmosphäre Wiens. Zum
1334 3944 2203 4028 Schluß kündigte er als Sitz des nächsten
1329 3993 2188 4076 Theaterkongresses Paris im Welt¬
1305 4011 1823 4116 ausstellungsjahr 1937 an.
