3392 4352
260 239 405 342 13.
452 232 1121 356 s
1319 239 1785 343 box 44/10
658 956 813 1029 Romain.
742 993 1832 1109 Wenn ihn ein Blick vom Büffet her traf, lächelte er so
651 1061 1750 1138 leise und schüchtern, daß Niemand es zu merken vermochte.
747 1109 1835 1185 Und in der That, Niemand wußte, wie gute Kameraden sie
655 1151 1833 1238 waren — Niemand wußte, was die Weihnacht ihm bescheert hatte.
903 1269 1583 1387 Das kleine Mädchen.
745 1374 1829 1458 Man trifft das kleine Mädchen Abends um neun an der
651 1424 1637 1503 Potsdamer Brücke; vorher hat man sie hinbestellt.
1674 1438 1829 1506 Oder in
658 1474 1821 1550 Wilmersdorf; auch im Winter. Oder Sommers in Halensee,
647 1530 1825 1596 wenn getanzt wird. Oder an jedem Donnerstag in der schön
648 1579 1819 1650 gebohnten Victoriabrauerei. Oder am einfachsten: auf der
656 1627 1819 1692 Straße; wenn sie von der Arbeit kommt. Wenn sie zu Ende
647 1680 1824 1750 geplättet hat, wenn sie zu Ende genäht hat, wenn sie zu Ende
647 1729 1819 1790 verkauft hat, wenn sie zu Ende probirt hat. Nach einer Weile
642 1772 1819 1843 kommt man mit dem kleinen Mädchen öfter zusammen. Nach
640 1835 1812 1896 einer Weile regelmäßig vier Mal Abends in der Woche. Nach
645 1870 1814 1943 einer Weile ist man untrennbar mit ihr verknüpft. Nach einer
642 1920 1812 1993 Weile trennt man sich doch von ihr; Zahnschmerzen der Seele
642 1972 1548 2032 treten vorübergehend ein; sie schweigen bald.
1638 1980 1814 2043 Zuweilen
643 2016 1816 2082 schießt einen das kleine Mädchen todt. Aber das thun nur die
629 2069 1817 2138 rüdigen; in besonderen Fällen, wo besondere Liebesleute gepaart
643 2108 1808 2201 sind, etwa ein Schwächling und ein wüstes Frauenzimmer, ein
643 2167 1351 2219 cochon triste und ein cochon furieux.
729 2211 1808 2290 Aber, kleines Mädchen, laß Dich nicht verleumden durch
643 2256 1812 2340 solche schlimmen Gerichtsverhandlungen. Du bleibst eine Poesie
627 2311 1808 2386 im Weltstadtrummel. Du bist nicht immer eine Dirne, wenn
642 2359 1804 2430 Du auch Deinen jungen Körper dem liebsten Fritz nicht versagst.
634 2409 1808 2485 Du bist eine wildwachsende Blume in einer schaudervoll zweck¬
632 2459 1809 2532 mäßigen Ackerfurche. Du weißt, daß Du nach einiger Zeit
630 2504 1801 2582 zertrampelt wirst, aber Du schenkt dennoch Deinen Duft.
629 2557 1809 2625 Und darum, kleines Mädchen, haben die Dichter Dich
629 2598 1804 2669 belohnt. In der modernen Zeit dichten Sie nicht bloß erhabene
632 2651 1803 2722 Oden an Fanny und besoffene Sonette an Laura, sondern
632 2698 1804 2775 sie ziehen in ihren Zauberkreis die Else und die Miete und
622 2754 1808 2823 auch Dich, liebe Hete. Und alle Eure traurig lustigen
629 2794 879 2877 Freundinnen.
708 2902 1796 2980 Kleines Mädchen, ein alter Herr hat Dich ganz unsterblich
616 2957 1795 3027 gemacht. Es war der Herr Theodor Fontane, der von Lene
621 3006 1795 3070 erzählt hat. Er warnte freilich in seinem naiven Konservatismus:
618 3041 1791 3120 nicht das Herz hineinziehen lassen! So lange das Herz nicht
619 3098 1790 3178 hineingezogen wird, so lange kann es ohne Unglück abgehen.
621 3146 1791 3233 Wird der empfindsame „Mittelkurs" eingeschlagen, wie zwischen
621 3191 1793 3270 Botho und Lene, so kann das Leben beider Aermsten eine
619 3246 1788 3327 Trübung empfangen, und eine einzige Irrung solcher
621 3291 1419 3352 Art zieht ewige Wirrungen nach sich.
1485 3299 1788 3372 Ja — „vieles
611 3341 1791 3412 ist erlaubt, nur nicht das, was die Seele trifft, nur nicht
618 3388 1791 3459 Herzen hineinziehen." Der Herr Theodor Fontane behandelt
611 3444 1790 3507 Dich ein bischen wie eine Sache, was? Es scheint nur so. Er
606 3488 1787 3567 hat ja die Lene doch geschaffen, das herrlichste aller kleinen
492 3549 1788 3638 „Mädchen, und um ihr feines, gesenktes Haupt fluthet seine ganze
2232 976 3323 1058 Karlchen Bleibtren gezeichnet hat, der Dichter der „Schlach
2232 1047 3309 1108 Gesellschaft“: die Kellnerinnen? Sei nicht so böse! Ich
2238 1084 3327 1176 sie ja auch nicht leiden. Aber die modernen Dichter behan¬
2227 1137 3299 1214 daß Du auch hier manche gute Kollegin haft. Auch sie
2227 1180 3323 1263 zur leidenschaftlich begehrten Liebespenderin, zur Göttin, die
2235 1232 3306 1305 junges Leben beglücken oder vernichten kann. Sie wird
2227 1284 3293 1350 letzten Gefährtin galgenhumoristischer Känze, die
2238 1329 2993 1401 frühen Dasein Schiffbruch gelitten
3064 1342 3278 1406 die von
2233 1384 3314 1456 geistigen Gebieten und aus bürgerlichen Kämpfen
2224 1429 3288 1501 diesen trostvollen Dunstkreis betäubender Erotik flüchteten.
2227 1482 3325 1550 weil die Unanständigkeit dieser Mädchen nicht offiziell, weil
2224 1529 3312 1601 nicht gesetzlich konstatirt ist, weil sie immerhin erobert
2224 1580 3304 1640 wollen und Geldopfer zwar nicht verschmähen, aber auch
2217 1633 3322 1695 ohne Weiteres für Geld zu haben sind, weil sie nicht V
2225 1687 3323 1748 gehören, sondern oft einem Einzigen peinlich treu sind, wei
2227 1725 3307 1788 in der Mitte stehen zwischen selbstloser Liebeswahl und
2219 1772 3327 1845 werbsmäßiger Gemeinheit, weil ihnen diese mystische Zwi¬
2388 1948 2630 2051 Magazin
2341 2054 2682 2159 Wäsche¬
2317 2137 2690 2248 Ausstattung
2432 2208 2591 2264 in jeder
2404 2241 2688 2345 reislage.
3040 2254 3322 2353 Weihnach
2530 2322 3309 2440 Taghemden mit Handlang
2528 2401 3314 2493 Nachthemden mit guten
2525 2467 3319 2556 Doppel Zephyr- und Flan-
2533 2541 3330 2646 Weisse Cost.-Röcke mit el
2248 2609 3322 2715 Eine grosse Partie Stuben-, Küchenhan
2203 2849 2477 2956 Zuntz
2545 2843 3315 2991 gebrannter Java¬
2317 3117 3312 3241 An indischen Fürstenhöfen
2564 3231 3106 3317 Otto E. Ehlers.
2503 3309 3157 3373 Mit vielen Illustrationen und einer Karte.
2690 3346 2978 3399 Vierte Auflage.
2266 3351 3317 3430 8°, 2 Bände. Preis broschirt 12 Mk. Eleg. in Calico gebunden 14
2382 3420 3315 3488 Jedes der drei Werke ist durch alle Buchhandlungen sowie
2274 3446 2788 3515 jederzeit kostenfrei zur Verfügung.
2380 3491 2738 3588 Berlin W.,
2414 3560 2678 3604 Steglitzerstraße
