3436 4352
675 283 1201 442 „OBSERVER
679 406 1227 502 Erstes österreichisches be¬
682 476 1231 555 hördlich konzessioniertes
692 522 988 589 Unternehmen
689 546 1237 669 für Zeitungsausschnitte
459 632 725 725 WIEN, I.,
459 682 1247 782 Wollzeile 11. Telephon R 23-0-43
456 825 808 938 Ausschnitt aus
472 975 602 1071 vom
921 1048 1370 1168 2.
582 1144 1084 1261 6. Folge 121
2032 1164 2488 1277 Volks=Zeitung
2252 1281 3133 1354 wird daran teilnehmen, daß die ganze Welt an
592 1274 2139 1414 Homer bis Schnitzler in Esperanto.
2255 1334 3133 1394 diesem Kongreß teilnimmt, denn vor und nach
2252 1380 3130 1430 der Tagung in Wien werden Gesellschaftsreisen
466 1377 3133 1477 Zehntausendbändiges Geschenk an die Nationalbibliothek, durch alle Bundesländer geführt werden. Bis¬
2262 1464 3127 1520 her sind 600 Teilnehmer angekündigt, ins¬
509 1454 2229 1537 Von Mitte Mai angefangen wird Oesterreich alles aus Genf zu uns, was die Bewegung für
2262 1510 3133 1563 gesamt aus 30 Staaten. Jene, die am
469 1493 2225 1587 die größte Esperantobibliothek der Erde be- die Weltsprache, die längst eine Weltbewegun
2255 1550 3133 1607 längsten zu reisen haben, müssen sich bald auf
476 1543 3127 1646 sitzen, von Mitte Mai angefangen wird unsre geworden ist, kennzeichnet. Darunter Briefe des den Weg machen; also jene, die aus Neu
466 1583 1340 1663 Nationalbibliothek gegen 20,000 Bände in der
1364 1610 2229 1670 Erfinders Dr. Zamenhof, dessen Sohn und
472 1627 1340 1693 Sprache vom grünen Stern enthalten, dami
2255 1633 3137 1696 seeland kommen, aus Japan, Niederländisch¬
1367 1643 2235 1706 Tochter, ebenfalls beide Aerzte, im August zum
2262 1676 3127 1750 Indien, Gesamtamerika: auch Marokko, Algier
469 1680 2225 1753 ein neues Mittel, die Weltbewegung der Kongreß in Wien sein werden. Für alle 27 bis
2245 1726 3133 1780 Aegypten sind in der exotischen Liste, obwohl
469 1720 3130 1829 Zamenhofschen Erfindung für Wien zu herigen Kongresse gab es eine Art von Katalogen, es eigentlich vom Esperantostandpunkt Ent¬
472 1770 2229 1839 interessieren und wissenschaftlich in Wien zu die auch im Anrollen sind und die nicht nur
2255 1803 3133 1863 fernung und Exotik gar nicht gibt. Für unsre
462 1803 2225 1883 konzentrieren. Diese interessante und wert sämtliche Reden, Veranstaltungen, Drucksorten
466 1846 1330 1916 volle Bereicherung erfährt die National
2252 1849 3130 1909 Geschäftswelt ist es bemerkenswert, daß aus
1357 1863 1873 1939 Kundgebungen enthalten,
1933 1869 2229 1926 sondern sogar
2255 1889 3123 1949 folgenden Ländern Gesellschaftsreisen ver¬
466 1886 2219 1969 bibliothek durch folgen Vorgang: Zu Muster der Eintritts= und Speisekarten
2252 1939 3123 1996 einbart worden sind: Frankreich, England
466 1929 2225 2012 Ostern hat, wie alljährlich, die Leitung des Meister oder Junger des Esperanto wird es
2245 1979 3117 2049 Polen, Tschechoslowakei, Ungarn, Bulgarien
459 1966 3120 2086 Esperanto=Welibundes in Genf interessieren, daß man in der Bibliothek Schweiz, Holland, Schweden und Estland
449 2012 1334 2079 getagt. Da der Leiter der Schweizer Bureaus
1360 2036 3127 2139 Esperantoschlüssel aus vierzig Bundespräsident und Bundeskanzler haben
456 2069 1330 2122 gestorben war, wurde eine Verlegung der
1360 2082 2222 2135 Sprachen findet, das heißt, winzige Wörter
459 2109 1327 2169 Zentralkanzlei beschlossen, und zwar wird sich
2245 2109 2997 2185 Ehrenprotektorat und Ehrenvorsitz,
1354 2115 2215 2192 bücher samt Einführungen in das Universal
462 2152 1760 2232 ebenfalls ab 15. Mai das Herz des Weltbundes verständigungsmittel.
2245 2139 3127 2212 Handelsministerium gibt Führer durch
456 2182 1334 2249 in London befinden, schon weil England trotz
2235 2205 3123 2259 [Oesterreich in Esperanto heraus, solche
1390 2195 2189 2288 Die Bundesländer unterm grünen Stern.
466 2232 1327 2285 seiner angeblichen Abneigung gegen neue oder
2249 2239 3117 2315 für die Bruckner=Festspiele erscheinen bereits
449 2282 1327 2332 überhaupt nicht angelsächsische Sprachen als
1397 2272 2215 2335 Daß wir jetzt die Bibliothek empfangen, is
2242 2285 3127 2345 das zweite, solche für Wien und Oesterreich
452 2318 3127 2385 einer der lebhaftesten Vorkämpfer des grünen anläßlich des 28. Weltkongresses, der das achte Jahr, auch der Messeführer erschien
449 2365 1327 2415 Sterns sich erwiesen hat. Bei der Genfer
1350 2365 2219 2422 vom 8. bis 15. August in Wien stattfindet, be
2242 2368 3120 2441 in Esperanto. Neu ist ein solcher für Eisen¬
449 2395 2791 2491 Sitzung haben die sechs Angehörigen der sonders begrüßenswert. Ganz Oesterreich stadt und die Glocknerstraße.
3000 2422 3087 2491 rb.
452 2441 1330 2501 Leitung, die aus England, der Schweiz, Frank¬
452 2491 1324 2548 reich, Holland, Schweden und Oesterreich ge¬
442 2528 1327 2584 kommen waren, die Bibliothek für sich haben
449 2571 1330 2631 wollen. Dem Oesterreicher, der auch Gründer
442 2621 1324 2671 und Leiter des der Nationalbibliothek an¬
446 2658 1327 2714 gegliederten Internationalen
442 2704 1321 2751 Esperantomuseums ist, Hofrat Hugo
442 2738 1321 2797 Steiner, ist es gelungen, die geschenk¬
439 2787 1321 2841 weise Delegierung nach Wien durchzusetzen.
439 2831 1324 2884 Aus 8500 Wiener Bänden werden nun
446 2874 1317 2924 19,500, ein Bahnmöbelwagen wird Ende der
439 2914 1321 2987 Woche damit anrollen, und es bleibt noch
439 2954 1317 3014 die Frage der Aufstellung zu lösen. Das
449 3000 1311 3060 Esperantomuseum kämpft ohnehin mit Platz-
439 3047 1317 3097 schwierigkeiten, da ein in der Neuen Burg
439 3087 1304 3140 der Nationalbibliothek zugesprochener Saal
436 3127 1304 3183 der vorübergehend für die Volkszählung ein
436 3177 1311 3246 geräumt wurde, von dieser noch immer nicht
439 3213 725 3290 freigegeben ist.
615 3256 1128 3346 Der vierzigfache Schlüssel.
469 3316 1301 3406 Was enthält der neue bibliothekarisch¬
432 3386 1311 3439 Schatz? Wir bekommen Uebersetzungen aller
426 3429 1297 3489 bedeutenden wissenschaftlichen und belletristi
429 3476 975 3526 schen Werke aus so gut
998 3476 1311 3536 wie sämtlichen
426 3519 1304 3579 Sprachen. Eine Aufzählung ist unmöglich
419 3556 1247 3612 darum nur Beispiele. Wir werden also
429 3602 1297 3656 unter ungezählten andern — in Esperanto be¬
426 3646 1297 3702 sitzen: Homer, Cervantes, Shakespeare, Goethe
426 3692 1297 3742 Schiller, Grillparzer, Tolstoi, Münchhausen
422 3732 1301 3802 Tagore, Bahr, Zweig, Schnitzler, Shaw. Dann
426 3775 871 3832 Anthologien (Auszüge
911 3775 1301 3832 von maßgebenden
429 3819 1297 3868 schriftstellerischen Arbeiten der Nationen) aus
416 3862 1297 3932 der bulgarischen, katalonischen, tschecho¬
419 3908 1301 3958 slowakischen, ungarischen, schwedischen Pro¬
419 3948 1297 3998 duktion. (Eine solche Oesterreichs ist in Vor¬
412 3992 1297 4041 bereitung.) Wissenschaftliche Werke sind aus
416 4038 1287 4108 allen Sprachen übersetzt, bemerkenswerter
416 4081 1314 4125 weise verhältnismäßig häufig aus der
419 4118 1304 4178 japanischen. Selbstverständlich kommt
