3344 4352
203 185 367 296 13.
406 188 974 311 Miscellane
1251 203 1690 317 box 449
684 651 1329 759 Suden / Salzburg / Semmering
585 699 1427 803 Roulette — Baccara — Chemin de fer
588 779 1424 881 österreichische Casino A. G.
588 836 1427 953 Wien I. Schwarzenbergplatz 5
573 944 1027 1054 OBSERVER
809 1030 1421 1105 1. österr. behördlich konzessioniertes
809 1078 1421 1138 Unternehmen für Zeitungs-Ausschnitte
806 1111 1418 1203 en olleet. Telephon 7813
965 1186 1266 1302 GRATIS
561 1248 896 1341 Ausschnitt aus
750 1314 1003 1415 Nones Wien
1024 1308 1374 1418 Tagblatt. Wien
899 1395 1296 1496 5 OKT. 1936
558 1481 690 1562 vom
543 1565 2729 1693 Das Akademische Gymnasium jubilieri.
481 1690 2822 1774 Wenn das Akademische Gymnasium zu einer Ge¬ wird mit einer Pontifikalmesse, zelebriert durch Kardinal¬
421 1735 1613 1828 denkfeier einlädt, so ist das ein Ereignis, das nicht nur die ehe¬
1639 1768 2819 1825 Erzbischof Dr. Innitzer, im Anstaltsgebäude eingeleitet
1642 1819 2819 1878 während die Gottesdienste für die Schüler der übrigen
427 1825 1613 1878 maligen Schüler betrifft, sondern auch ganz Wien, ja sogar
1636 1863 2816 1926 Bekenntnisse in den betreffenden Gotteshäusern abgehalten
424 1863 1610 1923 ganz Oesterreich ist daran beteiligt und muß sich zu den Gratu¬
421 1917 1604 1971 lanten gesellen, denn groß ist die Dankesschuld für all das, was
1636 1917 2816 1971 werden. Daran schließt sich eine Festversammlung, in der
412 1965 1610 2019 diese hervorragende Anstalt für den geistigen Ruf unsrer
1636 1962 2816 2016 der ehemalige Ministerpräsident Freiherr v. Beck namen¬
421 2010 1613 2066 Heimat geleistet hat. Mit der Jahrhunderte alten Geschichte des
1636 2007 2813 2066 der ehemaligen Schüler das Wort ergreifen wird. Hierau
424 2058 2810 2144 Gymnasiums sind Namen verbunden, die für Oesterreichs erfolgt die Enthüllung und Einweihung der Heldengedenk
421 2102 1738 2171 Kultur das Allerhöchste bedeuten, und in zahllosen Fällen hat tafel.
418 2162 1610 2216 die humanistische Bildung, die diese Schule vermittelt, ganz
1711 2132 2807 2216 Bei der Feier wird man bestimmt eine große Anzal
418 2201 1027 2284 eigenartige Triumphe gezeitigt.
1630 2204 2810 2273 bedeutender Persönlichkeiten sehen können, denn nahezu un
1639 2264 2810 2317 erschöpflich sind die Anstaltskataloge an klangvollen Namen
505 2255 1610 2326 Eine Theorie verlegt die Entstehung, zumindest aber die
1639 2305 2804 2377 und sicherlich werden viele ehemalige Schüler und Lehre
427 2302 1610 2374 Wurzeln der Entstehung der Schule bereits in das 13. Jahr¬
1639 2359 2165 2428 dem Jubiläum beiwohnen.
424 2371 1607 2422 hundert und bringt die Anstalt mit der Bürgerschule zu
1699 2377 2816 2458 Von den Lehrern, die Jahrzehnte an der Anstalt wirkten
418 2416 1613 2473 St.=Stephan, die ursprünglich eine niedere Gelehrtenschule
1636 2446 2816 2511 seien hier nur einige aufgezählt: die Professoren Blume
424 2464 1610 2520 war, in Zusammenhang. Jedenfalls aber ist es erwiesene Tat¬
433 2499 2819 2568 sache, daß das Kollegium der Jesuiten, das ursprünglich Am Hof Hauler, Herold, Hintner, Hoppe, Jakob, Konvalina, Lißner
427 2541 2822 2613 untergebracht war, im Jahre 1622 auf den Dominikaner=Meister, Nick, Neumann, Reider, Schwerdfeger, Tschiany
1636 2601 2822 2649 Windisch und andre. Kurze Zeit gehörten dem Lehrkörper an
430 2613 1607 2664 platz übersiedelte und von da an den Namen „Akademische
430 2637 2816 2741 Gymnasium" führte. Durch diese Bezeichnung war auch die Gelehrte, wie Heberdey, Höfler, Jerusalem, Kalinka, Mekler
1639 2694 2473 2771 Scheindler, Schenkl, Seemüller, Wallentin.
421 2700 1613 2768 nahe geistige und räumliche Verbindung mit der Universität
424 2753 1610 2807 zum Ausdruck gebracht, die sich damals noch auf dem heutigen
1893 2735 2577 2834 Berühmte Schüler der Anstalt.
427 2804 1610 2858 Universitätsplatz befand. Nach der Auflösung des Jesuiten¬
1702 2801 2813 2888 Bei der Aufzählung berühmter Schüler muß man be
424 2846 1610 2903 ordens im Jahre 1773 ging die Schule in die Hände der
1642 2873 2819 2935 Franz Schubert beginnen. Ebenso wie er studierten noch in
427 2891 1607 2950 Piaristen über und wurde 1852 vollständig vom Staate über¬
2019 2924 2816 2980 Hellmesberger, Deinhardstein, Castell
1639 2924 1986 2992 alten Gebäude:
433 2947 1610 3004 nommen. Inzwischen war aber die Schülerzahl derart ge¬
2028 2965 2810 3049 Nestroy, Franz Exner, Hyrtl, Karajan
1636 2965 2001 3028 Bauernfeld, Seidl
427 2995 1607 3046 wachsen, daß das alte Gebäude nicht mehr ausreichte und man
1636 3019 2819 3079 Littrow, Unger, Taaffe, Schmerling, Ignaz v. Plener
424 3040 1616 3094 in den Jahren 1863 bis 1866 an die Errichtung eines neuen
1636 3067 2822 3121 Kardinal Rauscher, Freiherr v. Eskeles, Wertheimstein, Metax
424 3088 1616 3145 Baues schritt, dessen Ausführung keinem Geringeren als dem
1639 3112 2831 3174 Winiwarter, Kajetan Felder und viele andre. Aber auch da¬
424 3139 1607 3189 Dombaumeister Friedrich Schmidt übertragen wurde. Der
1633 3159 2819 3225 neue Gebäude setzte die illustre Reihe fort. Von Staats¬
424 3183 1610 3237 Baugrund wurde von Kaiser Franz Josef I. auf den Stadt¬
1639 3204 2822 3270 männern seien nur erwähnt: Beck, Hainisch, Masaryk, Gra¬
430 3231 1622 3306 erweiterungsgründen zur Verfügung gestellt, die Baukosten
1639 3252 2822 3312 Thun=Hohenstein, Redlich, Konstantin Dumba, Prix, Porzer
427 3279 1036 3360 beliefen sich auf 500,000 Gulden.
1630 3306 2831 3360 Geßmann, Felix Frank, Freiherr v. Schießl; von bedeutenden
1633 3354 2828 3407 Künstlern: Hofmannsthal, Schnitzler, Daniel Spitzer, Alten¬
791 3345 1236 3449 Die Traditionsfeier.
1633 3401 2828 3455 berg, Beer=Hofmann, Wertheimer, Oberleithner, Bittner,
511 3410 1613 3500 Siebzig Jahre sind es nun her, daß das Akademisch¬
1639 3446 2837 3506 Wengraf. Aus der Fülle berühmter Gelehrter seien hier nur
433 3491 2828 3554 Gymnasium seine Uebersiedlung durchführte und den herausgegriffen: Wilhelm Scherer, Schey, Schenkl, Finger,
427 3551 2825 3610 wunderschönen Bau nächst dem Schwarzenbergplatz bezog. Robert v. Lieben, Hauler, Guido Adler, Frankfurter, Grün¬
1639 3586 2837 3643 hut, Fournier, Scherich, Professor Clairmont (Zürich), der
436 3589 1616 3646 Die Anstalt nimmt diese historische Denkwürdigkeit zun
1639 3634 2825 3700 Nobelpreisträger Schrödinger. Schließlich seien noch Bundes¬
433 3640 1535 3697 Anlaß, um am 31. d. eine Traditionsfeier abzuhalten,
427 3688 2816 3751 der auch vornehmlich der im Kriege gefallenen vier Lehrer und wirtschaftsrat Dr. Margaretha, Dr. Kink, Dr. Richard Preß¬
1639 3736 2562 3807 burger und Professor Dr. Oppenheim erwähnt.
430 3736 1613 3799 54 Schüler der Anstalt gedacht werden soll. Die Eltern
1711 3748 2822 3843 Besonderes Interesse dürfte auch eine Ausstellung histori¬
433 3787 1613 3843 vereinigung des Gymnasiums stiftete eine Gendenktafel, ein
436 3825 2828 3924 hochwertiges Kunstwerk im Laaser Marmor, dessen Schöpfer scher, interessanter Objekte finden, welche die Geschichte der
430 3882 2114 3942 der akademische Bildhauer Josef Josephu ist. Die Feier Anstalt illustrieren wird.
