3392 4352
244 170 1103 299 s
1280 195 1767 282 b 44/10
536 1134 3315 1204 Studenten, die ihnen doch viel näher stehen, zu verbinden, turg und der Geldgeber, und man wird fast kein Theater heilige Religion angreift. Nun
539 1172 1625 1218 gehen sie mit den Juden und Tschechen gemeinsam vor.
1656 1190 3312 1238 finden, wo nicht einer von den Dreien ein Jude ist, der ein neuer Judenroman erschie¬
536 1214 1621 1259 Ich war selbst, wie ich noch im Gymnasium war, Gegner
1656 1221 3312 1277 Inde diktiert alles übrige und unsere christlichen Autoren Weg nach Zion“. Es ist unglau
536 1252 3315 1311 der katholischen Studentenverbindungen, wie ich aber dieses können keine ihrer Theaterstücke zur Aufführung bringen, geleistet wird; der Staatsanw
546 1287 1621 1336 gemeinsame Vorgehen gegen die katholischen Verbindungen
1645 1298 3305 1350 selbst wenn sie den Leidensweg von einem zum anderen dem scheußlichen Inhalte diese
546 1339 2724 1392 sah, wurde ich selbst katholischer Couleurstudent. Die katho= antreten. Es ist von gut christlichen Autoren, Mitglieder
2752 1346 3315 1395 dem Romane wird die Blutsch
539 1367 1614 1416 lischen Studenten verlangen ja nicht mehr als jene Gleich
1645 1374 3312 1433 der Deutsch=österreichischen Schriftstellergenossenschaft, be¬ aber das freimütige Bekennt
539 1409 3305 1468 berechtigung, die ihnen als akademische Bürger und auf kannt, wie sie unter den Schikanen der Cliquenwirtschaft ablegt, wie weit es die
539 1447 2720 1506 Grund des Vereinsrechtes zusteht; sie wollen nur, daß es leiden; wenn ein Autor nicht eine Empfehlung von Feli¬
2748 1461 3305 1506 daß sie alle Völker und
539 1485 1618 1531 ihnen erlaubt ist, Vereine zu gründen. Es ist aber so weit
1642 1492 2724 1555 Dörmann und Artur Schnitzler vorbringt, wird er unter
2752 1499 3308 1552 Diese Worte sollen uns eine
536 1520 2247 1579 gekommen, daß katholische Studenten nicht mehr promo¬ Umständen gar nicht empfangen.
2745 1538 3308 1600 der Jude soll uns nicht umson
539 1555 1625 1607 vieren können. So ist es der Fall bei meinem Kollegen Aldrian
1725 1548 3312 1638 In unserem Burgtheater ist der Direktor Schlenther uns einig zusammenschließen.
539 1600 1618 1649 in Graz, der bis nun nicht promovieren konnte, weil Un¬
1638 1593 3312 1666 zwar ein Christ, er ist aber von den Juden importiert Volkstheaterpreises hat sich der
539 1642 3312 1705 ruhen an der Universität befürchtet wurden. Nun wird aber worden, damit sie leichter ihre Stücke anbringen. Ein die Stimmen auf einen christl
539 1680 1618 1722 dank der christlichsozialen Abgeordneten seine Pro: non an
1652 1687 3308 1736 Zeichen seiner Tätigkeit ist, daß von zehn Premieren, die vereinigt haben; aber nicht
536 1719 2724 1781 Samstag erfolgen, obwohl die deutschfreisinnige nach der letzten Zeit seines Direktoriums aufgeführt wurden
2755 1739 3315 1781 sondern das eines gewissen Le¬
532 1757 1492 1799 radikale Studentenschaft dieselbe nicht zulassen
1524 1760 2724 1826 Nun sieben von jüdischen Autoren herrühren, die drei anderen
2752 1774 3305 1819 feld heißt und ein Bruder des
532 1767 1618 1840 hat aber die christliche Bevölkerung von Graz erat, daß
1645 1805 3305 1854 sind von Ehrenchristen wie Hermann Bahr, der einmal fabrikanten Viktor Leon ist.
539 1833 1614 1879 sie eventuell mit dem Knüttel in der Hand den Deutsch¬
1642 1840 2717 1906 Antisemit war, sich aber eine Jüdin als Frau beigeleg
2745 1847 3315 1896 und Kunst ist, ist es auch in de
536 1879 2567 1934 radikalen den Terrorismu, austreiben wird. Interessant ist hat und nun wird er im Burgtheater aufgeführt
2738 1896 3315 1941 Literaturgeschichten fehlt der N
529 1913 1611 1959 auch der Druck, den die „Neue Freie Presse“ auf die Pro¬
1722 1906 2717 1972 Unser großer Dichter Schüler hat in seiner „Mora¬
2741 1931 3305 1990 alle jene sind darin enthalten,
539 1931 2720 2014 fessoren ausübt. Wer sich untersteht, nicht genau nach der lischen Schaubühne die Forderung aufgestellt, daß das
2745 1972 3301 2014 Presse" gegenseitig beloben.
536 1986 1611 2035 Initiative Benedikts zu schreiben, der wird förmlich aus
1638 2000 2720 2049 Theater sittlich auf das Volk wirke. Unse jüdische Clique
2745 2000 3308 2052 sache, daß in Haus Benzmann
539 2035 3319 2094 geschlossen aus der Gelehrtenwelt. Das ist dem Professor hat es so weit gebracht, daß das Theater entsittlicht. Da unter 170 Antoren nur 30 Oeste
536 2066 2717 2129 Schrötter passiert. Professor Schrötter hat in einem brauchen wir nicht auf das Josefstädter Theater zu blicken,
2748 2087 3308 2132 Diese sind lauter Nichtarier und
543 2108 2724 2167 Artikel seine Kollegen aufgefordert, nicht immer das reli¬ denn jedes Theater steht heute auf dem Standpunkte, daß
2752 2122 3294 2171 Felix Dörmann, Emil Faktor
539 2146 2710 2206 giöse Gefühl der Bevölkerung anzugreifen, und sollte es es ohne Ehebruchsdramen und französische Sittenstücke nich
2748 2150 3319 2212 Hoffmann, Paul Leppin, Steph.
529 2181 1614 2233 nicht vermieden werden können, die religiöse Ueberzeugung
1638 2195 2717 2244 geht. Es ist doch darüber nichts zu sagen, daß ein Stück
2738 2206 3315 2265 Adolf Donth, Hugo Sahis, vor
525 2226 3312 2286 anzugreis so soll dies doch mit Takt geschehen. Das ist wie „Rose Berndt" erst über Intervention der Erzherzogin Dr. Hugo v. Hofmannsthal, en
529 2261 682 2303 eine re¬
744 2254 2887 2324 rnünftige Schreibart und dieser Artikel wurde Valerie vom Burgtheater verschwinden mußte. Es ist zwar ginellste
3086 2286 3204 2338 einem
525 2299 2706 2369 von der neuen Freien Presse“ nicht aufgenomme, weil Gerhart Hauptmann auch ein Christ, er ist aber ein Schütz
2748 2306 3312 2366 zu denen auch der Dramati
536 2341 2717 2404 er ihr nicht in den Kram paßt. Ich komme nun, führte der ling der Presse, er gehört zur Clique und darum hat ihm
2745 2352 3305 2411 der Novellist Peter Altenberg
529 2376 1611 2428 Vortragende weiter aus, auf mein eigentliches Thema zu
1635 2393 2717 2442 auch Hofrat Minor zweimal den Grillparzer=Preis verliehen.
2741 2393 3312 2459 der mit dem bürgerlichen Nam
529 2414 1604 2463 sprechen: Kunst und Literatur. In der Architektur und bilden
1649 2425 3308 2484 In jüngster Zeit hat den Grillparzer=Preis Artur Schnitzler da als Dichter Beachtung. Ei
529 2459 1611 2501 den Kunst spielen die Juden noch keine Rolle. Sie sind
1638 2466 3315 2515 bekommen. Nun wissen wir, wie der neue Grillparzer aus deutsche Drama der Gegenwar
536 2494 1611 2539 lieber Bauspekulanten als Baumeister, sie wollen nicht da¬
1645 2512 3315 2564 schaut? Er hat eben zehn Liebesabenteuer in einem Buche dem bürgerlichen Namen Spitz
529 2529 1604 2574 Handwerksmäßige der Kunst betreiben, weil es nicht mühe
1642 2550 2710 2595 geschildert, so daß Boccacios Decamerone dagegen als mora¬
2738 2550 3312 2606 sollte eigentlich „Der Weg nach
532 2574 1607 2619 los ist. Ein müheloser Erwerb besteht aber in der Kunst¬
1638 2588 2706 2630 lisches Musterbuch gelten kann. Dieser Fall ist typisch dafür
2734 2581 3329 2661 man die Bilder ansieht, kommt
525 2613 2950 2693 kritik und wer die kunsthistorischen Vorlesungen besucht, wird wie der Hofre Minor irgendeinen Schmutzfink herausgreift versetzt vor
539 2651 1604 2713 finden, daß unter den ganzen Hörern sich nur zwei bi¬
1638 2661 2703 2713 und ihn zum Dichter stempelt. So ist es auch mit Feli
2825 2640 3319 2731 Man sieht also, wie trauri
525 2689 894 2752 drei Arier befinden.
1628 2700 2710 2748 Törmann der Fall, der eigentlich Felix Liebermann geheißen
2734 2689 3246 2766 und Literatur beschaffen ist.
605 2703 3301 2790 In der Musik verdienen die Juden auch noch nicht und seinen Namen bei der Statthalterei hat ändern lassen, nie in der Hochschulfrage. W
525 2752 1607 2811 viel. Meyerbeer und Mendelssohn sind zwar glänzende
1635 2776 2703 2832 Was Professor Minor nicht besorgt, besogt Professor Eric
2734 2783 3315 2846 suchen, um gegen das übermäch
525 2811 1600 2856 Sterne, aber Richard Wagner hat sie durch seine groß
1628 2818 2706 2870 Schmid, der sich den Ausspruch geleistet hat, man könnte ehe
2734 2825 3305 2880 zukämpfen. Vor allem wäre
525 2853 3315 2919 artigen Werke weit überboten. Bemerkenswert ist aber, daß einen Uhland, einen Eichendorf von der deutschen Literatur deutsches Volkstheater zu bekom¬
525 2891 2706 2947 Richard Wagner hauptsächlich wegen seiner Broschüre „Tuo geschichte streichen, als einen Heine, dem die Palme der
2734 2905 3287 2950 Volksstücke aufgeführt werden
525 2926 1607 2971 Judentum in der Musik von der jüdischen Presse heftig
1638 2929 2703 2985 Unsterblichkeit verliehen. Der Mann sollte sich dieses Aus
2741 2943 3315 3002 so daß auch unsere Kleingewe¬
525 2974 3315 3030 angegriffen wurde. Die „Neue Freie Presse“ hat ihn durch spruches schämen bis ins Mark hinein, aber er gehört auch kommen, das Theater zu besu
525 3006 1604 3051 Professor Hanstik und einen gewissen Spitzer in den Ko¬
1635 3016 2710 3065 zu den Schützlingen der deutschradikalen Studentenschaft und
2734 3016 3291 3079 Theater besessen, leider ist es
525 3040 1611 3089 reißen lassen, allein das großartige Genie Richard Wagners
1638 3051 2713 3100 zu jenen, welche die Wissenschaft gegen jeden Angriff schützen.
2741 3054 3294 3107 schwunden, zum großen Teile
525 3082 3312 3148 hat sich doch durchgerungen und strahlt heute in vollem Es ist noch ein Stückchen des Hofrates Minor zu beleuchten, jüdischen Presse. Es ist aber no
525 3120 1604 3166 Ruhmesglanze. In der Operette ist es anders, da spielen
1628 3127 3315 3204 Er hat einmal auch eine christliche Schriftstellerin prämiiert, Arbeiter eine günstige Bildung
525 3155 1607 3207 Halevy und Offenbach eine große Rolle und da drängen
1638 3169 2703 3214 Frau Handel Mazetti, aber nur, weil er gleichzeitig Herrn
2814 3180 3315 3228 Auch der Abgeordnete
529 3200 3308 3267 sich die Juden ein. So wie aber ein jüdischer Trödler Werner v. Oesteren für seinen Roman „Christus und nicht Arbeiterheime Theaterstücke an
525 3239 2703 3294 keinen neuen Anzug braucht, da er seine Ware umwenden Jesus" prämiieren wollte, und er hofft die christlich anti¬
2731 3249 3340 3312 französische Sittenstücke, sondern
525 3280 3312 3343 läßt, ist es auch in der Operette. Da wird an der Musik semitische Opposition zu befriedigen. Oesteren heißt eigentlich würklich bildende Tendenz haben
518 3326 3305 3378 etwas gewendet, es kommt doch etwas Neues heraus, das Goldbauch und ist Sohn einer Jüdin; woher er diesen zösischen Sittenstücke anbelangt,
525 3357 3305 3434 Geld und Geschäft macht und der Geschäftsstandpunkt ist Namen hat, weiß man nicht. Er wurde getauft, da war reich gar nie gesehen. Es gibt
525 3395 1124 3461 doch beim Juden die Hauptsache,
1621 3399 3308 3451 sogar ein Domherr Taufpate. Er ist in ein Jesuitenkollen Pseudonyms wählen. Ein Be¬
612 3406 3246 3493 Damit sind wir beim Theater angelangt. Beim Theater gebracht worden, aus welchem er bald geliefert wurde und „Nichts zu machen", dessen
525 3465 3308 3545 spielen drei Faktoren eine Rolle, der Direktor, der Drama nun hat er seinen Roman geschrieben, in dem er unsere Ein eigenes Kapitel bilden die
