3392 4352
248 271 386 351 13.
440 277 1101 366 Miscellaneous
1303 272 1725 362 box 449
2108 209 2868 266 Wollzeile 11. Telephon R 23-0-43
2101 333 2427 411 Ausschnitt aus
2708 458 2838 545 93
2108 494 2233 546 vom
2152 620 2860 710 Eine viel zu gebildete Braut
2083 702 2922 749 Will er Schnitzler — will sie Schopenhauer, will
2086 744 2919 796 er zum Heurigen, will sie ins atonale Konzert!
2118 786 2919 840 Ich habe eine Braut, deren Bekanntschaft ich
2086 826 2918 878 in der Sommerfrische machte. Dort hatte ich
2083 868 2921 915 nicht so Gelegenheit gehabt, ihr Wesen kennen¬
2091 900 2914 959 zulernen wie jetzt in Wien und ich muß sagen,
2095 941 2922 984 daß mir dieses große Bedenken macht. Sie ist
2083 971 2917 1017 24 Jahre alt, ich bin 29, habe Mittelschulbil¬
2083 1018 2922 1060 dung und bin in einer sicheren Anstellung. Nach
2085 1052 2928 1105 des Tages Mühe habe ich nun das Bedürfnis,
2082 1087 2917 1144 bei leichter Musik, bei einem Lustspiel u. dgl.
2090 1133 2922 1177 geistig auszuspannen. Meine Braut aber hat eine
2083 1168 2920 1217 vollkommen gegenteilige Einstellung. Will ich
2092 1204 2919 1248 Schnitzler — will sie Schopenhauer, will ich zur
2080 1248 2919 1286 „Madame Pompadour“ oder zum „Gütigen
2090 1281 2920 1327 Antonius, will sie zu Shakespeare und Richard
2092 1313 2919 1359 Wagner. Will ich zu Johann — will sie zu
2083 1353 2917 1398 Richard Strauß. Sie ist empört, ihr einen
2086 1396 2914 1435 „unseinen Heurigenbesuch vorzuschlagen und
2083 1433 2915 1478 ihr die während des Tages gesammelte Er¬
2077 1468 2922 1511 hebung, die sie in Museen und Bibliotheken
2083 1509 2917 1549 geholt hat, zu zerstören. Sie versäumt keine Ge¬
2083 1542 2923 1599 legenheit, mir die Inferiorität meiner Bildung
2083 1582 2922 1624 und banalen Durchschnittlichkeit fühlen zu lassen.
2086 1615 2919 1666 Dazu erklärt mir meine Braut, kein wirtschaft¬
2077 1651 2917 1699 liches Interesse zu haben, daher ein Dienstmäd¬
2083 1695 2920 1740 chen gehalten werden muß. Dies alles macht
2086 1734 2919 1790 mir schwere Sorgen. Mein Gefühl sagt ja, mein
2080 1770 2808 1816 Verstand nein! Wem soll ich da folgen!
2164 1803 2917 1850 Antwort: Wenn Sie können, natür¬
2125 1841 2922 1893 lich dem Verstand; und der ist bei Ihnen hand¬
2125 1882 2917 1928 fest genug, um zu durchschauen, daß diese
2128 1925 2923 1969 ganze hochgeistige Bildungsflunkerei Ihrer
2125 1957 2922 2005 Braut nur Mache ist. Es gibt solche Mädchen
2124 1998 2915 2043 heute mehr denn je: Blaustrümpfe, die mei¬
2125 2032 2920 2078 nen, je weniger der Durchschnittsmensch von
2119 2070 2914 2115 irgend einer Kunstrichtung oder Welt¬
2122 2105 2914 2158 anschauung versteht, desto mehr müsse er sich
2125 2144 2917 2192 dafür interessiert zeigen. Frauenzimmer, deren
2125 2182 2920 2222 Gehör einen Schuhplattler oder den Radetzky¬
2125 2220 2917 2260 Marsch kaum von einer Symphonie unter¬
2129 2255 2914 2302 scheiden können, füllen die Konzertsäle, wo
2113 2296 2919 2344 atonale Musik in Freiheit vorgeführt wird.
2122 2339 2914 2380 In Wahrheit würde ihnen ein Heurigenguar¬
2122 2371 2917 2416 tett mehr zusagen. Sie sitzen in den Biblio¬
2116 2406 2917 2458 theken ernsten Studierenden die Plätze weg
2116 2448 2919 2490 und flunkern dann daheim mit angelernten
2125 2485 2920 2527 Bildungsbrocken. Sie verstehen den Sinn
2125 2521 2917 2566 indischer Aphorismen, aber keinen guten Witz,
2121 2557 2919 2607 sie haben empfindsame Nerven, aber keinen
2122 2593 2922 2641 Humor und sie spielen die gekränkte Leber¬
2122 2638 2918 2685 wurst, wenn einer an den Ernst ihrer psycho¬
2119 2672 2914 2716 logischen Forschung zweifelt. Kurz gesagt! Sie
2116 2710 2919 2753 sind unausstehlich und die noch in allen
2113 2748 2914 2797 Dingen ungeschickt, die jedes andere Durch¬
2124 2784 2915 2830 schnittsmädel im kleinen Finger hat. Sie
2113 2826 2917 2874 wissen, daß in den Speisen Vitamine sind
2119 2862 2917 2902 und daß sie Kalorienwerte haben, nicht aber,
2113 2896 2914 2945 daß man in ein gutes Gullasch viel Zwiebel
2119 2936 2917 2977 geben muß und daß man den Reis vor Ge¬
2112 2973 2907 3019 brauch waschen muß. Diese primitiven Kennt¬
2116 3013 2919 3053 nisse mutet sie nur einem Dienstmädel zu, das
2113 3044 2928 3087 von Nietzsche keine Ahnung hat. — Nein, mein
2119 3082 2922 3142 lieber Freund! Das ist kein Kaffeehaus für
2116 3121 2901 3170 Sie! Ihr Verstand muß über das Gefühl
2122 3157 2912 3208 siegen, sonst wird er sich einst bitter rächen
2125 3203 2904 3243 Sie sind nämlich gar nicht so inferior, als
2119 3235 2901 3283 Ihre Braut annimmt. Sie haben sehr recht
2116 3272 2905 3310 daß Sie nach des Tages Schinderei die sauer¬
2122 3310 2907 3356 töpfige Philosophie Schopenhauers lieber mit
2113 3347 2914 3391 den Weisheiten des „Gütigen Antonius ver¬
2116 3387 2914 3430 tauschen und daß Ihnen an solchem Abend
2113 3427 2914 3470 die nette „Pompadour mehr zu sagen hat
2119 3458 2914 3521 als Hamlet. Recht verstanden: der gebildete
2122 3498 2907 3540 Mensch wird sich auch an Shakespeare er¬
2122 3536 2912 3580 bauen und auch ein Museum anschauen, aber
2122 3575 2907 3620 doch nicht fortgesetzt und ausschließlich! Gerade
2113 3609 2918 3664 der wirklich Gebildete nimmt gerne Teil am
2122 3650 2907 3691 Vergnügen des harmlosen und unverbildeten
2125 3686 2910 3730 Volkes, und vor allem spricht er nie über
2129 3728 2918 3770 seine hohen ästhetischen Gefühle, er drängt
2131 3762 2907 3808 ich mit seiner Hochgeistigkeit nicht auf, son¬
2116 3799 2910 3840 dern ist bescheiden, natürlich und versteht
2113 3839 2910 3882 Spaß. Den aber versteht Ihre liebe Braut
2113 3877 2910 3921 auf keinen Fall! Und eine Ehe so ganz scherz¬
2119 3917 2908 3956 los und so ganz klassisch auf Nietzsche und
2113 3952 2907 3996 Schopenhauer eingestellt, ist zum Sterben
2119 3996 2910 4032 langweilig — aber es dauert lang, bis man
2113 4024 2914 4075 an ihr stirbt. Nein; Sie sind wirklich zu
2122 4063 2914 4120 guter Durchschnitt und deshalb folge
2113 4105 2612 4170 der Stimme des Verstandes!
2491 4131 2883 4184 Herzensfreund.
