3344 4352
231 169 352 257 13
430 163 1097 284 ses
1288 180 1717 271 box 449
501 319 967 383 SEREN
747 319 1349 402 1. österr. behördlich konzessioniertes
750 377 1338 442 Unternehmen für Zeitungs-Ausschnitte
744 407 1350 479 Wien 1, Wollzeile 11, Telephon R-23-0-43
519 584 1332 732 Ausschnitt aus
538 834 651 895 vom
853 810 1060 914 3.
478 961 1655 1069 Der Tiroler Franz Hochegger, ein österreichischer
929 1060 1224 1146 Schulmann.
513 1124 1649 1214 Das Akademische Gymnasium in Wien beging in diesen
463 1195 1649 1247 Tagen eine Festfeier mit der Enthüllung einer Helden¬
472 1238 1644 1300 gedenktafel für gefallene Lehrer und Schüler und verband da¬
467 1295 1652 1362 mit eine Feier zur Erinnerung an den 70jährigen Bestand des
463 1334 1640 1402 jetzigen Anstaltsgebäudes. Das Aufblühen dieser Schule ist un¬
466 1396 1652 1445 auflöslich verbunden mit dem Namen eines Tirolers, des
463 1442 1284 1495 Regierungsrates Dr. Franz Hochegger.
506 1486 1644 1569 Das „Akademische“ ist das älteste Gymnasium Oesterreichs,
478 1529 1640 1603 seine allerersten Anfänge können bis in die erste Hälfte des
464 1591 1647 1664 13. Jahrhunderts zurückverfolgt werden. Bis zum Jahre 1866
463 1628 1643 1702 befand es sich, in den Räumen äußerst eingeschränkt, auf dem
467 1677 1643 1758 Universitätsplatz in der Inneren Stadt. Der zähen Tatkraft
472 1735 1644 1804 seines damaligen Direktors Hochegger war es zu danken, daß
466 1785 1634 1841 durch die Förderung des Kaisers Franz Josef und des Mini¬
472 1829 1640 1891 steriums Schmerling die Schule ein neues Heim bekam.
466 1882 1641 1949 Am 18. Oktober 1866 wurde der gotische Prunkbau, ein Werk
466 1922 1638 1995 des Dombaumeisters Friedrich Schmidt, auf den damaligen
466 1973 1641 2035 Stadterweiterungsgründen am Wienfluß eingeweiht. Unüber¬
463 2018 1638 2089 sehbar sind die Namen bedeutender Männer, die aus der An¬
469 2076 1637 2140 stalt hervorgegangen sind. Um nur einige zu nennen: Castelli,
466 2125 1641 2184 Bauernfeld, J. G. Seidl, Nestroy, Schubert, Hellmesberger;
463 2169 1638 2233 Exner, Hyrtl, Unger, Schmerling, Taaffe, Redlich, Michael
460 2223 1634 2285 Hainisch, Masary; Scherer, Hauer, Escherich, Zumbusch; Hof¬
460 2273 1635 2336 mannsthal, Schnitzler und der Nobelpreisträger Schrödinger.
458 2313 1634 2384 Bedeutende Lehrer waren an der Anstalt tätig, hervorragende
457 2363 1638 2416 Schulmänner sind aus ihr hervorgegangen. Auf die Entwick¬
457 2418 1637 2474 lung dieser berühmten Schule hat Hochegger als Direktor
457 2459 1374 2538 durch viele Jahre bestimmenden Einfluß geübt.
504 2514 1643 2586 Franz Hochegger entstammte einer alten Bürgersfamilie
460 2557 1631 2629 in Innsbruck, wo er am 4. Oktober 1815 in der Maria¬
458 2617 1634 2685 Theresien-Straße zur Welt kam, in dem Hause, dass im Jahre
457 2663 1634 2719 1934 abgerissen wurde und dem Umbau für den Sparkassen¬
457 2715 1638 2771 durchgang Platz gemacht hat. Nachdem er in seiner Vaterstadt
451 2768 1634 2833 das Gymnasium und den philosophischen Kurs beendet hatte,
452 2808 1628 2872 begann er an der Innsbrucker Universität Sprachen und Lite¬
457 2863 1635 2913 ratur zu studieren, ging dann aber nach Wien. Bei der Aus¬
460 2903 1634 2969 sichtslosigkeit, damals im Lehramte unterzukommen, widmete
451 2962 1634 3018 er sich zwei Jahre der Heilkunde und darauf zwei Jahre dem
460 3006 1634 3065 Rechtsstudium, ohne jedoch Geschmack daran zu finden. Seine
457 3054 1634 3108 Neigung zog ihn unwiderstehlich zu den Sprachen. Mühelos
457 3107 1633 3169 erlernte er Französisch und Italienisch, trieb Englisch und
463 3145 1637 3210 Spanisch; auch die deutsche Literatur fesselte ihn, doch seine
451 3199 1634 3265 dauernde Liebe galt den klassischen Sprachen, vor allem dem
452 3238 605 3309 Latein.
497 3290 1631 3360 Die gewaltige Umwälzung, die das Jahr 1848 im öster¬
452 3318 1630 3407 reichischen Unterrichtswesen auslöste, brachte ihn dann doch ins
451 3388 1628 3447 Lehramt; er kam 1850 als Supplent an das Josefstädter Gym¬
451 3440 1625 3500 nasium in Wien, legte hierauf die Lehramtsprüfung ab und
454 3488 1631 3556 wurde auch Privatdozent an der Universität. Bereits 1852 ging
451 3536 1633 3595 er als wirklicher Lehrer nach Preßburg, kam aber schon
445 3590 1628 3639 das Jahr darauf an das Theresianum nach Wien zurück.
454 3633 1631 3689 1856 erhielt er eine Professur an der Universität in Pavia,
445 3681 1622 3743 von der ihn aber 1859 der Krieg vertrieb. Er erhielt darauf
451 3728 1625 3783 die Lehrkanzel für klassische Philologie an der Prager Univer¬
460 3777 1627 3840 sität, folgte jedoch schon nach einem Jahr dem Wunsche der
445 3830 1627 3879 österreichischen Regierung, die Leitung des Akademi¬
466 3877 1470 3939 chen Gymnasiums in Wien zu übernehmen.
487 3932 1625 3990 Damit hatte Hochegger das richtige Betätigungsfeld für seine
445 3984 1619 4038 unermüdliche Schaffenskraft gefunden. Er war ein eifriger
445 4031 1619 4089 Verfechter des Wertes der klassischen Sprachen und ihrer Stel¬
448 4083 1630 4160 lung im Unterrichte. Er erwies sich als aufrechter deutscher
1701 989 2869 1047 Mann und war vor allem ein warmer Förderer und Freund
1702 1035 2869 1099 der ihm anvertrauten Lehrer und Schüler, die bereits 1867
1696 1094 2870 1150 ihm den Dank dafür sichtbar zum Ausdruck brachten, indem
1705 1139 2875 1204 sie sein Bild neben dem des ebenso berühmten Schulmannes
1693 1192 2867 1250 Karl Enk von der Burg feierlich in der Anstalt enthüllten.
1696 1232 2864 1294 Er veröffentlichte zahlreiche wissenschaftliche Arbeiten, war
1702 1287 2855 1341 Schriftleiter der „Zeitschrift für die österreichischen Gymnasien"
1693 1335 2864 1392 Mitherausgeber des grundlegenden Werkes „Die Fortschritte
1692 1380 2867 1461 des Unterrichtswesens in den Kulturstaaten Europas" und rief
1699 1427 2506 1485 1860 den Verein „Mittelschule" ins Leben.
1738 1465 2864 1532 Der Festsaal seiner Anstalt sah aber auch künstlerische Ver¬
1696 1522 2864 1587 anstaltungen. Hochegger, der sich in seinen Mußestunden als
1699 1572 2866 1630 Tondichter mit Erfolg versuchte, schuf aus seinen Schülern
1699 1622 2870 1684 einen prächtigen Chor. Die Wiener Singakademie gab dort
1693 1675 2864 1735 unter Rudolf Weinwurm wiederholt ihre Konzerte, Wil¬
1699 1721 2866 1777 helm Jordantrug seine „Nibelungen“ vor, der Shakespeare¬
1699 1773 2867 1829 vorleser Rudolf Genée, Karl Vogt u. v. a. hielten dort
1701 1814 1879 1874 Vorträge.
1743 1865 2866 1937 Schließlich darf auch die dichterische Begabung Hoch¬
1702 1911 2864 1968 eggers nicht vergessen werden. Adolf Pichler, der als Stu¬
1696 1962 2864 2024 dent in Wien viel mit ihm verkehrte, brachte schon ein Gedicht
1696 2011 2863 2067 in den „Frühliedern aus Tirol“. Hochegger versuchte sich aber
1699 2061 2861 2118 auch auf dem Gebiete des Dramas, doch nur ein Schauspiel,
1687 2098 2866 2165 „Suleika" (1845) übergab er der Oeffentlichkeit, in dem
1699 2153 2867 2212 er, beeinflußt durch die Romantik, die alte Sage des Grafen
1690 2200 2149 2262 von Gleichen behandelt.
1729 2242 2867 2310 Die aufreibende Tätigkeit des körperlich kräftigen Mannes
1695 2298 2863 2366 hatte ein Gehirnleiden zur Folge, dem leider eine Urlaubsreise
1696 2351 2864 2401 nach Italien nicht die erhoffte Heilung brachte, sondern dem er
1698 2397 2860 2462 in der Nacht des 27. September 1875 zu Hall in Tirol erlag.
1693 2441 2861 2498 Von seinen vier Kindern lebt heute noch seine einzige Tochter
1696 2490 2855 2549 Virginia hochbetagt in Innsbruck als die Witwe des Uni¬
1696 2545 2468 2617 versitätsprofessors Dr. Karl Brunner.
2399 2583 2829 2668 Dr. Hans Lederer.
