3344 4352
247 261 1005 367 13. Miscellane
1284 272 1757 363 b 44/10
1492 1097 2113 1171 mengefreiung und Rentenbezug im Falle
522 1104 1164 1171 Gewinnanteil mit Garantie dreiprozentige
522 1139 2113 1210 der Invalidität. — Kostenfreie Kriegsversicherung. — Reisen nach allen Teilen der Erde frei. — Unanfechtbare, un¬
1182 1185 1478 1235 verfallbare Polizze.
1598 1309 3316 1362 fessor zu berufen ist, die „Neue Freie Presse“ konstatiert, unter 3 Primararzten 2 Juden (25
501 1316 1563 1397 Die Aufgaben der christlich
2751 1355 3316 1418 Juden (40 Prozent) und unter
1598 1344 2688 1400 wer als Schriftsteller einen Preis zu erhalten hat. In der
1605 1390 3312 1439 letzten Zeit habe ich es mit größter Freude begrüßt, daß 5 Prozent), im Wiedener Sp
515 1309 1577 1485 sozialen Partei auf dem Gebiet
1605 1436 2695 1478 Abgeordneter Professor Schmid im Budgetausschusse an
2737 1432 3319 1492 Juden (88 Prozent), unter 6 Assi
1601 1471 3312 1527 die Unterrichtsverwaltung die strenge Mahnung richtete, der und unter 12 Sekundarärzten 11
603 1467 1503 1556 der Kunst und Literatur.
1605 1506 2826 1563 überhandnehmenden Verjudung an den Mittelschulen Be¬ paren
2801 1527 3330 1598 Hand in Hand mit dem An¬
1605 1545 2684 1594 achtung zu schenken und einen Modus ausfindig zu machen
494 1545 1587 1640 de des Dr. Falkmajer im deutschantisemitischen
2716 1587 3316 1644 fessorenzahl geht auch die Zunahme
1605 1587 2681 1637 daß die Zahl der jüdischen Mittelschüler in ein gleich¬
815 1605 1270 1686 Wählerverein „Zukunft“.)
2716 1626 3312 1676 schaft. So bildeten im Jahre 1903,
1605 1626 2688 1672 mäßiges Verhältnis zu den christlichen Mittelschülern ge¬
582 1669 3330 1718 Der deutschantisemitische Wählerverein „Zukunft ver= bracht wird. Wir haben in Wien in den Gymnasien 33 an sämtlichen deutschen Universitäten
501 1704 3309 1760 anstaltete Donnerstag abends in Nowaks Juliensaal auf der Prozent Juden, ja an einem Gymnasium beträgt die Pro= an der Wiener Universität befande
1612 1746 3326 1795 zentzahl der Juden 78 Prozent, so daß es einzelne Klassen Juden, an der Technischen Hochschu
501 1753 1591 1806 Landstraße Hauptstraße seinen ersten Vortragsabend und hatte
501 1781 3326 1845 zu demselben Dr. Faikmajer gewonnen, welcher über die gibt, in welchen die Christen an den Fingern herzuzählen der medizinischen Fakultät in Wi
1616 1820 3305 1880 sind. Noch größer ist die Verjudung in den deutschböhmischen Hörer Juden, in Einzeljahrgängen
501 1831 1591 1884 Aufgaben der christlichsozialen Partei auf dem Gebiete der
1612 1859 2861 1908 und deutschmährischen Städten; so gibt es zum Beispiele Prozent.
501 1870 1591 1922 Kunst und Literatur zu referieren hatte. Die Veranstaltung war
2801 1884 3309 1961 Wenn wir dabei bedenken,
501 1901 2691 1961 außerordentlich zahlreich besucht und hatten sich zu dem inter in Mährisch=Ostrau Klassen, wo kaum zwei arische Schüler
501 1922 3319 2000 essanten Abende unter anderen eingefunden: Die Reichsrats¬zu finden sind. Das Typische war, daß im Budgetausschusse Oesterreich 5 Prozent, in Wien
1609 1982 3326 2032 sich die Sozialdemokraten als Judenschutztruppe par muß man derartige Zustände als
504 1990 1584 2039 abgeordneten Direktor Kemetter und Prochazka, di
1616 2014 2691 2064 excellence ausspielten. Der Abgeordnete Seitz fand an de
2716 2028 3288 2074 aber die jüdischen Gelehrten
501 2025 1591 2074 Gemeinderäte Wettengel, Langer, v. Findenia.
504 2060 3330 2116 Stroh, Bezirksrat Dietl, Obmann des Katholisch=politischen Verjudung der Mittelschulen nichts Besonderes, er lobte sogar reichischen Hochschulen im Ausla
501 2099 3330 2155 Kasinos Landstraße Widl, Obmannstellvertreter des Volk noch die Juden, daß sie ihren Kindern eine möglichst gute Fälle Dr. Eysler und Feilbogen
2716 2141 3316 2187 Renommer österreichischer Geleh
501 2134 2695 2191 wahlvereines Lösinger, Chefredakteur Puchstein, in Erziehung angedeihen lassen. Es spielt eben beim Studium
501 2176 3326 2247 Vertretung des Akademischen Lese= und Redevereines Protenor das Geld eine große Rolle, und andererseits ist es richtig, vernichtet. Es kommt heute fö=
1609 2208 2691 2258 daß in unseren Kreisen auch die Anschauung existiert, wenn
2716 2215 3312 2265 die als Historiker hinuntergehen,
501 2212 1577 2272 Gottstein. Bürgermeister Dr. Lueger und Bezirks
1616 2247 2691 2296 man Geld hat, braucht man den Sohn nicht studieren zu
2720 2261 3316 2311 lich bewacht werden, weil man al
501 2254 1485 2321 rat Stephan hatten ihr Fernbleiben entschuldigt.
2720 2300 3298 2360 à la. Dr. Eysler ereignen, der
589 2293 2699 2360 Vereinsobmann Spuller eröffnete und begrüßte die lassen. Das ist aber eine irrige Auffassung. In Deutschland
1619 2328 3326 2378 existieren viele Gewerbetreibende, die Hochschulmatura be¬ Millionär ist, mit einem St.
508 2335 1591 2395 Versammlung, worauf der Referent Dr. Failmajer das
1626 2370 3316 2420 sitzen und würden dergestalt gebildete Gewerbetreibende nur ministeriums nach Italien gesch
515 2385 1594 2441 Wort nahm, um unter anderem auszuführen: In der Kunst
1616 2409 2582 2462 zur sozialen Hebung des Gewerbestandes beitragen
2720 2416 3326 2476 noch viele Fälle, wo reiche Jude
504 2423 1594 2476 muß die Politik schweigen. Diesen schönen Standpunkt
1693 2448 3330 2505 Ich komme nun zum Kapitel „Hochschulen“. Diese bilden unseren armen christlichen Stu¬
504 2469 1598 2522 trachten gerade jene Herren zu vertreten, die durch eine sehr
515 2490 3326 2550 merkwürdige Politik in der Kunst es zu der tonangebenden im gegenwärtigen Augenblicke einen traurigen Anblick. Unser nimmer möglich, solche zu erlan¬
2720 2529 3316 2575 braucht man nicht viele Worte
504 2529 2691 2589 Stellung gebracht haben, in der sie sich befinden, und in der hochverehrter Bürgermeister Dr. Lueger selbst war es
2720 2572 3309 2617 so recht das Haschen nach Ge=
519 2564 2695 2632 sie sich durch diese Phrasen mit Täuschung von ahnungs der am VI. österreichischen Katholikentage ganz offen sein
1623 2603 3305 2660 Unzufriedenheit mit den Zuständen auf den Hochschulen als für das Judentum typisch
511 2621 1594 2674 losen Christen zu halten pflegen. Dieser Standpunkt is
511 2642 3312 2709 entweder als ein kurzsichtiger oder aber eigentlich mehr als aussprach. Wie ist seine Rede von den Judenblättern Mann hiezu, der dem Judentur
2723 2688 3291 2748 ist, damit sie einen Zankapfe
1609 2691 2699 2744 entstellt worden! Der Bürgermeister hat aber nichts anderes
508 2702 1034 2769 ein verlogener zu betrachten.
2723 2723 3319 2769 hinein werfen. Es ist dies der
589 2706 2702 2780 Wenn wir in Oesterreich die politische Lage betrachten, getan, als auf zwei Momente hingewiesen: auf die große
2727 2766 3309 2811 Innsbruck, ein Mann, dessent¬
508 2766 2702 2829 müssen wir uns fragen, wieso es kommt, daß trotz der großen Verjudung der Hochschulen und auf die preläre Stellung
511 2797 3298 2861 Siege des christlichdeutschen Volkes die Judenschaft so große welche der deutschtatholischen Studentenschaft angewiesen ist. Professoren gewehrt haben, ihn
2730 2836 3302 2885 Damit die jüdische Clique an
1623 2843 2702 2914 Wie berechtigt es ist, von der Verindung der Hochschulen zu
511 2850 1594 2903 Macht besitzt. Das kommt von der unbegrenzten Macht
1626 2878 3326 2935 sprechen, geht daraus hervor, daß sich an der juridischen stehen könne, planen die Herren
504 2889 1594 2945 des Judentums, vor der sich die Minister, Sektionschef¬
1623 2917 3330 2967 Fakultät in Wien unter 23 Professoren 10 Juden befinden, schulen. Diese besteht darin, zu
504 2938 1598 2995 und auch die Hochschulen Oesterreichs beugen. Wenn wir
515 2953 3333 3023 auf die Entwicklung des Judentums zurückblicken, können Das österreichische bürgerliche Recht, das Familien- und politische Partei ihre Leute hinei
1626 2995 3302 3048 Eherecht wird in Wien von zwei Juden und einem Christen, Professoren ausgedrückt hat.
522 3005 1594 3062 wir konstatieren, daß, so lange die Juden keine gleichberech¬
2723 3030 3309 3090 diese Autonomie der Hochschu
1623 3041 2695 3094 in Prag nur von Juden, das Handelsrecht in Wien, Pra¬
519 3048 1591 3104 tigten Staatsbürger waren, sie es verstanden haben, sich
2720 3065 3319 3125 hängern soll der Weg abgeschni
515 3080 2416 3139 materielle Reichtümer anzuhäusen. Auf Grund derselben, und Czernowitz nur von Juden vorgetragen
1700 3087 3305 3161 Noch haarsträubender ist die Judenüberflutung an den nur das Volk dazu, aus dessen
519 3122 1594 3178 hoben sie sich die Gleichberechtigung erschlichen und sobald
1619 3147 3319 3203 medizinischen Fakultäten. So zählt zum Beispiele die Prager erhalten werden, daß die Herre
1407 3164 1517 3217 sich
1288 3168 1379 3224 sie
1094 3168 1231 3224 spielten
519 3175 1027 3228 dies der Fall war,
1626 3185 3316 3242 deutsche medizinische Fakultät unter 20 ordentlichen Pro¬ dem man nichts hineinreden de
526 3182 1598 3259 Näcene und Literaten auf. Ich bemerke, sagte Redner,
2727 3228 3312 3288 Universitäten ist nur dadurch en
1623 3231 2699 3291 fessoren 7 Juden, unter 22 außerordentlichen Professoren
522 3242 1594 3295 daß Redakteur Puchstein schon seinerzeit darauf hingewiesen
2727 3263 3309 3326 Partei es verstanden hat, ihre
1626 3274 2614 3337 10 Juden und unter 17 Privatdozenten 11 Juden
529 3284 1601 3341 hat, daß die christlichsoziale Partei es verstanden habe,
2730 3309 3312 3355 hineinzuschieben, und wir woll¬
1707 3302 2695 3358 Tas in jüdischen Professorentreisen herrschende Cliquen
526 3319 1598 3376 nur große politische Macht zu erringen. Damit aber diese
1623 3337 3312 3397 wesen, die aufs äußerste betriebene Befürwortung der halten lassen und den Kampf
529 3358 1594 3411 politische Macht von Dauer sei, sei es notwendig, daß die
1626 3383 3309 3443 jüdischen Bewerber um Assistentenstellen rc. in den Kliniken den Deutschradikalen, die mit de
526 3393 1591 3453 Heistesrichtung des Volkes christlich, deutsch und anti¬
1623 3415 3316 3475 und Spitälern bringt es mit sich, daß zum Beispiele an machen, aufnehmen. Viele Schul
522 3443 1598 3492 emitisch bleibe. Als Mittel, aus welchem diese Geistes¬
1626 3457 3298 3528 der Poliklinik in Wien 50 Prozent der Abteilungsvorstände, trifft auch die deutschradikale
543 3471 1598 3531 chtung genährt wird, ist die Presse zu bezeichnen. Leider
1626 3496 3309 3559 am Franz Josefsambulatorium aber 84 Prozent der Ab¬dung unserer Hochschulen wär
561 3513 1598 3566 konstatieren, daß heute die „Neue Freie Presse“ und
656 3535 3305 3609 digen jüdischen Blätter den Ton angeben. Diese Presse teilungsvorstände Juden sind; aus dem Ausweise vom wenn die deutschradikalen Stu
667 3591 3277 3672 t, welches Theaterstück zu loben ist, welcher Pro=Jahre 1906 ergibt sich, daß im Allgemeinen Krankenhause verfolgt hätten. Statt sich
