3344 4352
216 188 392 266 13.
447 196 1087 308 ses
1266 192 1690 296 box 4479
318 839 661 925 Ausschnitt aus:
623 915 975 1009 Der Morgen, Wien
320 1077 439 1151 vom
681 1051 1091 1171 5. Okt. 1935
282 1228 429 1314 L. U.
671 1280 1574 1436 Zweimal Ehekomödie
326 1452 1087 1522 In der Oscar=Wilde Aufführung des
288 1506 1085 1564 Deutschen Volkstheaters („Der ideale
290 1558 1087 1608 Gatte“) entfalten die Toiletteneinfälle bei¬
284 1604 1081 1656 nahe den stilvollsten Esprit. Denn die
284 1644 1091 1710 Aphorismengala der Komödie schien emp¬
268 1690 1079 1744 findlich beschnitten und auf „Theaterwir¬
284 1734 1087 1782 kung" zurecht gerückt. Der gewiß wohlmei¬
284 1776 1087 1824 nende Irrtum des neuerdings vielbe¬
280 1822 1087 1876 nützten Wilde Bearbeiters Carl Lerbs ist
284 1860 1085 1926 der Verzicht auf den parodistischen Grund¬
1410 1838 2241 1950 CASINOS IN OSTERREICH
288 1906 1081 1958 charakter dieser antigesellschaftlichen Stücke
1510 1932 2149 1999 Baden / Salzburg / Semmering
284 1948 1081 1998 des großen Dichters der wohlerzogensten
1408 1968 2247 2041 Roulette — Baccara — Chemin de fer
284 1994 1087 2045 Ironie. Wildes satirischer Feldzug galt
284 2041 1081 2089 nämlich weniger der Gesellschaft, als dem
1416 2039 2243 2111 österreichische Casino A. G.
284 2075 1081 2129 Theater, dem diese Gesellschaft zujubelte
1424 2083 2247 2151 Wien III, Schwarzenbergplatz 5a
284 2125 1081 2179 und der Bühnenerfolg seiner Lustspiele
284 2165 1083 2225 wurde zum Ergötzen des scharmant bissigen
1968 2157 2209 2243 S
282 2211 1081 2265 Oscar ein großes Mißverständnis. Das
1418 2201 1904 2289 „OBSERVER
282 2251 1085 2307 sich, wie man sieht, bis zum Premierentag
1660 2267 2259 2325 I. österr. behördlich konzessioniertes
276 2297 1079 2353 von heute erhalten hat. Denn man spielt
1664 2309 2257 2367 Unternehmen für Zeitungs-Ausschnitte
284 2339 1081 2391 noch immer und seit Carl Lerbs geradezu
1664 2347 2263 2403 Wien 1, Wollzeile 11, Telephon R-23-0-43
284 2383 1081 2441 justament diese so glitzernd kühlen Ausge¬
284 2423 1081 2475 lassenheiten als ernsthafte und witzigerühr¬
286 2465 1079 2529 same Theaterhandlungen herunter. Wildes
280 2511 1079 2559 Absicht aber war, zu zeigen, daß auch ein
1426 2525 1776 2615 Ausschnitt aus:
282 2553 1075 2601 wirklicher Dichter das Publikum in die
274 2597 1079 2673 Gartenlaube führen könne, mit ebensoviel
1826 2597 2185 2687 Der Morgen, Wien
276 2633 703 2703 Tücke wie Gerissenheit.
312 2685 1075 2749 Das vorausgesetzt sei anerkannt, daß
1758 2697 1978 2800 140
274 2735 1075 2791 Oscar Karlweis ein mitunter entzückend
1432 2749 1554 2826 vom
270 2777 1077 2840 reservierter Lord Goring ist, mit mehr
278 2818 1073 2868 Geschmack als Schmiß knallenderen Sze¬
272 2862 1075 2922 nenwirkungen ausweichend, aber im gan¬
272 2910 1075 2960 zen doch eher eine Lordschaft aus dem
276 2958 1073 3006 Hietzinger Cottage. Und daß Margit Weiler
272 3000 1073 3042 mit kluge und warmer Anmut „dämoni¬
1402 2946 2958 3070 Versteigerung der Bibliothek Wassermanns
272 3036 1069 3086 sche Konversation macht, die Möglich¬
2870 3068 2948 3122 un
272 3084 1075 3138 keiten großer Gestaltung (in echteren Rol¬
272 3124 1073 3180 len) andeutend... Schauspielerisch am
1466 3122 2974 3212 Samstag wurde in Aussee, in der Villa des Schriftstellers Jakob Wasser¬
278 3160 1067 3222 freiesten und köstlichsten wirkten übrigens
1376 3192 2972 3250 mann, auf Betreiben der Steuerbehörde Steinach-Irding die Bi¬
270 3210 1069 3272 Frau Terwin und Herr Wallburg, die
1370 3232 2972 3298 bliothek des verstorbenen Schriftstellers versteigert. Zu den Prachtstücken
276 3256 1065 3326 beide, an keinen Stil gebunden, prachtvolle
1372 3268 2980 3336 der 3000 Bände umfassenden Bibliothek zählt vor allem eine 71bändige Voltaire¬
268 3300 1067 3360 Humorentladungen boten. Sehr ergreifend
1382 3312 2970 3374 Ausgabe aus dem 18. Jahrhundert, eine große Balzac=Ausgabe und zahlreiche über¬
276 3340 1069 3392 Vilma Degischers unerbittlich liebende
1376 3360 2962 3416 aus interessante Reiseliteratur, die wohl als Quellenwerke zu seinem „Columbus"
270 3386 1069 3440 Gattin, in Gefühl und Haltung weit über
1376 3396 2972 3474 dienten. Weiters befinden sich in der Bibliothek zahlreiche Widmungsexemplare be¬
264 3430 1063 3490 den Anlaß hinaus. Reizend Gusti Huber,
1376 3442 2765 3518 freundeter Schriftsteller, wie Hofmannsthals und Schnitzlers.
258 3470 1065 3528 die freilich mehr Schnitzler als Wilde
270 3514 1061 3568 spielt. Die Regie Herrn Chmelnitzkys tu¬
264 3562 1067 3611 an Gepflegtheit und Gedämpftheit ihr
266 3599 1065 3659 Bestes. Aber Salonatmosphäre von künst¬
266 3641 1063 3697 lerischer Genauigkeit läßt sich nicht aus dem
260 3687 1061 3751 Armel schütteln, noch dazu, wenn der Text
324 3733 1055 3787 der eines Dichters, zudem — von Ge¬
264 3765 1067 3849 danken und Gedankensplittern so sorgsam
266 3813 505 3891 befreit wird.
