3392 4352
151 526 238 607 me,
154 802 241 896 nen
157 1117 241 1204 sein
610 465 1794 562 tiefe gütige Liebe, wie zu einer Enkelin. Auch die Stine is
1833 491 2928 568 stellung etwas Phantasiehaftes verleiht: deshalb spielen
3120 488 3207 578 Vor
613 546 1804 623 ein kleines Mädchen; auch sie ist eine sinnende Blume, die ein
3033 546 3213 620 geschaffen
1830 555 2956 632 ihre Rolle — nicht nur in der „Schlechten Gesellschaft“
613 603 1749 664 armes krankes Huhn von Aristokrat in einer Vorstadt findet.
3037 603 3216 661 am einen
1826 578 3005 664 im Leben von Studenten und jungen Künstlern, die in ihnen
3040 648 3216 700 am ande
700 648 1788 703 Kleines Mädchen, auch Herr Heinz Tovote, hat Dich be¬
1823 648 3005 716 das Weib suchen. Und, kleines Mädchen, Du brauchst sie nicht
3040 690 3200 758 das jetzt
613 671 1791 754 dichtet. Er führt Dich in verschiedenen Situationen, hauptsäch¬
1823 706 3008 770 alle anzuerkennen, Gott bewahre. Aber Manchen, kleines
3033 732 3207 793 die Arbe
616 745 1791 799 lich freilich in einer, vor. Er braucht Dich als einen Bestand¬
1823 748 2834 809 Mädchen, wirst Du dieses Recht nicht versagen dürfen.
3030 774 3204 831 große
610 790 1794 847 theil für die Herstellung seiner gezückerten Jauche. Er hat Dich
1836 764 3005 863 Ach, und wenn der alte Fontane dein innigstes Bild, und
3050 822 3168 876 summt
613 838 1801 902 im Ganzen mehr ausgebeutet, als er Dich geliebt hat. Zu¬
1826 838 3011 905 der arme, liebe Zug dein schmerzvollstes Bild gezeichnet hat:
3040 867 3168 924 wasser
610 896 3184 957 weilen, wie ein „Ende vom Lied“, giebt er Dir den feierlichen es giebt noch Einen, in Oesterreich, der deinen zartesten und wie im
616 944 1794 992 Stand einer Erzieherin, er zeigt Deine ewigen kleinen
1820 937 2998 1008 lieblichsten Schattenriß dämmernd immer wieder auftauchen ließ
3033 953 3184 1018 romanti
610 982 1794 1046 Quängeleien im Zusammenleben, und da ist er noch verhältniß¬
1830 992 3005 1056 Er ist ein Unvergleichlicher, und das süße Mädl“ von Wien
3120 1021 3213 1098 In
610 1043 1794 1098 mäßig am besten. Der witzige Kunstkritiker Friedrich Fuchs ha¬
1820 1037 3005 1101 hat Keiner so gemalt wie er, und Keiner wird es je so malen.
3040 1066 3191 1140 Schwän
616 1088 3005 1149 von diesem deutschen Dichter mündlich gesagt, er schreibe seine Kennst du den Anatol-Dichter, kleines Mädchen? Den
3043 1130 3184 1181 spiegeln
613 1133 1798 1191 Novellen en (mau) passant, und hierbei, kleines Mädchen, fällt
1830 1136 3001 1201 Schnitzler=Arthur Ein wundersam seiner, witziger und lyrisch
3033 1175 3175 1229 dünnen
610 1184 1794 1239 mir der Andere ein, der zu deiner Unsterblichmachung in der
1836 1194 3005 1252 zarter Kopf, der die ganze tiefe, bald schalkhafte, bald melancho¬
3040 1217 3188 1271 sind all
616 1229 1801 1294 Gegenwart Steine herangetragen hat. Der humorhafte, lächelnd
1820 1239 3008 1306 lische, bald ironische Poesie, die in deiner Liebe liegt, mit leiser,
3040 1255 3184 1316 transpa¬
610 1284 1794 1335 trübe Franzose, welcher dir das melancholischste Denkmal von
1830 1290 3005 1345 zarter Grazie und sensitiver Weichheit in reizvolle Szenen ge¬
3037 1303 3178 1364 hinweg
610 1332 1794 1390 Allen gesetzt hat; der von der armen Musotte erzählte, von der
1820 1335 3014 1422 bannt hat. Den mußt du kennen lernen. Denn, wie gesagt:
610 1377 1794 1438 elend in Todesschmerz schreienden Kreatur, von der Modellsteherin,
1820 1380 2318 1454 er ist ein Unvergleichlicher.
3027 1361 3191 1454 und a
610 1432 1794 1493 die auch nur ein kleines Mädchen war und doch die Ver¬
3037 1422 3162 1489 Durch
3033 1480 3181 1544 mit der
607 1480 1801 1541 künderin tiefsten Menschheitswehes wurde. Ja, kleines Mädchen,
1916 1480 3005 1541 Ja, kleines Mädchen, es giebt eine Poesie in Deiner Liebe.
610 1528 1794 1586 du brauchst nur Modell zu stehen, oder Silber zu poliren,
1826 1515 3001 1595 Tiefmenschliche Dinge werden oft darin berührt. Oft liegt es
3040 1544 3181 1621 hängen
610 1576 1788 1637 oder zarte Serviteurs zu fälteln, und kannst doch an Wichtig¬
1823 1579 3008 1640 wie eine wiegende, melancholische Heiterkeit über diesen luftigen,
3033 1611 3191 1666 ihrer Al¬
610 1621 1794 1682 keit eine Königin der Erden sein; die tiefsten Tiefen aufrühren
1820 1631 2998 1685 leichtsinnigen Bündnissen, wie die süße schwere Melodie eines
3033 1653 3191 1708 mit ihre
610 1679 1794 1733 und aus Herz greifen. Wenn du Einen gern hat, kleines
1826 1679 2998 1740 halb fidelen, halb sentimentalen Geigenwalzers. Auch die
3033 1698 3200 1756 graphisch
613 1724 1798 1775 Mädchen, bist du versöhnlich, auch wenn er dich kränkt. Du
1826 1727 3001 1791 Clärchen, die nun schon längst gestorben ist, und die reizende
3030 1743 3194 1817 märkisch
610 1775 3005 1833 trifft den liebsten Fritz, der geht mit seiner mießen Cousine aus Philine gehören in Deinen Kreis. Die Beiden sitzen im Himmel
610 1820 1794 1878 der Matthäikirchstraße, und in der Verwirrung wagt er nicht,
1826 1830 3005 1891 und sehen, nur wenig feierlicher als sonst, auf Euch, kleine
3110 1804 3191 1884 Du
610 1868 1794 1942 dich zu grüßen. Du schreibst ihm weinend nur fünf Worte:
1823 1868 2125 1936 Mädchen, herab.
3030 1849 3204 1929 her grü=
3033 1920 3197 1981 Chausse
616 1913 1791 1981 „Du bist mir Lufft, Elly." Aber du bekommt von dem zarten
1907 1900 3011 1981 Und darum, mein liebes kleines Mädchen, laß Dich nicht
610 1971 1255 2042 Jungen gleich einen Antwortbrief:
1814 1974 3001 2032 verleumden. Dich geht der Dreck nichts an. Du bleibst, was
3037 1977 3178 2061 Wieder
1817 2013 2841 2080 „Du bist: in der zweckmäßigen Ackerfurche eine Blume,
783 1993 1502 2096 Ist die Liebe so geschwind entschwunden?
3037 2054 3181 2106 hier ab
786 2080 1428 2131 Ist die Leidenschaft so bald verpufft
1820 2067 3005 2151 weiß, daß sie zertrampelt wird, und doch duftet, bis sie zer¬
3030 2090 3175 2147 das Ge¬
780 2106 1566 2180 Gestern hat mich noch Dein Arm umwunden,
1814 2122 2854 2202 trampelt wird. Heute nur, heut noch bist Du so schön.
3030 2128 3175 2202 Ausstel
786 2160 1538 2244 Heute schreibst Du mir, ich sei Dir „Lufft“.
2042 2167 2780 2231 Kleines Mädchen! Kleines Mädchen!
780 2215 1528 2298 Elly, daß ich „Lufft“ bin, freut mich eben!
3030 2244 3168 2327 Spre
790 2286 1534 2334 Daß ich „Lufft bin, sind ich ganz famos
3027 2311 3178 2369 Eisenbe¬
786 2314 1605 2391 Nämlich: ohne Lufft“ kannst Du nicht leben
3027 2353 3178 2414 Kirchth
783 2372 1477 2433 Also wirst Du mich wohl niemals los
1817 2356 2989 2465 Hinter den Coulissen der Gewerbe¬
3027 2404 3181 2459 massige
3033 2446 3175 2501 flattert,
780 2424 1422 2507 Komm' zu mir, um fünfe oder sechse
2205 2436 2603 2533 Ausstellung.
3027 2491 3162 2542 Boots
790 2478 1573 2581 (Wenn es schummig wird), ich bin zu Haus,
1897 2491 3165 2581 Auf einem Naturtheater mit bunt wechselnden Szenen Dampf
780 2542 1377 2594 Und in Deinen Armen, süße Hexe,
1817 2574 2995 2619 wird jetzt draußen im Treptower Park ein Fest der Hand¬
780 2590 1387 2639 Schlaf ich meine Erdensorgen aus.
1823 2613 3001 2677 werker aufgeführt, das Vorspiel zu dem großen Ausstattungs¬
3027 2603 3159 2687 flächen
697 2610 1794 2722 Du lachst wieder unter Thränen und geht hin zu dem
1826 2658 2664 2725 stück: Die Berliner Gewerbeausstellung 1896.
603 2668 857 2764 lieben Karl
892 2687 1374 2767 wenn es schummig wird.
1907 2674 2998 2754 Es bummelt sich reizvoll über diese Riesenbühne, mit ihren
3024 2696 3178 2764 Dächer¬
1820 2722 3005 2806 Baumkulissen, ihren Prospekten aus künstlich dekorativer Architektur,
3033 2754 3175 2806 Nordsee
1820 2789 2995 2847 Monumentalillusionen; ihren Kolossal=Schnürböden der Gerüste,
3030 2799 3155 2873 behagt
687 2764 1778 2854 Kleines Mädchen, kennst Du die Lore? Der Dichter Hart
1820 2828 2995 2886 auf denen es wie von Ameisen wimmelt; ihren Verwandlungs¬
603 2828 1791 2902 leben, der so viel Bier trinkt, aber doch oftmals zart wie ein
1820 2876 2995 2928 künsten, die vor unsern Augen aus trockenem Land Seen
3017 2860 3123 2937 eine
610 2899 1785 2953 feinster Weinschlürfer empfindet, hat dies tolle Balg in di¬
1839 2918 3001 2972 schaffen und in schnellen Dekorationswechsel wie im Märchen
3030 2918 3165 2989 Wasser
607 2947 1785 3005 Welt gesetzt. Die Pandekten rauschen, und die Lore in ihrer
1826 2966 3001 3043 den Rahmen zu einer altberlinischen Komödie oder einem
3030 2976 3127 3027 aller
613 2989 921 3056 Sophaecke lacht;
1021 3001 1788 3053 wenn sie das zu Hause wüßten! Und
1820 3008 2908 3062 exotisch-egyptischen Märchen aus dem Boden steigen läßt.
3033 3008 3178 3091 schwade
613 3043 1685 3098 kennst Du die Anderen, die — freilich nur selten! -
1913 3043 2995 3107 Es liegt ein pikanter Reiz in dieser Vermischung von
603 3056 1782 3136 holden Schaar der einen An¬
1807 3056 2260 3162 Natur und Künstlichkeit
3033 3078 3165 3171 eine
610 3127 1788 3191 Karlchen Bleibtren gezeichnet hat, der Dichter der „Schlachten¬
610 3171 1785 3236 Gesellschaft“: die Kellnerinnen? Sei nicht so böse! Ich kann
1910 3152 3005 3232 Ein machtvolles Symbol der Arbeit streckt sich, mit
3030 3162 3159 3239 steigen
1826 3188 3165 3277 wuchtigen Gliedern hingelagert, mit Rippen und Muskeln von Außen
610 3216 1785 3277 sie ja auch nicht leiden. Aber die modernen Dichter behaupten,
1823 3258 2998 3319 Eisen, mit tausend Augen scharfhellen Glases, der große Aus¬
603 3271 1782 3326 daß Du auch hier manche gute Kollegin haft. Auch sie wird
1820 3300 2998 3367 stellungspalast, aus. Nur das monströse Skelett eines Riesen¬
3027 3293 3110 3370 mit
610 3316 1785 3377 zur leidenschaftlich begehrten Liebespenderin, zur Göttin, die ein
1814 3354 2998 3406 körpers vorläufig noch. Seine starren, ungefügen Knochen
3030 3358 3159 3415 die di
610 3367 1778 3428 junges Leben beglücken oder vernichten kann. Sie wird zu
1823 3390 3155 3451 müssen in blendendem Ornamentputz schlüpfen. Schon sind seine klimmt
603 3409 1788 3476 letzten Gefährtin galgenhumoristischer Känze, die im
1817 3435 2995 3489 Garderobiere an der Arbeit. Wie mehlige Pierrots in weißen
3030 3451 3159 3502 ausdeh
610 3460 1669 3521 frühen Dasein Schiffbruch gelitten, die von
1701 3473 1785 3531 rein
1820 3476 2995 3534 Hemden und weiß bestäubten Gesichtern hantiren flink gewandt
3021 3492 3152 3557 und 5
603 3502 1695 3570 geistigen Gebieten und aus bürgerlichen Kämpfen
1814 3521 2985 3582 die Stuckateure auf hohen Stellagen an der Toilette des
603 3557 1778 3618 diesen trostvollen Dunstkreis betäubender Erotik flüchteten. Und
1814 3563 2764 3627 Giganten, — die Zwerge auf dem Riesen Gulliver
1900 3595 2992 3669 Ein Netz verwirrender Verstrickung steigt am Eingang das
607 3608 1778 3669 weil die Unanständigkeit dieser Mädchen nicht offiziell, weil sie
3030 3605 3165 3685 schnur
1814 3650 2998 3704 Gerüst des Thurmbaues auf. Für den Blick des Laien ver¬
597 3656 1782 3714 nicht gesetzlich konstatirt ist, weil sie immerhin erobert sein
3024 3675 3155 3727 Die E
1814 3695 2982 3752 knotet und verfädet, und doch voll sinnvoller Ordnung, wie die
597 3711 1785 3772 wollen und Geldopfer zwar nicht verschmähen, aber auch nicht
3024 3720 3152 3772 heraus
1817 3740 2992 3797 Takelage eines Ozeanseglers. Hochoben in der Luft schimmert
607 3752 1782 3810 ohne Weiteres für Geld zu haben sind, weil sie nicht Vielen
3021 3762 3149 3830 das F
1814 3785 2985 3852 schon sieghaft in der klaren Dezemberlust der Aluminiumhelm,
607 3810 1775 3865 gehören, sondern oft inem Einzigen peinlich treu sind, weil sie
1807 3833 2992 3881 mit dem man die Kuppel zwischen den Thürmen gekrönt. Und
607 3858 1782 3913 in der Mitte stehen zwischen selbstloser Liebeswahl und ge¬
1807 3871 2995 3955 von ihnen herab weht, wie Frühlingswillkomm, das schlanke
597 3900 1782 3971 werbsmäßiger Gemeinheit, weil ihnen diese mystische Zwitter¬
1810 3916 2504 3980 Birkenreis ein fröhliches Nichtzeichen.
745 4067 1024 4154 Magazin
