3392 4352
209 181 356 266 13.
1267 204 1697 306 box 4479
863 198 1075 320 s
614 792 1445 885 CASINOS IN OSTERREICH
707 868 1352 928 Buden / Salzburg / Semmering
605 888 1445 967 Roulette — Baccara — Chemin de fer
611 959 1445 1035 österreichische Casino A. G.
617 1027 1451 1083 Wien III. Schwarzenbergplatz 5a
608 1132 1066 1225 „OBSERVER
849 1182 1454 1264 1. österr. behördlich konzessioniertes
851 1256 1451 1304 Unternehmen für Zeitungs-Ausschnitte
851 1293 1460 1366 Wien, Wollzeile 11, Telephon R-28-0-43
611 1448 956 1544 Ausschnitt aus:
702 1576 1491 1677 Wr. Neueste Nachrichten
973 1644 1338 1717 15.10.1956.
571 1740 2834 1929 Traditionsfeier des Akademischen Gymnasiums
619 1912 1723 1994 Das Akademische Gymnasium in Wien begeht
1986 1924 2543 2025 Was die Kataloge erzählen.
571 1997 1700 2054 am 31. d. M. eine Festfeier anläßlich der Enthüllung einer
1757 1989 2846 2071 Der Katalog aus dem Jahre 1813 berichtet, daß in der
574 2042 1697 2102 von der Elternvereinigung gewidmeten und vom Bildhauer
1723 2051 2662 2107 dritten „Grammatikalklasse“ der zwölfjährige
2699 2059 2843 2130 Johann
1726 2090 2834 2158 Nestroy einen guten Fortgang in den Lehrfächern auf
574 2096 1697 2156 Josef Josephu geschaffenen Heldengedenktafel zu Ehren
1720 2141 2840 2206 wies, aber in „Sitten" einen Zweier hatte. Der Katalog
580 2153 1694 2221 der im Kriege gefallenen vier Lehrer und 54 Schüler der
1726 2187 2840 2238 aus dem Jahre 1803 erzählt, daß in der ersten „Humani¬
574 2192 730 2277 Anstalt.
1717 2229 2837 2280 tätsklasse“ der Stipendist Franz Schubert in Mathe¬
1723 2269 2837 2325 matik nicht genügend hatte. „Franzl verlor das Stipen¬
617 2246 1689 2331 Mit dieser Heldenehrung ist auch eine Traditionsfeier
577 2311 2554 2373 zur Erinnerung an den 70jährigen Bestand des Anstalts dium und mußte aus der Schule austreten.
1762 2334 2837 2410 Die Geschichte des Gymnasiums ist mit der des geistigen
577 2359 1692 2413 gebäudes verbunden. Die Heldengedenkfeier wird mit einer
1726 2390 2840 2453 Wien fest verwachsen. Die Zahl der bedeutenden Männer,
580 2404 1697 2461 Pontifikalmesse, zelebriert von Kardinal Erzbischof Doktor
1726 2438 2840 2486 die aus der Anstalt hervorgegangen sind, ist fast unüber¬
580 2447 1697 2501 Innitzer, im Anstaltsgebäude eingeleitet; daran schließt
1723 2478 2840 2535 sehbar. Um nur einige zu nennen: Hellmesberger, Castelli,
586 2486 1700 2543 sich eine Festversammlung, bei der der ehemalige Schüler der
577 2526 1694 2580 Anstalt Ministerpräsident Freiherr v. Beck die Festrede
574 2571 1703 2628 halten wird. Schauspieler Lessen wird einen von Paul
571 2611 1341 2693 Wertheim verfaßten Prolog sprechen.
789 2693 1485 2767 Das älteste Gymnasium Oesterreichs
611 2755 1697 2834 Direktor Prof. Dr. Ludwig Marcus, der seit dem
580 2798 1697 2871 Jahre 1922 der Anstalt vorsteht, gab in einer Pressekon¬
580 2868 1694 2914 ferenz einen interessanten Ueberblick über die Geschichte des
574 2905 1694 2953 Gymnasiums. Das „Akademische“ ist das älteste Gymnasium
566 2948 1689 3001 Oesterreichs. Seine Entstehungsgeschichte wird mit der 1237
569 2987 1697 3049 gegründeten Bürgerschule zu St. Stephan in Verbindung
571 3032 1689 3086 gebracht, die ursprünglich eine niedere Gelehrtenschule war
569 3081 1686 3129 und hauptsächlich die Kenntnis des Lateinischen zu ver¬
574 3120 1689 3165 mitteln hatte. Als 1553 die Jesuiten in Wien Latein¬
577 3140 2840 3225 schulen begründeten, wurde aus ihr allmählich eine deutsche Bauernfeld, Johann Gabriel Seidl, die Gelehrten Exner,
574 3205 2843 3273 Bürgerschule. Im Jahre 1622 übersiedelte das Kollegium Hyrtl, Unger usw. Die Staatsmänner Schmerling, Taaffe,
571 3245 1692 3295 der Jesuiten, das Am Hof untergebracht war, auf den
1726 3253 2832 3310 Ignaz v. Plener, Michael Hainisch, Prof. Redlich, Ge¬
574 3284 1689 3338 Dominikanerplatz. Von dieser Zeit datiert der eigentliche Ur¬
1723 3301 2834 3375 sandter Dr. Felix Frank, Hugo v. Hofmannsthal, Schnitzler,
580 3329 2834 3392 sprung jener mit der Universität verbundenen Lehranstalt, Max Oberleitner, die Professoren Scherer, Finger, Hauer,
566 3372 1680 3423 die noch heute „Akademisches Gymnasium“ genannt wird
1717 3383 2823 3457 Escherich, Zumbusch, Clairmont, der Nobelpreisträger Schrö
571 3414 2181 3479 Als 1773 der Jesuitenorden aufgelöst wurde, ging die Schule dinger und viele andere.
571 3457 1689 3510 in die Hände der Piaristen über und wurde 1852 vom Staat
1759 3431 2832 3522 Ein Jahrgang, der die „Wunderklasse“ genannt wird,
571 3499 1686 3547 übernommen. Bis zum Jahre 1866 war das Gymnasium
1714 3502 2829 3561 vereinigte auf seinen Schulbänken: Den berühmten Rechts¬
563 3547 2837 3607 auf dem Universitätsplatz untergebracht. Da sich die Räume gelehrten Dr. v. Klein, Ministerpräsident v. Beck, den
569 3590 1686 3638 als unzulänglich erwiesen, wurde im Jahre 1863 auf den
1714 3593 2832 3649 berühmten Verteidiger Dr. Steger, Finanzminister Robert
569 3629 2467 3686 Stadterweiterungsgründen längs der Wien“ der heutige Maier und Präsident Dr. Masaryk.
569 3666 1683 3734 Prunkbau vom Dombaumeister Friedrich Schmidt er
1751 3649 2832 3759 Die Festfeier ist mit einer Ausstellung historisch-inter¬
571 3717 1369 3796 richtet. 1866 wurde das Gebäude bezogen.
1686 3697 2226 3799 essanter Objekte verbunden.
