3344 4352
222 265 387 362 13.
419 279 1103 390 Miscellaneous
1283 279 1763 376 box 44/10
2461 1100 2995 1171 sonstigen warten, in hart besuchter
2465 1150 2999 1200 Sommerfrische mit großem Fremden¬
691 1139 1315 1204 men befreiung und Rentenbezug im Falle
158 1139 301 1222 eigenen
2461 1186 2995 1225 verkehr ist billigst zu verkaufen. Ber¬
147 1161 1308 1240 Kriegsversicherung. — Reisen nach allen Teilen der Erde frei. — Unanfechtbare, un¬
2458 1218 2995 1279 kehranstalt, Wien, 1. Bez., Gold¬
380 1218 674 1272 verfallbare Polizze.
2450 1254 2680 1304 schmidgasse 6.
802 1343 2995 1397 fessor zu berufen ist, die „Neue Freie Presse“ konstatiert, unter 3 Primararzten 2 Juden (25 Prozent), unter 10 Assistenten
276 1340 777 1440 der christlich¬
140 1351 247 1444 en
1920 1394 2991 1437 4 Juden (40 Prozent) und unter 34 Sekundararzten 18 Juden
802 1376 1884 1433 wer als Schriftsteller einen Preis zu erhalten hat. In der
806 1429 2999 1472 letzten Zeit habe ich es mit größter Freude begrüßt, daß (53 Prozent), im Wiedener Spitale unter 6 Primararzten
136 1426 777 1519 bei auf dem Gebiete
1913 1469 2995 1512 5 Juden (88 Prozent), unter 6 Assistenten 4 Juden (66 Prozent)
810 1469 1884 1512 Abgeordneter Professor Schmid im Budgetausschusse an
1913 1508 2995 1558 und unter 12 Sekundarärzten 11 Juden (92 Prozent) tätig
799 1501 1888 1551 die Unterrichtsverwaltung die strenge Mahnung richtete, der
176 1497 695 1598 und Literatur.
799 1540 2031 1591 überhandnehmenden Verjudung an den Mittelschulen Be¬ waren.
1999 1562 2995 1630 Hand in Hand mit dem Anwachsen der jüdischen Pro¬
802 1583 1884 1626 achtung zu schenken und einen Modus ausfindig zu machen
143 1580 785 1673 majer im deutschantisemitischen
1909 1619 2991 1666 fessorenzahl geht auch die Zunahme der jüdischen Studenten¬
799 1619 1877 1669 daß die Zahl der jüdischen Mittelschüler in ein gleich¬
136 1648 462 1716 verein „Zukunft“.
1909 1662 2999 1712 schaft. So bildeten im Jahre 1903/1904 die jüdischen Studenten
799 1662 1874 1705 mäßiges Verhältnis zu den christlichen Mittelschülern ge¬
1913 1698 2991 1748 an sämtlichen deutschen Universitäten Oesterreichs 26 Prozent
806 1702 1884 1745 bracht wird. Wir haben in Wien in den Gymnasien 3.
143 1684 777 1759 tische Wählerverein „Zukunft“ ver¬
810 1738 2991 1784 Prozent Juden, ja an einem Gymnasium beträgt die Pro= an der Wiener Universität befanden sich insgesamt 223 Prozent
143 1741 785 1809 und in Nowaks Juliensaal auf der
147 1773 2999 1838 nen ersten Vortragsabend und hatte zentzahl der Juden 78 Prozent, so daß es einzelne Klassen Juden, an der Technischen Hochschule Wiens 27 Prozent. An
143 1813 2995 1874 najer gewonnen, welcher über die gibt, in welchen die Christen an den Fingern herzuzählen der medizinischen Fakultät in Wien sind 61•3 Prozent der
810 1852 2995 1906 sind. Noch größer ist die Verjudung in den deutschböhmischen Hörer Juden, in Einzeljahrgängen erreichten sie sogar achtzig
140 1866 785 1935 ialen Partei auf dem Gebiete der
810 1892 2060 1942 und deutschmährischen Städten; so gibt es zum Beispiele Prozent.
143 1909 792 1956 ferieren hatte. Die Veranstaltung war
140 1938 1906 1992 besucht und hatten sich zu dem inter in Mährisch=Ostrau Klassen, wo kaum zwei arische Schüler
1999 1920 2991 1988 Wenn wir dabei bedenken, daß die Juden in ganz
143 1970 1895 2031 deren eingefunden: Die Reichsrats zu finden sind. Das Typische war, daß im Budgetausschusse
1917 1956 2991 2024 Oesterreich 5 Prozent, in Wien aber 9 Prozent ausmachen,
813 2017 2995 2064 sich die Sozialdemokraten als Judenschutztruppe par muß man derartige Zustände als horrende bezeichnen. Wie
147 2017 788 2092 metter und Prochazka, die
806 2056 2991 2103 excellente ausspielten. Der Abgeordnete Seitz fand an der aber die jüdischen Gelehrten das Renommer der öster¬
143 2056 777 2110 gel, Langer, v. Findenig¬
810 2089 1892 2135 Verjubung der Mittelschulen nichts Besonderes, er lobte sogar
1917 2092 2999 2142 reichischen Hochschulen im Auslande wahren, beweisen die
147 2092 788 2164 l, Obmann des Katholisch=politischen
226 2128 1895 2178 Obmannstellvertreter des Volk noch die Juden, daß sie ihren Kindern eine möglichst gute
1927 2135 2999 2178 Fälle Dr. Eysler und Feilbogen. Dieselben haben das
143 2167 2991 2221 r, Chefredakteur Puchstein, in Erziehung angedeihen lassen. Es spielt eben beim Studium Renommer österreichischer Gelehrten in Italien gründlich
813 2214 2995 2261 das Geld eine große Rolle, und andererseits ist es richtig, vernichtet. Es kommt heute förmlich vor, daß Gelehrte,
140 2210 785 2268 den Lese= und Redevereines Professo
810 2250 1899 2296 daß in unseren Kreisen auch die Anschauung existiert, wenn
1917 2253 2995 2296 die als Historiker hinuntergehen, in den Bibliotheken förm¬
143 2253 777 2307 eister Dr. Lueger und Bezirks
810 2289 1892 2332 man Geld hat, braucht man den Sohn nicht studieren zu
1917 2289 2995 2336 lich bewacht werden, weil man glaubt, daß sich wieder Fälle
143 2289 677 2354 ihr Fernbleiben entschuldigt.
810 2329 3002 2379 lassen. Das ist aber eine irrige Auffassung. In Deutschland Dr. Eysler ereignen, der übrigens, obwohl er fast
136 2325 788 2393 aller eröffnete und begrüßte die
810 2364 1899 2407 existieren viele Gewerbetreibende, die Hochschulmatura be¬
1920 2364 2991 2418 Millionär ist, mit einem Stipendium des Unterrichts
133 2375 792 2436 Der Referent Dr. Falkmajer das
810 2407 2991 2450 sitzen und würden dergestalt gebildete Gewerbetreibende nur ministeriums nach Italien geschickt wurde. Es gibt aber
133 2418 792 2483 Anderem auszuführen: In der Kunst¬
810 2447 1784 2497 zur sozialen Hebung des Gewerbestandes beitragen.
1913 2443 2995 2493 noch viele Fälle, wo reiche Juden Stipendien erhalten und
283 2461 792 2508 Diesen schönen Standpun
892 2486 2991 2536 Ich komme nun zum Kapitel „Hochschulen“. Diese bilden unseren armen christlichen Studenten wird es nie und
136 2465 788 2551 ren zu vertreten, die durch eine sehr
1920 2518 2999 2569 nimmer möglich, solche zu erlangen. Ueber Dr. Feilbogen
133 2533 1899 2583 der Kunst es zu der tonangebenden im gegenwärtigen Augenblicke einen traurigen Anblick. Unser
140 2561 3002 2637 in der sie sich befinden, und in der hochverehrter Bürgermeister Dr. Lueger selbst war es, braucht man nicht viele Worte verlieren. Sein Fall zeigt
1924 2604 2995 2651 so recht das Haschen nach Sensationellem, das eigentlich
136 2597 1895 2665 Lasen mit Täuschung von ahnungs der am VI. österreichischen Katholikentage ganz offen sein
1920 2640 2991 2687 als für das Judentum typisch ist. Nun kommt noch ein
817 2640 1895 2698 Unzufriedenheit mit den Zuständen auf den Hochschulen
136 2655 785 2698 den pflegen. Dieser Standpunkt is
810 2676 2995 2741 aussprach. Wie ist seine Rede von den Judenblättern Mann hiezu, der dem Judentum gerade zurecht gekommen
133 2694 785 2762 tiger oder aber eigentlich mehr als
810 2719 2991 2769 entstellt worden! Der Bürgermeister hat aber nichts anderes ist, damit sie einen Zankapfel in die deutschen Parteien
125 2737 229 2798 ten
1924 2759 2995 2802 hinein werfen. Es ist dies der Professor Wahrmund in
810 2762 1899 2809 getan, als auf zwei Momente hingewiesen: auf die große
140 2748 781 2819 erreich die politische Lage betrachten
1927 2794 3009 2841 Innsbruck, ein Mann, dessentwegen sich selbst freisinnige
817 2798 1895 2848 Verdung der Hochschulen und auf die preläre Stellung
129 2809 792 2859 wieso es kommt, daß trotz der großen
1924 2834 2999 2887 Professoren gewehrt haben, ihn als Kollegen zu begrüßen.
133 2837 1895 2902 hen Volkes die Judenschaft so große welche der deutschtatholischen Studentenschaft angewiesen ist
136 2873 2999 2934 mmt von der unbegrenzten Macht Wie berechtigt es ist, von der Verindung der Hochschulen zu Damit die jüdische Clique an den Hochschulen weiter be¬
1920 2905 2999 2959 stehen könne, planen die Herren eine Autonomie der Hoch¬
140 2916 1892 2973 er sich die Minister, Sektionschefs sprechen, geht daraus hervor, daß sich an der juridischen
1920 2948 2999 2999 schulen. Diese besteht darin, zu verhindern, daß etwa eine
817 2956 1892 3002 Fakultät in Wien unter 23 Professoren 10 Juden befinden
129 2959 792 3024 den Oesterreichs beugen. Wenn wir
1924 2991 2995 3038 politische Partei ihre Leute hineinbringt, wie sich einer der
820 2991 1899 3042 Das österreichische bürgerliche Recht, das Familien= und
133 3006 792 3052 s Judentums zurückblicken, können
820 3027 3006 3085 Eherecht wird in Wien von zwei Juden und einem Christen, Professoren ausgedrückt hat. Gegen uns Christen ist also
140 3045 792 3106 lange die Juden keine gleichberech¬
1913 3067 3002 3117 diese Autonomie der Hochschulen gerichtet, unseren An¬
820 3070 1892 3124 in Prag nur von Juden, das Handelsrecht in Wien, Pra¬
133 3081 795 3131 jaren, sie es verstanden haben, sich
1924 3102 3013 3156 hängern soll der Weg abgeschnitten werden. Wie kommt
136 3113 1623 3167 anzuhäufen. Auf Grund derselben, und Czernowitz nur von Juden vorgetragen
1924 3138 3006 3192 nur das Volk dazu, aus dessen Steuern die Universitäten
903 3131 1902 3199 Noch baarsträubender ist die Judenüberflutung an den
140 3160 799 3228 berechtigung erschlichen und sobald
817 3181 2999 3239 medizinischen Fakultäten. So zählt zum Beispiele die Prager erhalten werden, daß die Herren einen Zirkel bilden, in
487 3196 577 3249 sie
297 3196 437 3249 spielten
136 3206 222 3264 war,
1920 3224 3002 3267 dem man nichts hineinreden darf. Die Verjudung der
290 3231 1892 3289 Ich bemerke, sagte Redner, deutsche medizinische Fakultät unter 20 ordentlichen Pro¬
1924 3256 2999 3307 Universitäten ist nur dadurch entstanden, daß die alliberale
820 3256 1899 3332 fessoren 7 Juden, unter 22 außerordentlichen Professoren
136 3282 799 3325 schon seinerzeit darauf hingewiesen
1927 3303 3006 3346 Partei es verstanden hat, ihre Leute in die Universität
824 3303 1823 3364 10 Juden und unter 17 Privatdozenten 11 Juden.
136 3314 795 3364 soziale Partei es verstanden habe,
1924 3339 2999 3385 hineinzuschieben, und wir wollen uns auch nicht zurück¬
899 3342 1892 3396 Tas in jüdischen Professorenkreisen herrschende Cliquen
136 3353 795 3414 acht zu erringen. Damit aber diese
1927 3378 2999 3425 halten lassen und den Kampf mit der Judengesellschaft und
824 3382 1902 3436 wesen, die aufs äußerste betriebene Befürwortung der
140 3385 799 3436 Lauer sei, sei es notwendig, daß die
820 3414 3009 3475 jüdischen Bewerber um Assistentenstellen rc. in den Kliniken den Deutschradikalen, die mit den Juden gemeinsame Sache
140 3432 788 3497 bites christlich, deutsch und anti¬
820 3454 3006 3511 und Spitälern bringt es mit sich, daß zum Beispiele an machen, aufnehmen. Viele Schuld an den jetzigen Zuständen
140 3461 799 3518 Mittel, aus welchem diese Geistes¬
143 3489 2999 3554 ist die Presse zu bezeichnen. Leider der Poliklinik in Wien 50 Prozent der Abteilungsvorstände, trifft auch die deutschradikale Studentenschaft. Die Ver¬
1931 3525 3002 3582 judung unserer Hochschulen wäre nicht so weit vorgeschritten,
150 3540 1902 3597 heute die „Neue Freie Presse“ und am Franz Josefsambulatorium aber 84 Prozent der Ab¬
828 3572 2995 3625 teilungsvorstände Juden sind; aus dem Ausweise vom wenn die deutschradikalen Studenten eine andere Politi¬
140 3586 792 3633 lätter den Ton angeben. Diese Presse
136 3604 3009 3690 aterstück zu loben ist, welcher Pro=Jahre 1906 ergibt sich, daß im Allgemeinen Krankenhause verfolgt hätten. Statt sich mit den deutschlatholischen
