3392 4352
202 177 377 271 13.
411 188 1000 286 selle
1267 211 1684 313 box 449
677 423 1501 517 CASINOS IN OSTERREICH
769 496 1400 569 Baden / Salzburg / Semmering
663 534 1121 604 Roulette — Baccara
1190 556 1500 619 Chemin de fer
669 581 1496 690 österreichische Casino A. G.
661 648 1494 727 Wien III, Schwarzenbergplatz 5a
652 750 1154 844 „OBSERVER
888 842 1496 909 1. österr. behördlich konzessioniertes
888 881 1496 944 Unternehmen für Zeitungs-Ausschnitte
882 917 1492 982 Wien 1, Wollzeile 11, Telephon R-23-0-43
990 1030 1338 1125 Der Morgen, Wien
634 1048 992 1155 Ausschnitt aus:
1219 1215 1315 1315 38
629 1280 757 1352 vom
886 1255 1111 1375 260
479 1478 1671 1575 Das Akademische Gymnasium jubiliert:
511 1567 2057 1682 Zeugnisse seiner berühmten Schüler
508 1692 1265 1748 Das alte Akademische Gymnasium, dessen
1317 1688 2099 1746 mals Ordinarius der achten Klasse, emp¬
467 1738 1265 1792 Tradition bis in das 13. Jahrhundert
1323 1748 2099 1805 fahl dem Vater Engländer einen Hausleh¬
467 1790 1263 1838 zurückgeht, feiert in den nächsten Tagen
1317 1796 2099 1842 rer für den Sohn Richard zu engagieren,
469 1832 1263 1888 das 70jährige Jubiläum seines neuen
1307 1836 2105 1894 da sonst an ein Bestehen der Reiseprüfung
467 1873 1263 1928 Gebäudes am Beethoven=Park. Eine un¬
1315 1878 2103 1930 nicht zu denken sei. Der Mitschüler
463 1919 1269 1971 glaublich große Zahl der bedeutendsten
1317 1922 2103 1967 Richards, heute Bundeskulturrat Professor
469 1965 1265 2005 Männer sind aus dieser Anstalt hervor¬
1315 1965 2096 2019 Dr. Frankfurter, übernahm diese undank¬
463 2007 1263 2061 gegangen; auf den Bänken, auf denen auch
1311 2007 2094 2065 bare Rolle. Er erzählt, daß Richard Eng¬
469 2049 1265 2097 heute die Schüler sich drängen, saßen in
1317 2053 2099 2101 länder bei der Reifeprüfung zwar in Ma¬
469 2090 1257 2146 ihrer Schulzeit einst Staatsmänner und
1317 2097 2105 2144 thematik und Physik mit Mühe und Not
469 2136 1265 2182 Dichter, in den von klosterartigen Spitz¬
1315 2140 2105 2195 bestehen konnte, in Latein aber jämmerlich
469 2178 1267 2242 bogen überkuppelten Gängen tollten einst
1309 2182 2101 2238 versagte und die Prüfung wiederholen
475 2219 1257 2274 Jungen, die später als Gelehrte und
1315 2228 2101 2276 mußte. Den ganzen Sommer lernten die
463 2267 1265 2334 Wissenschaftler nicht nur ihren Namen,
1311 2265 2101 2319 beiden Freunde in Vöslau, wo die Fa¬
458 2307 1265 2420 sondern auch den ihrer Heimat in aller
1317 2344 2111 2420 milie Engländer zur Erholung weilte.
459 2374 907 2440 Welt populär machten.
1309 2397 2107 2459 Beim zweitenmal gelang es dem Schüler
502 2430 1227 2497 Bauernfeld und Nestroy,
1309 2436 2109 2509 Richard dann, das zur Reiseerklärung not¬
506 2474 1200 2557 Peter Altenberg, Schnitzlei
1311 2486 2022 2553 wendige „befriedigend“ zu erkämpfen.
506 2511 1236 2574 Hofmannsthal, ein Be¬
1352 2530 2063 2611 Der Schüler Engländer,
496 2570 1215 2636 Hofmann und ein Graf
1342 2578 2063 2651 unter diesem Namen fast
506 2607 1221 2670 Taafe, ein Wilhelm Sche¬
1344 2617 1938 2695 unbekannt, hat sich
1971 2634 2074 2693 als
496 2657 1215 2707 rer und ein Fournier fin¬
1344 2668 2069 2722 Peter Altenberg dann spä¬
500 2692 1223 2772 den sich da in den alten
1348 2711 2069 2778 ter in die Herzen seiner
715 2740 1000 2809 Katalogen,
1342 2757 2063 2832 Leser und Anhänger ge¬
454 2788 1253 2859 neben einer Unzahl anderer Namen, die
1338 2803 2063 2880 dichtet, gesungen und ge¬
458 2830 1255 2897 heute ebenfalls der Geschichte, der Kultur¬
1598 2843 1826 2909 chwärmt.
458 2882 1057 2938 geschichte Österreichs, angehören.
1338 2870 2099 2953 Als zehn Jahre nach seinem Tode eine
500 2913 1248 2980 Wenn man zur Mittagsstunde die Jun¬
1303 2926 2101 3013 Gruppe von Freunden das schlichte Grab
446 2959 1248 3024 gen ins Freie stürmen sieht, froh, den Fol¬
1294 2993 2101 3053 auf dem Zentralfriedhof aufsuchte, da
458 3016 1253 3068 gen einer nicht gemachten Präparation
1300 3026 2096 3091 waren Hunderte gekommen, die das An¬
452 3059 1248 3114 entgangen zu sein, da denkt man vielleicht
1305 3068 2092 3143 denken an den „schlechten Schüler Eng¬
448 3095 1248 3159 daran, ob wohl auch unter diesen jungen
1294 3109 1853 3178 länder" treu gewahrt hatten.
448 3138 1246 3199 Burschen der eine oder der andere berufen
1340 3130 2094 3228 Ein anderer, mit dem Peter Altenberg
452 3182 1242 3255 ist, dereinst Bedeutendes zu leisten. Denn
1294 3199 2094 3268 nach dem Abgang aus der Schule so man¬
448 3234 1246 3284 anders als diese Jugend sind auch die
1294 3245 2092 3318 chen Abend im Café Central, dem Wiener
454 3272 1240 3336 Großen nicht gewesen, die - ebenso froh
1294 3284 2094 3345 Literatur=Café, verbracht, hat mit den
502 3326 1236 3382 einst durch den gleichen Eingang drang¬
1300 3326 2090 3401 Fundamenten des humanistischen Wissens
444 3357 1242 3428 ten. Wenn man in den alten Katalogen
1294 3374 2092 3437 keinen so schweren Strauß zu bestehen ge¬
444 3399 1232 3489 der Anstalt blättert, findet man es be¬
1292 3412 2090 3480 habt: Hugo von Hofmannsthal. Da steht
446 3437 577 3509 stätigt.
1292 3457 2090 3524 in dem Katalog, in dem die Ergebnisse der
488 3487 1246 3547 Da gab es zum Beispiel einen Schüler
1286 3501 2084 3570 Reifeprüfungen verzeichnet sind, ein Zeug¬
446 3526 1240 3599 Richard Engländer, der vertrug sich
1294 3551 2090 3614 nis, wie jede Mutter es von ihrem Sohn
440 3576 1232 3643 viel besser mit den Bäumen und Vögeln
1302 3589 1690 3660 sich wünschen möchte.
446 3618 1234 3689 im kleinen Beethoven=Park als mit der
1323 3643 1715 3707 Religion: Vorzüglich
436 3662 1232 3718 Mathematik und den Formen des lateini¬
1321 3691 1667 3741 Latein: Vorzüglich
444 3707 1242 3778 schen Verbums. Professor Greistorfer, da¬
1309 3724 1732 3791 Griechisch: Vorzüglich
2186 1467 2915 1548 Geschichte und Geographie Vorzüglich
2188 1546 2647 1601 Mathematik: Lobenswert
2192 1590 2699 1661 Propadetik: Ausgezeichnet
2194 1625 2951 1701 Für Deutsch und Physik schienen den
2151 1684 2951 1751 Prüfern die vorgeschriebenen Noten gar
2153 1738 2951 1784 nicht belobend genug. Da finden sich Zu¬
2157 1780 2947 1840 sätze, wie: „Vorzügliche Beweisführung
2157 1828 2953 1873 und Auffassung", „besonders anerkennens¬
2151 1867 2953 1921 werte Gedanken“. Der Schüler, der dieses
2159 1911 2947 1963 Zeugnis errang, sieht auf dem Gruppen¬
2159 1955 2945 2009 bild, auf dem er mit seiner Klasse aufge¬
2157 1997 2953 2053 nommen ist, seltsam ernst, seltsam asketisch
2151 2049 2951 2107 aus. Noch in seiner Schulzeit hatte er
2159 2088 2941 2134 unter dem Namen „Loris“ Gedichte ver¬
2157 2130 2943 2182 öffentlicht und einen regen Briefwechsel
2151 2178 2953 2226 mit verschiedenen Persönlichkeiten der
2153 2215 2951 2265 Kunst= und Geisteswelt geführt. Seltsame
2157 2261 2943 2317 Briefe, in denen neben ernster Kritik und
2159 2305 2945 2365 frühreifer Lebensauffassung Sätze stehen,
2151 2347 2941 2401 die von Schulaufgaben berichten, Prüfun¬
2157 2394 2947 2443 gen und all den großen, kleinen Sorgen
2153 2440 2951 2505 des Schülers Hugo Edler von Hofmanns¬
2153 2474 2244 2540 thal.
2188 2520 2542 2605 Sitten: Lobenswert
2180 2582 2597 2653 Religion: Befriedigend
2180 2638 2567 2701 Latein: Befriedigend
2186 2686 2599 2751 Griechisch: Vorzüglich
2186 2734 2578 2799 Deutsch: Lobenswert
2186 2757 2909 2834 Geschichte und Geographie: Lobenswert
2180 2830 2549 2893 Physik: Lobenswert
2180 2884 2630 2940 Mathematik: Lobenswert
2182 2926 2634 2989 Propadetik: Vorzüglich
2180 2972 2834 3041 Matura abgelegt: Mit Auszeichnung
2186 3009 2905 3099 Dieser Schüler, der schon
2186 3080 2905 3145 im Gymnasium durch die
2188 3132 2899 3186 gute Note sein Interesse
2203 3164 2899 3232 für Psychologie und Philo¬
2192 3214 2901 3272 sophie bezeugt, ist Arthur
2407 3255 2684 3328 Schnitzler.
2186 3297 2945 3372 Nachdem er in kleinen Gedichten und
2153 3361 2943 3414 Novellen, die er neben den Schulaufgaben
2151 3409 2941 3455 heimlich geschrieben, seine Reise viel früher
2159 3451 2945 3512 schon kundgetan, legt er auch die offizielle
2144 3493 2857 3562 „Reifeprüfung“ mit Auszeichnung ab.
2188 3535 2941 3616 Gute und schlechte Schüler, damals, so
2144 3587 2941 3645 wie heute. Ein klosterartiges Haus, das
2147 3637 2943 3691 zurückblickt auf eine große, auf eine sehr
2144 3680 2941 3733 große Vergangenheit. Sieht man die Jun¬
2142 3726 2938 3782 gen, die zur Mittagstunde ins Freie stür¬
2147 3768 2936 3812 men, froh, den Folgen einer nicht gemach¬
2144 3807 2932 3855 ten Präparation entgangen zu sein, wird
2144 3849 2936 3901 die Hoffnung wach, daß auch unter ihnen
2147 3893 2943 3949 der eine oder der andere berufen sein
2146 3932 2484 4018 werde, dereinst...
2657 3981 2905 4043 Herbert III.
