3392 4352
201 248 1059 362 13. Miscellaneous
1255 269 1680 356 box 44/9
2130 214 2832 264 fino al rinnovamento della guerra, non
2145 254 2840 309 aveva le facili risoluzioni che il cinema
2143 285 2334 345 ci concede.
2177 346 2832 422 Dalla vita al romanzo e al film, ne¬
2145 399 2835 457 giro di trent anni, la riduzione ha por¬
2143 451 2833 496 tato un alleggerimento di pena, una bo¬
2145 495 2832 540 nomia di punti di vista: lo stesso ama¬
2146 526 2824 576 Willy Forst divenuto più seren
2143 565 2829 610 del suo maestro Arthur Schnitzler, la
2146 600 2824 646 spiratore di molta letteratura europea,
2145 644 2827 694 ed ora di tutta la più raffinata cinema¬
2138 684 2838 733 tografia austriaca e tedesca. L’influenza
2136 720 2827 772 di Schnitzler grava ancora come la mi¬
2143 759 2833 806 seria della delusione sensuale anche se
2190 791 2829 830 suoi romani hanno un poco perduto
2183 820 2830 872 rit scandalosa dell'ampia vivise¬
2136 853 2827 917 zione, il rancore contro l'amore, la de¬
2146 897 2827 946 solazione d'ogni grande passione. Ineso¬
2138 932 2829 986 rabile, preciso, ha avuto il coraggio di
2361 1288 2475 1361 J.
2341 1997 2621 2063 ALVEE FAYE
2128 2088 2802 2145 dire tutta la verità, e la vita gli ha da
2125 2132 2805 2180 to ragione, anche con Stroheim, che e¬
2131 2175 2805 2218 gli non imagine, ma che rappresenta
2127 2209 2710 2258 l'essenza di molti suoi personaggi.
2164 2248 2811 2292 Però Eric von Etroheim, come atto¬
2125 2292 2802 2333 re e regista, era troppo brutale e accu¬
2125 2329 2809 2375 mulava antipatie: con migliore apparen¬
2125 2352 2805 2407 za e sensibilità più umanizzata doveva
2125 2408 2818 2449 fare fortuna Willy Forst, e con quella
2128 2439 2801 2485 maniera che Ophus non seppe conser¬
2125 2482 2805 2530 vare. Ma Forst conosceva e sentiva me¬
2118 2521 2805 2567 glio Schnitzler : era anche attore e ave¬
2124 2556 2805 2606 va recitato i suoi drammi, quegli att
2128 2594 2802 2638 unici che piacevano al pubblico fina di¬
2125 2636 2812 2674 sorientarlo all'ultima battuta. Con quel¬
2125 2672 2810 2720 l'esperienza teatrale, egli poteva rifare
2125 2708 2811 2777 Schnitzler per i gusti del pubblico che
2124 2743 2484 2792 va al cinematografo
2161 2783 2808 2840 La popolarità di Forst è dunque un
2119 2826 2811 2873 riffesso di Schnitzler ? Non del tutto,
2123 2869 2802 2909 perché a quella maniera indagatrice
2119 2903 2796 2951 tormentata, senza speranze, si deve ag
2119 2940 2802 2983 giungere unabile intelligenza d’adatta-
2123 2980 2799 3031 mento. I lavori di Willy Forst, e quel¬
2119 3007 2799 3063 della migliore scuola austriaca che da
2121 3050 2800 3106 lui più o meno indirettamente derivano,
2119 3095 2796 3155 si svolgono in un'atmosfera psicologica
2113 3140 2807 3180 usuale ne film, e dove si ritrova
2116 3166 2800 3221 Schnitzler, ma per ottenerla occorre
2112 3204 2799 3263 tutta una abilità descrittiva, dinamicae
2115 3253 2799 3300 attuale, sebbene la contradizione tra la
2112 3293 2799 3336 tradizione letterariae la maniera mo¬
2112 3317 2795 3385 derna di presentare i personaggi non
2119 3357 2392 3406 si riveli affatto.
2149 3390 2791 3445 Esiste una tradizione letteraria più
2113 3441 2787 3481 una maniera cinematografica che inse¬
2119 3480 2791 3534 nie danno cinematografie interessant co¬
2609 3514 2793 3566 lam-
2103 3517 2787 3596 plice apparenza del personaggi america¬
2108 3587 2787 3632 nisi contrappone un modo di vivere e
2110 3624 2794 3687 di sentire, più profondo, e a noi più
2100 3655 2256 3706 naturale.
2142 3690 2784 3756 Questi film sono l'ultima espressione.
2103 3728 2788 3786 innocentemente arbitraria, meno sgra¬
2100 3767 2791 3823 dita, dello sceticismo di Schnitzler, e
2101 3811 2781 3871 rentrano tutti in una atmosfera lettera¬
2101 3853 2781 3916 ria che diviene anche un'atmosfera ci¬
2095 3884 2342 3938 nematografica.
2131 3923 2776 3988 Dove non esista già un atmosfera co¬
2100 3963 2785 4021 munque letteraria, che in parte possa
2098 4008 2777 4056 venire assorbita anche dal cinema tut-
2097 4029 2777 4092 tora privo di un proprio stile di sog¬
2097 4076 2827 4154 getti originali, si nota incertezza nella
2074 4110 2287 4170 spirazione.
