3296 4352
207 174 1058 300 sans
1255 184 1729 298 box 44/10
2510 1276 2696 1371 A
120 1545 1530 1657 SOCIE DES THEATERS
1568 1557 3123 1678 DER LAPRESSIONSTEN
986 1827 1976 1903 Heraus! Alle sollen sehen: Die Larve. Das Nichts.
2048 1818 3129 1905 ist die erste nicht. Nichts Menschliches ist mir fremd.
124 1835 830 1930 Lothar Schreyer: Die Theater¬
915 1897 1976 1955 Zertreten wir die Larven, und wenn sie sich mehren wie
2048 1893 2715 1957 Die Kunst ist nichts Menschliches.
124 1899 837 1974 varth Walden: Die Gegenwart
917 1947 1972 2013 Karnickel. Dann fliegt das Nichts in die Luft. Vexer¬
2127 1945 2585 2021 Mensch mach ein Ende!
145 1963 830 2040 Bühne Die Zukunft der
911 1996 1856 2052 bild: Wo ist die Jungfrau? Lang lang ist's her.
104 2019 833 2096 ne Der Sohn der Jungfrau
986 2042 1147 2114 Heraus!
166 2079 760 2162 Das Tagebuch der S.
2123 2067 3113 2164 Der Theaterbesucher ist kein Mensch. Einmal er¬
126 2139 833 2210 Weihnachtsmärchen Deutsche
2046 2158 3119 2212 kennen wir, daß wir nicht Besucher eines öffentlichen
2052 2201 3113 2262 Hauses sind, daß man uns dazu gemacht hat. Einmal
131 2204 835 2266 Herwarth Walden: Die Helden
2048 2249 3113 2303 wissen wir, daß wir Menschen sind. Wehe dem, der
986 2230 1965 2309 Das Theater geht solange zum Publikum, bis der
124 2255 833 2334 beim Held vom Wald Die
917 2299 1969 2357 Mensch sich bricht. Alle Theater wollen zum Brechen
2048 2297 3121 2351 etwas aus uns machen will. Zu sein ist unser Leben.
118 2326 828 2390 Anmerkungen Mitteilungen
917 2348 1969 2411 voll sein. Bruch. Einem dringenden Bedürfnis ab¬
2052 2348 3123 2409 Unser Geist ist. Im Geist sind wir Menschen nicht
2048 2400 3113 2454 Mensch. Geister zu sein, sehnen wir uns. Wo ist der
909 2392 1976 2458 zuhelfen. Du fühlst mit diesem Drang im Leibe. Hilfe
2048 2446 3119 2502 Geist im Theater? Er erscheint nur dem Hamlet und
917 2448 1052 2520 tut not.
2048 2489 3113 2549 spricht als ein alter Mann voll geistiger Getränke. Der
978 2469 1972 2562 Etwas Gewaltiges ist der Mensch. Raum ist in der
102 2498 246 2609 piche
2048 2543 3113 2609 Dichter verscheidet und gibt seinen Geist von sich. Das
905 2554 1972 2611 kleinsten Hütte. Pärchen ohne Paarung sind prosaisch.
2054 2595 2558 2657 Publikum hat keinen Geist.
911 2599 1969 2663 Daher der Name Prosadichter. Das Volk der Denker
2123 2622 3113 2705 Im Sturm fährt der Geist herab. Das Gelächter
905 2651 1969 2713 und Dichter. An ihren Werken sollst du sie erkennen.
2046 2688 3113 2752 tötet den Ungeist. Das Theater will durchhalten, weil es
988 2700 1965 2775 Das Theater ist ein Geschäft. Es wird mit Ge¬
118 2705 833 2790 im öffentlichen Haus. Dem Familien¬
2042 2736 3113 2800 unterhalten will. Wir aber siegen, weil wir kämpfen.
909 2758 1963 2814 schöpfen gehandelt. Es wird mit Schöpfern gehandelt
114 2771 830 2829 Wasser im Munde zusammen. Die
2123 2790 3121 2850 Der Geist besiegt die Masse. Der Geist ergreift die
915 2808 1969 2864 Mädchenhändlern läßt man ihre Ruhe nicht. Wir sind
114 2819 828 2881 elt die Suppe aus. Die Familienkinder
2052 2837 3113 2897 Masse. Das Publikum wird nie den Geist begreifen. Aber
915 2858 1969 2912 Gemütsmenschen. Wir wissen Unterschiede zu machen.
108 2875 832 2939 erbrochen. Es ist eine Kunst zu leben.
2052 2877 3123 2949 einmal weichen die endlichen Instinkte der unendlichen
915 2906 1963 2984 Wer scheidet Schöpfung vom Geschäft? Kunst is
108 2920 828 2992 iß, daß die Beinstellung die einzig
2046 2935 3111 2997 Sehnsucht. So wahr die Macht der Unendlichkeit größer
911 2951 1959 3017 Schöpfung. Ist Theater Kunst? Für alle Gemüts¬
99 2970 828 3030 Leben ist. Meine Beine, deine Beine
2046 2986 3113 3044 ist als die Kraft der Endlichkeit. Das geistige Erlebnis
909 3003 1970 3065 menschen. Gemütsmensch ist das Mensch, bei dem es
99 3021 828 3088 piel. Es ist zum Davonlaufen. Weißt
2042 3038 3117 3094 ist das Ende des endlichen Lebens. Das geistige Reich
911 3053 1963 3115 nur die Ruhe machen kann. Und wenn die Welt brennt.
112 3065 835 3135 ein stehen? Nach der bekannten
2040 3084 3113 3144 ist angebrochen. Die Zeit der Armut ist vorbei. Wir
911 3104 1972 3158 nur immer gemütlich. Wie wohl ist dem, der dann und
108 3115 437 3185 chillern, Goethen.
2052 3133 3113 3193 leben nicht mehr. Wir erleben. Bruder um Bruder.
905 3150 1967 3212 wann sich etwas Schönes dichten kann. Und wenn man's
120 3166 824 3224 nicht alleine. Wenigstens einen Stel¬
2052 3183 3127 3243 Schwester um Schwester. Mensch um Tier. Tier um
903 3198 1969 3249 nicht kann, geht man ins Theater. Dort wird einem vor¬
112 3222 822 3276 ir kaufen. Tausend Menschen ver¬
2048 3231 3102 3284 Blume. Volk ist Menschheit, Leben erlebt die We¬
905 3243 1970 3305 gedichtet, daß es nur solche die
104 3262 824 3340 Kasse ausverkauft. Alles le
2052 3276 3106 3328 Wir sind die Welt. Was gehen uns die Bretter an, die
905 3297 1967 3349 Natur. Lebendig wie das Leben. Das Leben ist ein
114 3311 307 3374 die Kunst.
2052 3322 3106 3376 die Welt bedeuten. Die Bretter bedeuten nichts. Die
915 3338 1967 3405 Theater, ach ja, Krachen ist schön, aber bitte nicht
139 3363 824 3415 ihre Jahre nicht an. Der Kenner
2042 3367 3106 3425 Welt bedeutet nichts. Nichts deutet die Welt. Wir
909 3401 1593 3465 schießen. Das stört die Verdauung.
108 3413 828 3481 Denkorgan. Der Mensch denkt. Das
2036 3415 3100 3481 künden die Welt. Die Welt kündet uns. Der Lebende
975 3432 1965 3506 Die Hauptsache im Theater ist, daß man die edleren
130 3456 828 3527 Kunst sollte sächlich sein. Dann er¬
2046 3465 3102 3527 schaut dem Werden zu. Der Erlebende schaut das Sein.
903 3494 1965 3558 Funktionen nicht stört. Man behandle das Publikum wie
114 3506 822 3574 tens, ob sie gegenständlich ist oder
2036 3514 3102 3568 Der Geist ist keine Oeffentlichkeit. Der Geist ist eine
903 3554 1603 3620 ein rohes El. Bitte nicht, Kolumbus
126 3558 445 3628 Theater ist: Das
2036 3562 3100 3620 Innerlichkeit. Der Geist ist kein persönliches Ziel. Der
982 3595 1963 3659 Erkenne dich selbst. Und erst auf dem Theater. Das
2036 3610 3098 3664 Geist ist die Gegenwart des All. Allgegenwärtig ist er
135 3632 830 3713 Sache. Das ist eine Nebensache.
901 3649 1959 3732 beruhigt. Sind wir doch allzumal Sünder. König und
2040 3655 3096 3721 im geistmächtigen Menschen. Es gibt kein Publikum.
114 3705 830 3763 n ist die Nebensache nicht notwendig.
909 3693 1947 3761 Bettler, Schulter an Schulter. Von sonstigen Be¬
2036 3707 3098 3757 Wir sind keine Zuschauer. Wir sind Schauende. Das
112 3757 828 3811 heln uns, Bedürfnisanstalten zu haben.
909 3750 1957 3802 ziehungen ganz zu schweigen. Man denke an das kleine
2042 3753 3094 3817 Theater ist eine öffentliche Versammlung. Die Schauen¬
114 3806 818 3862 Kulturvolk. Wir wissen, was sich ge¬
909 3802 1738 3873 Schlaganfälschen du mein Heimat-Land!
2040 3804 3096 3856 den haben die innere Sammlung. Das Theater ist leer.
139 3848 402 3920 Kulturtheater.
2042 3854 3096 3914 Wir sehen die Leere des Theaters. Das Theater hat
982 3844 1957 3935 Die Welt ist eine Hühnerleiter. Die weltbedeutenden
114 3873 830 3956 rukt. Die Liebe höret nimmer auf.
2030 3900 3096 3964 kein Gesicht. Keine Gesichte sind im Theater gestaltet.
903 3897 1957 3960 Bretter sind auf dem Holzwege. Alle Wege führen nach
118 3947 828 4016 as du mir alles ernst. Ernst ist das
2040 3953 3094 4014 Darauf kommt es an. Wir wollen die Unendlichkeit sehen.
903 3953 1955 4007 Rom. Nur ein Weg führt zur Kunst: das Kunstwerk.
126 3991 313 4061 die Welt.
2034 4001 3104 4059 Das ist nicht belustigend. Das ist nicht belehrend. Das
911 3997 1957 4057 Die Kunst ist nicht in Rom. Wer sich der Welt ergibt,
104 4009 830 4100 le die Welt bedeuten. Das heißt eine
2038 4051 2531 4117 Ist die Macht der Kunst.
915 4049 1959 4111 ist bald allein. Der Eine ist das im Kunstwerk. Alle sind
108 4086 832 4142 eine Welt. Das Publikum lacht sich
2102 4082 3106 4152 Die neue Zeit ist da. Die Persönlichkeit ist eine
911 4096 1957 4156 im Theater allein. Mit allen Mitteln fängt das Theater alle,
