3392 4352
306 109 1138 171 Staat dennoch eine Weltproduktion schaffen
303 157 1140 212 konnte: Das erste ist, daß unser Vaterland
310 203 1138 263 ein Teil des großen deutschen Sprachgebie¬
310 251 1141 308 tes ist und dadurch des Vorteiles eines
310 292 1139 352 großen, einheitlichen Sprachraumes, der
310 338 1139 398 sonst nur den großen Filmmächten zu Ge¬
307 378 1143 445 bote steht, teilhaftig wird. Das zweite Mo¬
311 419 1140 484 ment: Der Österreicher, der auf eine viel¬
306 469 1140 521 hundertjährige Theatertradition zurückblickt,
312 521 1143 571 hat Theaterblut. Diese Begabung kommt auch
310 556 1143 612 dem Film zugute. Unser Vaterland hat al¬
312 608 1139 658 lein durch seine Künstler großen Anteil an
312 644 1140 701 der Weltfilmproduktion. So hat kürzlich
316 687 1140 744 eine reichsdeutsche Zeitung die 24 besten
310 743 1141 788 Darsteller des deutschsprachigen Films zu¬
319 775 1143 834 sammengestellt, darunter befanden sich acht
310 826 1139 876 Österreicher, also ein Drittel. Auch in Eng¬
316 865 1140 928 land und Amerika trifft man überraschend
316 917 1141 964 viel Filmschaffende, die entweder österrei¬
310 953 1157 1027 chischer Herkunft sind oder zumindest durch
307 997 1107 1045 die österreichische Schule gegangen sind.
355 1035 1132 1090 Der österreichische Film ist noch jun¬
312 1080 1143 1131 Daß er heute eine wirtschaftl. und kulturelle
312 1126 1140 1178 Bedeutung erlangt hat, beruht einfach auf
310 1175 1141 1221 der glücklichen Tatsache, daß die ersten
310 1214 1144 1270 Filme, die Österreich in die Welt geschickt
312 1254 1138 1310 hat, gut waren und sich mit einem Schlag
310 1302 806 1358 ihre Sympathie eroberten.
352 1341 1143 1405 Die österreichische Filmproduktion, die
303 1399 1141 1445 etwa 20 bis 25 Prozent der deutschsprachi¬
310 1429 1138 1482 gen bestreitet, hat in ihren Stoffen und
312 1476 1056 1531 ihren Arten einen großen Spielraum.
361 1523 1147 1592 Ich möchte vier große Gruppen
312 1569 1147 1634 herausgreifen: Die eine, die wir unter
312 1622 1144 1675 dem Schlagwort „Wiener Impressionis¬
310 1664 1147 1718 mus“ zusammenfassen können, wird gekenn¬
312 1707 1141 1769 zeichnet durch die Filme „Maskerade“ und
321 1744 1134 1813 „Episode". Es gehören dazu „Hohe Schule",
316 1790 1143 1855 „Vorstadtvarieté“, Letzte Liebe" und „Ma¬
310 1838 1147 1885 ria Baschkirtseff“. Ihnen allen ist gemein¬
319 1875 1147 1939 sam der rückwärtsgewandte Blick, das
328 1926 1140 1984 Wurzeln in der angekränkelten Atmosphäre
312 1970 1147 2023 der Vergangenheit, mit der nicht kritisch
312 2020 1147 2076 abgerechnet, sondern die mit einer gewissen
316 2064 1153 2111 wehmütigen Liebe verkörpert wird. Es ist
312 2098 1147 2163 Schnitzlersche Luft, die in diesen Filmen
307 2147 1149 2196 weht, ob sie nun die Skandalgeschichte eines
316 2197 1144 2243 Aktbildes („Maskerade") oder das Märchen
319 2231 1150 2290 von der platonischen Freundschaft des
309 2276 1147 2342 Kunstmädens („Episode"), ob sie die Tra¬
307 2322 1147 2382 gik eines überlebten Ehrenkoder („Hohe
316 2369 1149 2414 Schule") oder die Verderbtheit des Wiener
319 2409 1025 2462 Pratersängertums („Vorstadtvariete
321 2452 808 2512 Schicksalen werden lassen.
361 2501 1149 2558 Als zweite Gruppe möchte ich jene
320 2552 1143 2612 Filme nennen, die bestimmt sind, bewußt
318 2596 1141 2647 einen Werbezweck für Österreich zu erfüllen.
319 2641 1147 2692 Der österreichische Staat stellt mit Aus¬
316 2682 1143 2736 nahme der Regelung von Wochenschau und
319 2727 1147 2778 Kurzfilm keine öffentlichen Mittel für die
320 2770 1149 2829 Filmherstellung zur Verfügung. Hierher
316 2811 1144 2879 gehören u. a. „Das weiße Rößl“ und
310 2859 1139 2915 „Singende Jugend“. Der Vorzug dieser
312 2903 1149 2954 Filme ist ihr Zweck und ihre volkstümliche
316 2952 1144 3007 Haltung, ein empfindlicher Mangel die
318 2991 1140 3054 unechte, operettenhafte Zeichnung österrei¬
316 3036 684 3106 chischer Volkssitten.
355 3081 1147 3147 Die dritte Gruppe, charakterisiert durch
310 3132 1140 3181 Titel wie „Fahrt in die Jugend, „Him¬
310 3174 1140 3239 mel auf Erden, „Wer zuletzt küßt...
316 3217 1143 3269 umfaßt das Gros der Durchschnittsunter¬
310 3262 1147 3318 haltung, wie es jede Produktion besitzt und
319 3310 1143 3360 vielfach auch nach dem gleichen Schema
320 3358 467 3413 herstellt.
357 3377 1147 3450 Die vierte Gruppe umfaßt schließlich
310 3438 1147 3491 den gepflegten österreichischen Unterhal¬
316 3481 1147 3538 tungsfilm, als dessen Repräsentant etwa
316 3531 991 3581 „Leuchter des Kaisers“ genannt sei.
357 3571 1152 3618 Es ist hier der Ort, weltanschaulich kriti¬
310 3614 1150 3673 sche Worte zur österreichischen Filmproduk¬
321 3660 1149 3708 tion zu sagen. Wir wissen, daß in diesen
316 3702 1149 3755 Filmen nur ein Bruchteil von Österreicher¬
319 3748 1149 3794 tum lebt, jener, der am intern, ist und
319 3791 1152 3838 die eigentümlichsten Vorzüge unseres Volks¬
325 3832 1156 3891 stammes nur durch eine dicke Firnisschicht
316 3879 1149 3932 gerade noch ahnen läßt. Auch vom christ¬
315 3925 1147 3974 lichen Standpunkt bleibt trotz des oft außer¬
316 3980 1153 4024 ordentlichen Kunstwertes, der unseren
310 4011 1152 4067 guten Filmen zweifellos zukommt, ein bit¬
303 4054 1156 4105 terer Rest offen: Das Weltbild dieser Filme
1860 1072 2032 1134 Roulette
1865 1152 2625 1191 Österreichische Casino A.
1867 1192 2698 1239 Wien III, Schwarzenbergplatz 5a
1859 1294 2347 1387 „OBSERVER
2094 1381 2691 1435 1. österr. behördlich konzessioniertes
2089 1415 2689 1463 Unternehmen für Zeitungs-Ausschnitte
2094 1454 2692 1529 Wien 1, Wollzeile 11, Telephon R-23-0-43
2216 1581 2501 1673 S. VIII. 1938
1930 1706 2624 1797 Der Prager illustrierte Montag.
1919 1778 2824 1867 Picks Hutmuseum wird versteigert
2025 1857 2805 1911 Wien. In Wien gibt es ein originelles Hut¬
1983 1896 2812 1949 museum, dessen Besitzer der Oberlandesgerichts¬
1982 1931 2811 1981 rat a. D. Alfred Pick ist. Wie wir hören, wird
1974 1953 2561 2022 en demnächst versteigert worden.
1957 1987 2805 2078 Der Oberlandesgerichtsrat a. D. Dr. Alfred
1907 2053 2797 2114 Pick, der Sohn des Komponisten des Fla¬
1910 2099 2806 2154 kerliedes besitzt in seiner umfangreichen
1916 2142 2809 2187 Sammlung über Alt-Wien eine eigene Vitrine
1910 2178 2801 2238 für Hüte. Als vor etwa 45 Jahren im Café
1910 2219 2796 2270 Laferi der Baron-Jean, einer der ur¬
1916 2263 2802 2320 wüchsigsten Heurigensänger, mit einem Un¬
1919 2285 2800 2347 bekannten wettete, in einer halben Stunde
1910 2341 2795 2390 dreissig Gläser Schnaps auszutrinken, was
1912 2372 2797 2422 ihm auch gelang, wollte Dr. P. ein Andenken
1904 2421 2802 2459 an dieses historische Ereignis haben und
1907 2447 2800 2504 bat sich den Hut vom Baron-Jean aus, indem
1904 2491 2796 2539 er ihm dafür den seinen gab. Mit diesem
1903 2533 2796 2586 ersten Hut begann die Sammlung, eine regel¬
1907 2572 2794 2626 rechte Hutparade aus dem vorigen Jahrhun-
1907 2606 2794 2663 dert; neben dem kleinen braunen Hütchen
1898 2644 2794 2695 Karl Blasels liegt der Stösser des Fürsten
1898 2677 2788 2726 Trautmannsdorff, daneben der be¬
1901 2725 2787 2774 rühmte Strohhut Alexander Girardis, den
1901 2764 2792 2818 er im Armen Jonathan getragen hatte und
1898 2810 2788 2857 der sozusagen eine kleine Revolution in der
1898 2835 2788 2897 Herrenmode hervorgerufen hatte. Auch andere
1904 2872 2784 2928 Bühnenhüte finden wir da: einen grauen Flor¬
1892 2917 2784 2969 hut der Stella Hohenfels, einen Hut, mit
1901 2952 2782 3007 dem Hugo Thimig über 50mal in den
1892 3004 2783 3048 Wilddieben aufgetreten ist. Ferner der Hut
1896 3030 2782 3092 der Kaiserin Elisabeth — ein Modell zu
1898 3065 2783 3130 ihren Reithüten, Arthur Schnitzlers
1895 3107 2769 3163 weichkrempiger grauer Schlapphut, der Zy
1885 3140 2779 3204 linder des Heurigensängers Guschel¬
1889 3185 2779 3245 bauer, der Geheimratshut des Philantropen
1889 3227 2775 3283 Graf Wilczek, gleich daneben der letzte
1889 3258 2774 3323 schwarze Kämmererhut, der in Altösterreich
1887 3302 2773 3360 verfertigt wurde, und seinem Enkel, dem Gra¬
1882 3342 2774 3405 fen Karl Wilczek gehörte. In treuer Eintracht
1882 3379 2769 3442 finden wir die Kopfbedeckungen zweier gros¬
1873 3414 2773 3474 ser Gegner: den Zylinder des Bürgermeisters
1883 3459 2769 3536 Lueger neben dem dunklen Barett des
1876 3499 2421 3571 Rabbiners Güdemann.
