3392 4352
180 258 332 364 13.
381 268 625 378 Mis¬
678 261 1052 392 nous
1232 261 1674 381 box 44/9
1448 699 1557 787 66
667 699 1497 830 OBSERVER
604 805 1561 886 I. österr. behördl. konzessioniertes Unternehmen für
886 851 1264 897 Zeitungs-Ausschnitte
749 865 1416 978 WIEN, I., WOLLEILE 11
883 943 1268 1028 NO 3
593 1042 1554 1162 Ausschnitt aus: „NEUES WIENER JOURNAL
597 1268 699 1328 vom
1268 1292 1367 1402 0
1494 1423 3033 1670 Berührte Doppelgänger.
1031 1674 3189 1797 Geheimnis der Aehnlichkeit. — Masken, die das Leben
2186 1759 2292 1854 Von
2062 1833 2377 1942 Augustin.
523 1886 3259 1995 Aus sehr vielen Einzelheiten setzt sich des Menschen Antlitz, Häupter die beiden Partner sind. Dann ist es meistens so, daß viel mehr zu tun, al
417 1960 2807 2045 nicht zusammen. Augen und Mund, Nase und Stirn, Wangen die eine von den zwei Persönlichkeiten, die einander zum Ver¬
2832 1988 3235 2059 der als „Kaiserbart
417 2030 3249 2090 und Kinn, dazu noch die Tönung der Haut und die Farbe wechseln ähnlich sehen, eine überragende Bedeutung gewonnen wie zum Beispiel ein
417 2073 3249 2161 von Haar und Augen, das ist alles. Die Ohren spielen in diesem hat, während die andere in der weiteren Oeffentlichkeit ziemlich Kunst so weit, daß sie
420 2119 2966 2186 Ensemble schon keine entscheidende Rolle mehr. Und trotzdem unbekannt ist. Die eine ist berühmt, die andere aber wäre nur galten.
420 2168 2804 2249 hat jeder sein eigenes Gesicht, trotzdem weiß die Natur aus in ihrem engen Kreis bekannt, käme ihr nicht der Umstand
2927 2147 3259 2242 Das war anfan¬
413 2211 1610 2274 diesen wenigen Motiven eine Unzahl von Variationen zu kom¬
2821 2221 3277 2285 Koketterie, und nieman
410 2260 1614 2324 ponieren. Viele, viele Millionen von Gesichtern gibt es, von
2836 2274 3259 2345 solche Doppelgänger¬
410 2309 1610 2366 verschiedenen, von persönlichen Gesichtern. Aehnlichkeiten be¬
2871 2316 3263 2398 uch eine gewisse prat
417 2359 1607 2419 stehen selbstverständlich. Sie sind mehr oder weniger deutlich
3016 2377 3249 2479 Die Saat
410 2408 1610 2465 ausgeprägt, aber sie gehen meistens doch nicht so weit, daß man
413 2454 1610 2511 in einer Ansammlung von Menschen eine bestimmte Person
2942 2454 3213 2525 Ich weiß nich
406 2500 1607 2557 nicht auf den ersten Blick erkennen würde. Nur sehr selten
2860 2497 3263 2574 in Doppelgängen ha=
403 2553 1607 2613 passiert es, daß man auf jemanden zutritt, ihn herzlich begrüßt
2832 2557 3220 2627 seinem Erdenwallen
406 2599 1603 2659 und sich damit einem sehr erstaunten Blick aussetzt, der auf
2832 2603 3199 2670 nach einem war
406 2641 1603 2701 eine Erklärung und Entschuldigung wartet. Solche Ver¬
2832 2648 3252 2726 lange anhaltenden
403 2691 1607 2754 wechslungen sind, wie gesagt, nicht häufig. Ganz selten jedoch
2821 2701 3259 2765 Viele Dutzende von
406 2740 1603 2804 ist es, daß ein Mensch dem andern gleicht so „wie ein Ei dem
2821 2754 3252 2814 altigen Schicksal des
403 2786 1600 2864 andern", daß diese Aehnlichkeit frappant ist und zu Ver¬
2825 2793 3263 2860 einfach nicht anders k.
406 2832 1473 2910 wechslungen geradezu herausfordert Doppelgängertum!
2821 2846 3259 2910 gleiche Art sprießen zu
2814 2889 3256 2952 brille aufzusetzen. Einig
678 2896 1328 2987 Nikolaus II. und Georg V.
2814 2942 3252 3012 in den Straßen Wiens
508 2949 1600 3030 Vermutlich das berühmteste und auffälligste Doppelgänger¬
2814 2984 3238 3051 erwecken, als schnitten
399 3026 1600 3100 paar aller Zeiten waren Zar Nikolaus II. von Rußland und
1748 3019 2055 3111 Zar Nikolaus II.
2362 3026 2663 3108 König Georg V.
2818 3033 3238 3111 wären sie eben dabei
1395 3069 1536 3153 .
1610 3076 2800 3168 zustatten, daß sie der Doppelgänger einer Berühmtheit ist. Die
1617 3153 2797 3213 Berühmtheit dürfte natürlich von der Tatsache, daß sie noch
1614 3206 2804 3273 in einer zweiten, sozusagen inoffiziellen und apokryphen Aus¬
1610 3256 2797 3316 gabe herumläuft, kaum übermäßig erbaut sein, während der
1614 3302 2804 3358 Doppelgänger über das Gnadengeschenk einer solchen Aehnlich¬
1603 3348 2800 3404 keit natürlich stolz und glücklich ist und seinen Spaß daran hat,
1596 3394 2797 3457 mit einem berühmten oder hochgestellten Mann verwechselt zu
1603 3439 2783 3496 werden. Der Titan Ludwig van Beethoven machte sich nich
1596 3485 2783 3542 viel aus Popularität und persönlichen Ehrungen, während sei¬
1600 3531 2790 3595 Doppelgänger, der Wiener Buchdrucker Ludwig Wilhelm
1603 3588 2793 3641 Wittich, es wahrscheinlich viel beglückender empfand, wenn ihm
1603 3634 2793 3687 die Leute auf der Straße respektvoll nachblickten. Er sonnte sich
1596 3680 2783 3736 im Abglanz eines fremden Ruhmes. Er zog eine Aufmerksamkei
1603 3729 2790 3796 auf sich, die ihm selbst versagt geblieben wäre. Er spielte mit
1596 3778 2444 3853 einiger Absichtlichkeit den großen Beethoven.
1702 3807 2793 3888 Diese Absichtlichkeit aber ist der entscheidende Punkt. Das
1077 3874 1515 3951 Ludwig Wilhelm Witti
480 3874 900 3951 Ludwig van Beethoven
1593 3867 2783 3959 Doppelgängertum läßt sich nämlich ebenso leicht verwischen
2906 3884 3242 3962 Johannes Brahms
385 3916 1586 3997 der vor einigen Wochen verstorbene König Georg V. von
2797 3937 3252 4029 keinen von ihnen störte
385 3990 1586 4054 England. Die beiden Herrscher sahen einander ungemein ähnlich.
2814 4004 3252 4086 im Schubert-Fach hatte.
385 4036 1586 4093 Sie standen ungefähr im gleichen Alter, waren von der gleichen
3160 4064 3249 4142 Be¬
396 4086 1586 4149 Statur, die Abweichungen in der Gesichtsbildung ließen sich
2910 4096 3238 4192 Es ist Sache des
385 4135 1582 4192 nur nach genauer Prüfung feststellen und diese wurde erschwert
2797 4174 3164 4241 Doppelgänger, der
388 4185 1586 4241 durch die Kongruenz des Ausdrucks und der Barttracht. Ganz
