3344 4352
241 225 1094 330 13. Miscellaneous
1289 233 1718 327 box 44/9
780 910 1589 1028 OBSERVER
702 978 1665 1064 I. österr. behördl. konzessioniertes Unternehmen für
988 1051 1366 1109 Zeitungs-Ausschnitte
860 1095 1520 1169 WIEN, I., WOLLEILE 11
421 1124 569 1209 -
988 1159 1376 1235 R
702 1258 998 1334 Ausschnitt aus:
1241 1342 1539 1470 .
707 1482 806 1543 vom
1077 1571 1516 1693 OSP. 1936
521 1669 646 1728 -
814 1805 1533 1932 Randbemerkungen
790 1920 1631 2013 Das Lob Wiens ist vorgestern von dem fran¬
754 1960 1627 2056 zösischen Unterrichtsminister Jean Zay in einer
744 2026 1626 2113 außerordentlich sympathischen Art verkündet und
743 2069 1621 2155 gepriesen worden. Bei festlichen Anlässen werden
740 2121 1619 2204 gewöhnlich Reden gehalten, die bei aller Herz¬
737 2160 1619 2246 lichkeit über den konventionellen Rahmen nicht
743 2205 1617 2298 hinausgehen. Diesmal aber wurde Wien von
737 2264 1612 2350 einem Franzosen so geschildert, wie es wirklich
734 2304 1616 2391 ist und vor den Augen der Zuhörer entstand ein
729 2354 1606 2443 Bild unserer Stadt, das sich von den verzerrten
730 2405 1606 2494 Darstellungen Wiens, wie sie in Wort, Schrift
729 2450 1596 2534 und tönender Photographie zu Dutzenden zirku¬
729 2492 1599 2583 lieren, sehr stark unterscheidet. Der Minister
723 2556 1600 2629 nannte als Repräsentanten österreichischen Geistes
724 2593 1593 2684 Grillparzer, Schnitzler Hoffmannsthal und damit
713 2645 1593 2736 ist schon gesagt, wie er Wien versteht, nämlich
713 2695 1589 2779 richtig. Ja, unsere Wiener Leichtigkeit ist wahr¬
713 2740 1585 2824 haftig nicht Sorglosigkeit, sondern jene leichte
710 2782 1582 2880 Art, den Schmerz zu überwinden, die der fran¬
700 2831 1581 2914 zösische Gast bewundernswert fand. Der Öster¬
700 2892 1579 2976 reicher ist nie leichtsinnig gewesen, nicht einmal
703 2930 1578 3012 der österreichische Städter, geschweige denn der
695 2983 1576 3074 Bauer. Der Österreicher liebt bloß das Gewalt¬
707 3029 1574 3115 same und das Verkrampfte nicht. Er zieht es vor,
703 3077 1571 3168 sich selbst in schweren Stunden eher über sich
695 3126 1568 3210 selbst lustig zu machen, statt alle Welt, nur nicht
692 3175 1562 3271 sich selbst für das verantwortlich zu machen, was
686 3224 1569 3317 ihm widerfährt. Der Wiener liebt es, zu lächeln,
682 3275 1565 3356 auch wenn ihm weh ums Herz ist, und wenn er
686 3313 1561 3407 sich wohl fühlt, dann vermag er seine Heiterkeit
679 3379 1560 3460 zu äußern, ohne andere zu verletzen. Deshalb
674 3418 1557 3507 besteht, wie Jean Zay in seiner ungewöhnlichen
677 3457 1546 3559 Rede hervorheben konnte, eine sehr enge Ver¬
671 3508 1546 3596 wandtschaft zwischen Wien und Paris, zwischen
670 3566 1543 3651 österreichischer und französischer Lebensauffassung.
671 3608 1540 3695 Es ist gut, daß das in einer hochoffiziellen Fest¬
665 3660 1539 3748 rede überzeugend nachgewiesen werden konnte,
658 3696 1546 3804 inmitten all der Unordnung, die auf dieser
665 3752 921 3831 Welt herrscht,
2071 964 2882 1053 NEUE FREIE PRESSE
2170 1047 2761 1099 Meist verbreitete Tageszeitung in Europa.
2064 1075 2879 1138 Maßgebendes politisches u. wirtschaftspolitisches Organ.
2072 1119 2872 1183 Wirkungsvolles Inseratenblatt. Täglich zwei Ausgaben.
2350 1159 2581 1210 Administration:
2179 1193 2764 1256 WIEN, I. FICHTEGASSE 9—11.
2054 1294 2566 1390 „OBSERVER
2287 1377 2871 1443 I. österr. behördlich konzessioniertes
2294 1428 2866 1473 Unternehmen für Zeitungs-Ausschnitte
2291 1463 2865 1515 Wien, I. Wollzeile 11, Telephon R-28-0-48
2056 1565 2395 1651 Ausschnitt aus:
2400 1648 2910 1774 sen
2051 1779 2180 1861 vom
2355 1791 2793 1939 10.83
1999 1958 3025 2048 (Achtzigster Geburtstag des Malers Leo Diet.)
1912 2024 3019 2082 Professor Leo Diet, der jetzt in Graz lebt, ist ein gebürtiger
1915 2069 3025 2127 Prager. Zunächst Offizier, besuchte er die Akademie der bildenden
1908 2106 3024 2162 Künste in Wien und die Malerakademie in Prag, wo er besonders
1901 2160 3024 2211 von Canon gefördert wurde. Kronprinz Rudolf fand an dem hoch¬
1899 2195 3022 2246 begabten Artillerieleutnant großen Gefallen und erwirkte ihm
1899 2238 3021 2302 einen jahrelangen Ausbildungsurlaub in Kairo. Dort verfaßte
1899 2274 3018 2339 Diet die erste Landkarte von Aegypten, Sudan und Kordofan in
1896 2323 3022 2374 arabischer Sprache und arbeitete an einem Sphinxgemälde, das
1895 2370 3018 2420 über Wunsch des Kronprinzen für dessen Arbeitszimmer in der
1902 2409 3024 2461 Hofburg bestimmt war. Der koloristische und unter Makark
1905 2451 3021 2504 stilisierte Farbenhauch wich in späteren Jahren einer schlichten,
1896 2504 3019 2552 ungesuchten Hoheit der Tongebung. Die kulturelle Tradition des
1899 2538 3015 2597 Künstlers umfaßte beinahe das ganze literarische Oesterreich.
1901 2576 3017 2629 Unter seinen Werken finden sich die Köpfe von Friedrich v. Boden¬
1902 2617 3024 2670 stedt, Alfred Klaar, Alfred Gelber, Charles Weinberger, Glücks¬
1899 2662 3017 2718 mann, Hevesi, Ganghofer, Chiavacci, Goldbaum, Ferdinand Groß,
1891 2702 3014 2756 Eisenberg, Grünfeld, Popper-Lynkeus, Peter Altenberg, Otto
1901 2742 3014 2803 Erich Deutsch, Schnitzler, Roda-Roda, Lola Beth, Sahareth;
1894 2789 3015 2852 unter den Potentaten der ehemalige Vizekönig von Aegypten,
1892 2827 3007 2888 Herzog Nikolaus von Württemberg und General Gordon Pascha,
1926 2871 3014 2935 ssen Bild das Britische Museum in London seiner Sammlung
1920 2917 3007 2963 verleibt hat. Als hervorragend gelten auch seine von silber¬
1920 2958 3008 3008 auen Schatten umzogenen venezianischen Landschaften. Als
1920 3000 3011 3053 rofessor in Graz wirkend, malte Leo Diet eine Reihe von Per¬
1918 3045 3011 3090 nlichkeiten der Grazer Gesellschaft im Stil seiner Pariser Zeit.
1918 3087 3007 3130 in voller Frische beschäftigt sich der Jubilar gern mit mathe¬
1916 3130 3018 3203 tatischen Problemen auf Grund der von ihm gefundenen gonio¬
1912 3163 2282 3240 etrischen Funktionen.
