3344 4352
353 230 1072 457 Berühmte
1306 241 1933 457 volgängen.
58 450 2357 569 heimnis der Aehnlichkeit. — Masken, die das Leben form.
1101 540 1206 626 Von
986 619 1292 716 Augustin.
65 691 2940 770 sich des Menschen Antlitz Häupter die beiden Partner sind. Dann ist es meistens so, daß viel mehr zu tun, als den weltbekannten Bart des Kaisers,
58 759 2951 821 Nase und Stirn, Wangen die eine von den zwei Persönlichkeiten, die einander zum Ver= der als „Kaiserbart“ bezeichnet wurde, zu kopieren. Manche,
54 813 1731 864 der Haut und die Farbe wechseln ähnlich sehen, eine überragende Bedeutung gewonnen
1756 813 2947 864 wie zum Beispiel ein Hotelier in Ischl, brachten es in dieser
47 849 1735 910 de Ohren spielen in diesem hat, während die andere in der weiteren Oeffentlichkeit ziemlich
1756 860 2944 939 Kunst so weit, daß sie tatsächlich als Doppelgänger des Kaisers
50 900 1886 975 olle mehr. Und trotzdem unbekannt ist. Die eine ist berühmt, die andere aber wäre nur galten.
54 954 1735 1022 dem weiß die Natur aus in ihrem engen Kreis bekannt, käme ihr nicht der Umstand
1857 928 2951 1008 Das war anfangs nur eine harmlose und verzeihliche
50 993 536 1072 von Variationen zu kom¬
1753 990 2940 1054 Koketterie, und niemand hätte damals daran gedacht, daß eine
68 1054 536 1101 Gesichtern gibt es, von
1767 1051 2944 1116 solche Doppelgänger=Aehnlichkeit später, im Zeitalter des Films,
58 1090 533 1162 tern. Aehnlichkeiten be¬
1753 1098 2814 1180 auch eine gewisse praktische Bedeutung erlangen könnte.
58 1137 533 1209 hr oder weniger deutlich
1940 1155 2757 1249 Die Saat des „Dreimäderlhauses".
61 1198 533 1263 ch nicht so weit, daß man
1864 1216 2944 1292 Ich weiß nicht, ob Franz Schubert zu seinen Lebzeiten
83 1245 536 1303 eine bestimmte Person
1807 1267 2937 1339 nen Doppelgänger hatte. Aber ungefähr ein Jahrhundert nach
50 1281 533 1350 würde. Nur sehr selten
1796 1332 2944 1389 in Erdenwallen schossen die Doppelgänger wie die Pilze
50 1332 536 1407 ritt, ihn herzlich begrüßt
1792 1378 2944 1432 ach einem warmen dem hervor. Das war zur Zeit des
54 1386 529 1450 Blick aussetzt, der auf
1785 1425 2944 1479 ange anhaltenden Erfolges der Operette „Das Dreimäderlhaus".
94 1425 529 1493 wartet. Solche Ver¬
1771 1472 2937 1526 Viele Dutzende von Dutzendjünglingen waren von dem drei¬
47 1468 533 1544 Aufig. Ganz selten jedoch
1760 1522 2937 1580 aktigen Schicksal des Liederfürsten derart begeistert, daß sie
140 1522 533 1598 so „wie ein Ei dem
1753 1569 2940 1627 einfach nicht anders konnten, als sich den Bartflam auf die
50 1569 522 1634 pant ist und zu Ver
1753 1619 2937 1677 gleiche Art sprießen zu lassen wie er und sich seine Schulmeister¬
43 1619 403 1699 Doppelgängertum!
1749 1666 2944 1717 brille aufzusetzen. Einige Jahre lang sah man sie wie im Traum
50 1681 252 1771 eorg V.
1749 1709 2940 1763 in den Straßen Wiens umherwandeln. Alle wollten den Eindruck
1745 1767 2940 1814 erwecken, als schnitten sie es gern in alle Rinden ein und als
47 1727 533 1821 Auffälligste Doppelgänger¬
1299 1803 1591 1882 König Georg V.
680 1799 982 1889 Zar Nikolaus II.
1742 1803 2937 1871 wären sie eben dabei, die „Unvollendete zu vollenden. Und
47 1810 529 1875 II. von Rußland und
1753 1857 1925 1951 .
543 1857 1731 1943 zustatten, daß sie der Doppelgänger einer Berühmtheit ist. Die
540 1933 1727 1987 Berühmtheit dürfte natürlich von der Tatsache, daß sie noch
540 1979 1731 2033 in einer zweiten, sozusagen inoffiziellen und apokryphen Aus¬
543 2030 1731 2098 gabe herumläuft, kaum übermäßig erbaut sein, während der
540 2076 1724 2134 Doppelgänger über das Gnadengeschenk einer solchen Aehnlich¬
536 2130 1731 2181 keit natürlich stolz und glücklich ist und seinen Spaß daran hat,
536 2170 1731 2228 mit einem berühmten oder hochgestellten Mann verwechselt zu
536 2220 1727 2278 werden. Der Titan Ludwig van Beethoven machte sich nicht
540 2264 1731 2328 viel aus Popularität und persönlichen Ehrungen, während sein
540 2310 1731 2368 Doppelgänger, der Wiener Buchdrucker Ludwig Wilhelm
536 2364 1727 2415 Wittich, es wahrscheinlich viel beglückender empfand, wenn ihm
536 2411 1731 2462 die Leute auf der Straße respektvoll nachblickten. Er sonnte sich
540 2458 1724 2516 im Abglanz eines fremden Ruhmes. Er zog eine Aufmerksamkeit
536 2508 1738 2570 auf sich, die ihm selbst versagt geblieben wäre. Er spielte mit
533 2555 1386 2623 einiger Absichtlichkeit den großen Beethoven.
641 2584 1735 2663 Diese Absichtlichkeit aber ist der entscheidende Punkt. Das
47 2656 446 2728 dwig Wilhelm Witti
536 2645 1727 2721 Doppelgängertum läßt sich nämlich ebenso leicht verwischen,
1850 2656 2184 2739 Johannes Brahms
2483 2656 2753 2742 Ernst Wahlin
79 2703 518 2785 König Georg V. von
1735 2728 2937 2800 keinen von ihnen störte es merkbar, daß er so viele Konkurrenten
50 2775 518 2839 ander ungemein ähnlich,
1742 2785 2192 2868 im Schubert-Fach hatte.
58 2825 525 2893 waren von der gleichen
2105 2836 2562 2929 Bekannte Doubles.
47 2872 529 2933 gesichtsbildung ließen sich
1850 2886 2926 2965 Es ist Sache des Schauspielers, Maske zu machen. Der
50 2929 525 2991 and diese wurde erschwert
1753 2955 2926 3012 Doppelgänger, der sich nicht auf die Bühne stellt, trifft die
47 2965 518 3030 und der Barttracht. Ganz
1745 3001 2929 3063 gleiche Kunst. Er freut sich darüber, das Double einer Zelebrität
47 3009 518 3084 sehnlichkeit zur Geltung,
1749 3055 2922 3117 zu sein und zieht daraus einen Teil seines Privatvergnügens.
40 3055 522 3127 Im erschienen. Dann trug
1742 3109 2926 3156 So gab es in Wien zwei Ausgaben von Johannes Brahms.
47 3117 522 3174 tenbesetzten Kreuze und
1731 3145 2926 3203 Die eine war der wirkliche Brahms und die andere war der
50 3160 522 3224 hnlichkeit womöglich noch
1745 3196 2929 3253 stadtbekannte Porzellanhändler Ernst Wahlis. Er hatte immer
58 3210 515 3257 den König von England
1735 3242 2926 3307 einen guten Tag, wenn er für den berühmten Komponisten
54 3257 518 3318 sechseln, nur eine äußerst
1738 3289 2044 3368 gehalten wurde.
50 3307 518 3361 man bei einem flüchtigen
1835 3307 2919 3397 Auch bei festlichen Theaterpremieren war das literarisch
68 3350 522 3408 sofort mit Bestimmtheit
1731 3390 2926 3444 versierte Publikum, wenn es in den ersten Parkettreihen
47 3401 518 3466 in König oder den Zaren
1735 3430 2922 3494 einen Herrn mit Stirnlocke und Spitzbart sah, nie ganz
72 3444 518 3509 dem begleitenden Text
1735 3480 2919 3534 sicher, wenn es eigentlich vor sich hatte. Es konnte der gefeierte
50 3476 518 3559 tisch nie eine Gelegenheit
1292 3516 1565 3606 Dr. Leo Feld
669 3516 964 3602 Artur Schnitzler
1731 3534 2915 3599 Dichter Artur Schnitzler sein, es konnte aber auch sein Doppel¬
47 3541 518 3595 iten von derart welt¬
1735 3574 2577 3656 gänger sein, der Schriftsteller Dr. Leo Feld.
47 3592 511 3638 aus dem für sie charakte¬
529 3588 1706 3667 wie es sich betonen und unterstreichen läßt. Man braucht blos
1832 3613 2911 3682 In Wien kann man gegenwärtig ein Doppelgängerpaa¬
50 3638 507 3696 falsch zu apostrophieren
529 3664 2919 3728 das Haar anders zu fristeren und die Barttracht zu verändern, bewundern, das nicht anders als gemeinsam zu sehen ist. Sie
50 3685 507 3739 sehr distanziert. Dennoch
529 3714 2911 3768 um die Aehnlichkeit bereits um ein bedeutendes herabzumildern, sind Inseparables, tragen den gleichen Hut, den gleichen Anzug
47 3728 504 3811 retische Möglichkeit aus
540 3757 2911 3825 Wenn sich also der Doppelgänger in seiner Rolle nicht wohl= und die gleiche Krawatte. Ihnen ist es gelungen, das Doppel¬
40 3768 515 3840 urrilen Zufall einmal
536 3804 2915 3865 fühlt und sie ihm nicht gefällt, liegt es durchaus in seiner Hand, gängertum zur höchsten Stufe der Vollendung zu entwickeln.
47 3818 504 3890 en verwechselt worden
529 3858 2911 3919 Verwechslungen seiner eigenen Person zu entgehen. Anderseits Die beiden Herren sind die Bühnenautoren Arnold und Emil
79 3869 507 3948 Situationen und Ver¬
529 3905 2919 3962 aber kann er nach der eben erwähnten Methode eine bestehende Golz. Sie sind auch für Kenner nicht voneinander zu unter¬
522 3941 1260 4005 Aehnlichkeit verstärken und ausbauen.
1296 3951 1706 4013 In der Zeit Fran¬
1731 3951 2915 4009 scheiden. Aber sie sind zu dieser restlosen Aehnlichkeit legitimiert.
47 3973 241 4059 gänger.
533 4002 2911 4056 Josephs gab es genug soignierte alte Herren, die es sich an Sie sind Zwillinge. Angeblich sollen es nicht einmal sie selber
40 4016 2915 4117 längertum aus, wenn es gelegen sein ließen, dem Kaiser möglichst ähnlich zu sehen. Wenn wissen, welcher von ihnen gerade der Arnold und welcher
43 4092 2001 4175 ndelt, daß zwei gekrönte eine gewisse Aehnlichkeit gegeben war, so brauchten sie nicht der Emil ist.
