<?xml version="1.0" encoding="UTF-8" standalone="yes"?>
<PcGts xmlns="http://schema.primaresearch.org/PAGE/gts/pagecontent/2013-07-15" xmlns:xsi="http://www.w3.org/2001/XMLSchema-instance" xsi:schemaLocation="http://schema.primaresearch.org/PAGE/gts/pagecontent/2013-07-15 http://schema.primaresearch.org/PAGE/gts/pagecontent/2013-07-15/pagecontent.xsd">
    <Metadata>
        <Creator>prov=READ-COOP:name=PyLaia@TranskribusPlatform:version=2.12.1:model_id=39995:lm=provided:date=29_03_2024_00:30</Creator>
        <Created>2019-10-07T20:38:21.695+02:00</Created>
        <LastChange>2024-03-29T00:30:44.553+01:00</LastChange>
        <TranskribusMetadata docId="224464" pageId="9579117" pageNr="7" tsid="156427166" status="IN_PROGRESS" userId="40391" imgUrl="https://files.transkribus.eu/Get?id=RVNAYYSKLZOKXPEYCWVARWTZ&amp;fileType=view" xmlUrl="https://files.transkribus.eu/Get?id=UJKMULPOENGHJDMWVPRARXOM" imageId="6208290"/>
    </Metadata>
    <Page imageFilename="224464_0007.jpeg" imageWidth="3436" imageHeight="4352">
        <ReadingOrder>
            <OrderedGroup id="ro_1712662301699" caption="Regions reading order">
                <RegionRefIndexed index="0" regionRef="tr_1"/>
                <RegionRefIndexed index="1" regionRef="tr_2"/>
                <RegionRefIndexed index="2" regionRef="tr_3"/>
                <RegionRefIndexed index="3" regionRef="tr_4"/>
            </OrderedGroup>
        </ReadingOrder>
        <TextRegion orientation="0.0" id="tr_1" custom="readingOrder {index:0;}">
            <Coords points="250,274 250,3211 1453,3211 1453,274"/>
            <TextLine id="tr_1_tl_1" custom="readingOrder {index:0;}">
                <Coords points="242,304 404,296 575,345 1101,339 1085,267 242,257"/>
                <Baseline points="250,298 292,301 335,304 378,307 420,300 463,303 506,302 548,303 591,306 634,307 677,305 719,305 762,307 805,308 847,310 890,310 933,310 975,310 1018,310 1061,314 1104,322"/>
                <TextEquiv>
                    <Unicode>13. Miscellaneous</Unicode>
                </TextEquiv>
            </TextLine>
            <TextLine id="tr_1_tl_2" custom="readingOrder {index:1;}">
                <Coords points="477,1228 1269,1218 1305,1209 1308,1145 479,1175"/>
                <Baseline points="486,1226 527,1224 568,1222 609,1220 650,1219 692,1216 733,1214 774,1211 815,1211 856,1211 898,1209 939,1208 980,1208 1021,1206 1062,1205 1104,1204 1145,1202 1186,1201 1227,1199 1268,1196 1310,1196"/>
                <TextEquiv>
                    <Unicode>CASINOS IN OSTERREICH</Unicode>
                </TextEquiv>
            </TextLine>
            <TextLine id="tr_1_tl_3" custom="readingOrder {index:2;}">
                <Coords points="571,1285 1187,1270 1209,1267 1210,1222 572,1238"/>
                <Baseline points="579,1277 610,1274 642,1273 674,1271 706,1271 737,1270 769,1268 801,1268 833,1267 864,1265 896,1265 928,1263 960,1261 991,1259 1023,1259 1055,1258 1087,1256 1118,1256 1150,1254 1182,1254 1214,1256"/>
                <TextEquiv>
                    <Unicode>Baden / Salzburg / Semmering</Unicode>
                </TextEquiv>
            </TextLine>
            <TextLine id="tr_1_tl_4" custom="readingOrder {index:3;}">
                <Coords points="990,1321 1089,1308 1174,1317 1242,1296 1286,1310 1307,1304 1308,1257 1279,1264 1254,1250 1167,1285 1130,1261 1082,1278 991,1270"/>
                <Baseline points="999,1304 1024,1304 1050,1303 1076,1302 1102,1301 1128,1301 1154,1299 1180,1298 1206,1298 1232,1297 1258,1295 1284,1294 1310,1292"/>
                <TextEquiv>
                    <Unicode>Chemin de fer</Unicode>
                </TextEquiv>
            </TextLine>
            <TextLine id="tr_1_tl_5" custom="readingOrder {index:4;}">
                <Coords points="474,1329 518,1342 680,1318 702,1334 898,1326 927,1323 929,1291 894,1275 797,1288 762,1276 664,1298 476,1285"/>
                <Baseline points="483,1325 509,1323 535,1322 562,1322 588,1321 614,1319 641,1319 667,1319 693,1317 720,1315 746,1313 772,1313 799,1313 825,1311 851,1310 878,1310 904,1310 931,1310"/>
                <TextEquiv>
                    <Unicode>Roulette — Baccara</Unicode>
                </TextEquiv>
            </TextLine>
            <TextLine id="tr_1_tl_6" custom="readingOrder {index:5;}">
                <Coords points="486,1397 1313,1371 1314,1332 1273,1327 488,1358"/>
                <Baseline points="495,1387 536,1388 577,1387 618,1387 659,1386 700,1384 741,1382 782,1382 823,1379 864,1379 905,1377 946,1374 987,1373 1028,1373 1069,1372 1110,1370 1151,1369 1192,1367 1233,1367 1274,1364 1316,1364"/>
                <TextEquiv>
                    <Unicode>Österreichische Casino A. G.</Unicode>
                </TextEquiv>
            </TextLine>
            <TextLine id="tr_1_tl_7" custom="readingOrder {index:6;}">
                <Coords points="482,1441 1308,1419 1310,1377 483,1407"/>
                <Baseline points="492,1435 533,1435 574,1434 615,1432 656,1431 697,1429 738,1429 779,1426 820,1426 861,1426 902,1424 943,1421 984,1418 1025,1417 1066,1417 1107,1417 1148,1416 1189,1413 1230,1411 1271,1408 1313,1408"/>
                <TextEquiv>
                    <Unicode>Wien III, Schwarzenbergplatz 5a</Unicode>
                </TextEquiv>
            </TextLine>
            <TextLine id="tr_1_tl_8" custom="readingOrder {index:7;}">
                <Coords points="480,1574 622,1605 692,1574 940,1570 942,1499 783,1510 679,1492 483,1526"/>
                <Baseline points="489,1570 514,1572 539,1570 565,1570 590,1570 615,1568 641,1566 666,1565 692,1563 717,1561 742,1560 768,1558 793,1558 819,1557 844,1556 869,1554 895,1552 920,1549 946,1546"/>
                <TextEquiv>
                    <Unicode>„OBSERVER</Unicode>
                </TextEquiv>
            </TextLine>
            <TextLine id="tr_1_tl_9" custom="readingOrder {index:8;}">
                <Coords points="721,1619 1324,1602 1326,1558 1248,1548 1168,1572 936,1559 875,1584 723,1586"/>
                <Baseline points="731,1608 760,1605 790,1605 820,1603 850,1602 880,1602 910,1600 939,1598 969,1596 999,1596 1029,1595 1059,1593 1089,1593 1119,1592 1148,1590 1178,1590 1208,1590 1238,1590 1268,1588 1298,1587 1328,1587"/>
                <TextEquiv>
                    <Unicode>1. österr. behördlich konzessioniertes</Unicode>
                </TextEquiv>
            </TextLine>
            <TextLine id="tr_1_tl_10" custom="readingOrder {index:9;}">
                <Coords points="726,1659 1304,1641 1326,1602 727,1619"/>
                <Baseline points="734,1644 763,1644 793,1644 823,1642 852,1641 882,1641 912,1639 941,1638 971,1638 1001,1638 1031,1637 1060,1635 1090,1635 1120,1634 1149,1632 1179,1630 1209,1628 1238,1626 1268,1626 1298,1626 1328,1626"/>
                <TextEquiv>
                    <Unicode>Unternehmen für Zeitungs-Ausschnitte</Unicode>
                </TextEquiv>
            </TextLine>
            <TextLine id="tr_1_tl_11" custom="readingOrder {index:10;}">
                <Coords points="731,1694 1329,1676 1330,1635 731,1657"/>
                <Baseline points="740,1683 769,1686 799,1686 828,1684 858,1683 887,1683 917,1683 946,1682 976,1680 1005,1678 1035,1677 1065,1677 1094,1675 1124,1674 1153,1674 1183,1672 1212,1671 1242,1671 1271,1669 1301,1668 1331,1668"/>
                <TextEquiv>
                    <Unicode>Wien 1, Wollzeile 11, Telephon R-23-0-43</Unicode>
                </TextEquiv>
            </TextLine>
            <TextLine id="tr_1_tl_12" custom="readingOrder {index:11;}">
                <Coords points="489,1867 523,1889 585,1894 610,1876 677,1867 775,1883 807,1864 828,1872 829,1806 734,1840 653,1819 606,1841 584,1828 556,1838 492,1813"/>
                <Baseline points="498,1865 523,1868 549,1866 575,1865 600,1865 626,1865 652,1865 677,1863 703,1862 729,1862 754,1861 780,1860 806,1858 832,1856"/>
                <TextEquiv>
                    <Unicode>Ausschnitt aus:</Unicode>
                </TextEquiv>
            </TextLine>
            <TextLine id="tr_1_tl_13" custom="readingOrder {index:12;}">
                <Coords points="514,1946 1164,1940 1167,1878 1145,1873 996,1891 851,1864 797,1905 723,1882 517,1889"/>
                <Baseline points="522,1943 554,1940 586,1940 618,1940 651,1937 683,1933 715,1931 747,1929 780,1928 812,1928 844,1926 876,1925 909,1925 941,1925 973,1923 1005,1921 1038,1919 1070,1916 1102,1914 1134,1913 1167,1913"/>
                <TextEquiv>
                    <Unicode>Berichte zur Kultur</Unicode>
                </TextEquiv>
            </TextLine>
            <TextLine id="tr_1_tl_14" custom="readingOrder {index:13;}">
                <Coords points="526,2019 832,1984 911,2009 994,1978 1073,1993 1076,1930 802,1927 692,1959 529,1946"/>
                <Baseline points="534,1996 561,1993 588,1990 615,1988 642,1986 669,1984 696,1984 724,1984 751,1982 778,1981 805,1981 832,1981 859,1981 886,1979 914,1977 941,1976 968,1974 995,1973 1022,1973 1049,1972 1077,1970"/>
                <TextEquiv>
                    <Unicode>Zeitgeschichte</Unicode>
                </TextEquiv>
            </TextLine>
            <TextLine id="tr_1_tl_15" custom="readingOrder {index:14;}">
                <Coords points="511,2124 600,2089 650,2116 806,2095 837,2111 867,2089 955,2111 1002,2098 988,2016 958,2040 864,2035 821,2056 616,2022 585,2048 511,2057"/>
                <Baseline points="519,2080 544,2080 570,2080 595,2082 621,2084 646,2086 672,2089 698,2092 723,2094 749,2095 774,2093 800,2092 825,2092 851,2091 877,2089 902,2087 928,2086 953,2084 979,2083 1005,2083"/>
                <TextEquiv>
                    <Unicode>vom 10.1.1996</Unicode>
                </TextEquiv>
            </TextLine>
            <TextLine id="tr_1_tl_16" custom="readingOrder {index:15;}">
                <Coords points="299,2286 333,2300 482,2279 517,2301 553,2281 626,2289 626,2244 599,2253 447,2240 400,2254 346,2232 299,2243"/>
                <Baseline points="307,2271 333,2273 360,2275 387,2276 414,2276 441,2274 468,2274 494,2274 521,2274 548,2274 575,2274 602,2276 629,2274"/>
                <TextEquiv>
                    <Unicode>lien, wie es war</Unicode>
                </TextEquiv>
            </TextLine>
            <TextLine id="tr_1_tl_17" custom="readingOrder {index:16;}">
                <Coords points="288,2352 1441,2358 1441,2307 1237,2289 949,2323 288,2281"/>
                <Baseline points="295,2337 352,2338 409,2340 467,2340 524,2337 582,2341 639,2343 697,2343 754,2344 812,2346 869,2346 926,2346 984,2346 1041,2346 1099,2346 1156,2346 1214,2344 1271,2345 1329,2346 1386,2343 1444,2346"/>
                <TextEquiv>
                    <Unicode>OF MANNSTHAL, Hugo von: Briefe 1890—1901.</Unicode>
                </TextEquiv>
            </TextLine>
            <TextLine id="tr_1_tl_18" custom="readingOrder {index:17;}">
                <Coords points="328,2394 1451,2410 1432,2356 328,2349"/>
                <Baseline points="337,2384 392,2387 448,2387 504,2387 560,2387 616,2388 671,2390 727,2390 783,2390 839,2391 895,2393 950,2393 1006,2393 1062,2396 1118,2395 1174,2393 1229,2396 1285,2396 1341,2396 1397,2396 1453,2399"/>
                <TextEquiv>
                    <Unicode>Berlin: S. Fischer, 1935. 352 S., br. RM 5,50, kart.</Unicode>
                </TextEquiv>
            </TextLine>
            <TextLine id="tr_1_tl_19" custom="readingOrder {index:18;}">
                <Coords points="323,2447 569,2448 585,2463 638,2440 689,2463 850,2447 850,2422 775,2402 323,2399"/>
                <Baseline points="331,2435 357,2435 383,2435 409,2435 435,2436 461,2438 487,2438 513,2438 539,2438 565,2438 592,2438 618,2438 644,2438 670,2438 696,2438 722,2438 748,2439 774,2441 800,2440 826,2438 853,2441"/>
                <TextEquiv>
                    <Unicode>RM 5.50, L. RM 8.—.</Unicode>
                </TextEquiv>
            </TextLine>
            <TextLine id="tr_1_tl_20" custom="readingOrder {index:19;}">
                <Coords points="323,2511 1445,2511 1445,2470 1241,2451 323,2447"/>
                <Baseline points="331,2492 386,2493 442,2495 498,2495 554,2495 610,2496 665,2498 721,2498 777,2498 833,2498 889,2498 944,2500 1000,2501 1056,2501 1112,2501 1168,2501 1223,2501 1279,2502 1335,2504 1391,2504 1447,2501"/>
                <TextEquiv>
                    <Unicode>Nicht nur ein wertvoller Beitrag zur Psychologie des</Unicode>
                </TextEquiv>
            </TextLine>
            <TextLine id="tr_1_tl_21" custom="readingOrder {index:20;}">
                <Coords points="269,2568 1431,2565 1359,2513 267,2502"/>
                <Baseline points="277,2549 334,2549 392,2549 450,2549 508,2549 566,2549 624,2551 682,2552 740,2552 798,2552 856,2552 913,2553 971,2555 1029,2555 1087,2555 1145,2555 1203,2555 1261,2555 1319,2557 1377,2557 1435,2555"/>
                <TextEquiv>
                    <Unicode>jungen Hofmannsthal, der als siebzehnjähriger Gym</Unicode>
                </TextEquiv>
            </TextLine>
            <TextLine id="tr_1_tl_22" custom="readingOrder {index:21;}">
                <Coords points="274,2610 1448,2619 1380,2568 274,2567"/>
                <Baseline points="283,2599 341,2602 399,2602 458,2602 516,2602 574,2604 633,2605 691,2605 749,2605 808,2605 866,2605 924,2605 983,2607 1041,2608 1099,2608 1158,2608 1216,2608 1274,2608 1333,2608 1391,2608 1450,2611"/>
                <TextEquiv>
                    <Unicode>asiast ein wenig snobistisch in allen romanischen</Unicode>
                </TextEquiv>
            </TextLine>
            <TextLine id="tr_1_tl_23" custom="readingOrder {index:22;}">
                <Coords points="280,2670 1434,2685 1422,2619 279,2618"/>
                <Baseline points="289,2653 346,2653 403,2653 461,2656 518,2656 576,2658 633,2658 691,2659 748,2659 806,2659 863,2661 920,2659 978,2660 1035,2662 1093,2662 1150,2662 1208,2662 1265,2662 1323,2662 1380,2662 1438,2659"/>
                <TextEquiv>
                    <Unicode>Literaturen zu Hause ist und seinen älteren literari¬</Unicode>
                </TextEquiv>
            </TextLine>
            <TextLine id="tr_1_tl_24" custom="readingOrder {index:23;}">
                <Coords points="274,2716 825,2751 898,2716 974,2748 1437,2724 1419,2681 1257,2670 274,2669"/>
                <Baseline points="283,2707 340,2710 398,2710 456,2710 514,2710 572,2710 630,2712 688,2713 746,2713 804,2713 862,2716 919,2716 977,2716 1035,2716 1093,2716 1151,2716 1209,2716 1267,2716 1325,2716 1383,2716 1441,2716"/>
                <TextEquiv>
                    <Unicode>schen Freunden Bahr und Schnitzler Auskünfte in</Unicode>
                </TextEquiv>
            </TextLine>
            <TextLine id="tr_1_tl_25" custom="readingOrder {index:24;}">
                <Coords points="280,2775 1447,2780 1428,2729 280,2723"/>
                <Baseline points="289,2758 347,2764 405,2764 463,2764 521,2764 579,2764 637,2766 695,2767 753,2767 811,2767 869,2767 927,2767 985,2768 1043,2769 1101,2769 1159,2769 1217,2769 1275,2769 1333,2769 1391,2769 1450,2772"/>
                <TextEquiv>
                    <Unicode>Modeangelegenheiten zu erteilen weiß, sondern auch</Unicode>
                </TextEquiv>
            </TextLine>
            <TextLine id="tr_1_tl_26" custom="readingOrder {index:25;}">
                <Coords points="277,2828 1429,2841 1447,2780 276,2777"/>
                <Baseline points="286,2817 344,2817 402,2817 460,2817 518,2817 577,2817 635,2819 693,2820 751,2820 809,2820 868,2820 926,2820 984,2820 1042,2820 1100,2822 1159,2820 1217,2822 1275,2823 1333,2823 1391,2823 1450,2826"/>
                <TextEquiv>
                    <Unicode>in interessantes Kulturbild aus dem Wien fin de</Unicode>
                </TextEquiv>
            </TextLine>
            <TextLine id="tr_1_tl_27" custom="readingOrder {index:26;}">
                <Coords points="280,2876 1444,2889 1424,2847 1282,2834 280,2829"/>
                <Baseline points="289,2865 346,2869 404,2871 462,2871 520,2871 578,2872 636,2874 694,2871 752,2874 810,2874 868,2874 925,2874 983,2874 1041,2874 1099,2877 1157,2876 1215,2876 1273,2877 1331,2877 1389,2877 1447,2874"/>
                <TextEquiv>
                    <Unicode>siècle, zwischen Literaturkaffeehaus und Einjährigen¬</Unicode>
                </TextEquiv>
            </TextLine>
            <TextLine id="tr_1_tl_28" custom="readingOrder {index:27;}">
                <Coords points="286,2949 1442,2954 1441,2902 1390,2888 285,2878"/>
                <Baseline points="292,2925 349,2923 407,2925 464,2925 522,2925 580,2925 637,2927 695,2928 752,2928 810,2928 868,2928 925,2928 983,2928 1040,2928 1098,2928 1156,2930 1213,2930 1271,2931 1328,2931 1386,2931 1444,2931"/>
                <TextEquiv>
                    <Unicode>lienst bei der Kavallerie. Kulturbild aus dem Leben</Unicode>
                </TextEquiv>
            </TextLine>
            <TextLine id="tr_1_tl_29" custom="readingOrder {index:28;}">
                <Coords points="280,2989 1441,2996 1441,2955 1380,2942 1302,2973 280,2955"/>
                <Baseline points="289,2975 346,2978 404,2978 462,2978 520,2978 577,2979 635,2981 693,2978 751,2981 808,2981 866,2981 924,2983 982,2981 1039,2981 1097,2981 1155,2981 1213,2983 1270,2984 1328,2984 1386,2984 1444,2984"/>
                <TextEquiv>
                    <Unicode>einer nicht eben ehrwürdigen Bourgeoisie, deren</Unicode>
                </TextEquiv>
            </TextLine>
            <TextLine id="tr_1_tl_30" custom="readingOrder {index:29;}">
                <Coords points="288,3040 1447,3059 1425,2996 288,2986"/>
                <Baseline points="295,3026 352,3031 410,3031 468,3032 526,3032 583,3033 641,3035 699,3035 757,3035 814,3035 872,3035 930,3035 988,3035 1045,3035 1103,3035 1161,3036 1219,3038 1276,3038 1334,3038 1392,3038 1450,3035"/>
                <TextEquiv>
                    <Unicode>üngere Söhne das von Merkur ererbte Vermögen teils</Unicode>
                </TextEquiv>
            </TextLine>
            <TextLine id="tr_1_tl_31" custom="readingOrder {index:30;}">
                <Coords points="285,3098 1441,3104 1441,3060 1386,3046 521,3072 285,3040"/>
                <Baseline points="292,3083 349,3085 407,3085 464,3086 522,3089 580,3086 637,3086 695,3089 752,3089 810,3089 868,3089 925,3089 983,3089 1040,3089 1098,3089 1156,3089 1213,3091 1271,3092 1328,3092 1386,3092 1444,3089"/>
                <TextEquiv>
                    <Unicode>ür Venus, teils für Minerva ausgeben. Doch über</Unicode>
                </TextEquiv>
            </TextLine>
            <TextLine id="tr_1_tl_32" custom="readingOrder {index:31;}">
                <Coords points="285,3136 1451,3152 1425,3111 1244,3095 285,3113"/>
                <Baseline points="292,3131 350,3138 408,3140 466,3140 524,3140 582,3140 640,3142 698,3143 756,3143 814,3143 872,3143 930,3143 988,3143 1046,3146 1104,3146 1162,3146 1220,3146 1278,3146 1336,3146 1394,3146 1453,3149"/>
                <TextEquiv>
                    <Unicode>velchen Fonds an Bildung verfügte diese Zeit! Man</Unicode>
                </TextEquiv>
            </TextLine>
            <TextLine id="tr_1_tl_33" custom="readingOrder {index:32;}">
                <Coords points="280,3203 856,3208 856,3171 780,3151 705,3168 543,3148 504,3168 334,3162 307,3143 280,3159"/>
                <Baseline points="289,3187 317,3187 346,3188 374,3190 403,3190 431,3190 460,3190 488,3191 517,3193 545,3193 574,3194 602,3196 631,3196 659,3196 688,3196 716,3196 745,3196 773,3196 802,3196 830,3196 859,3199"/>
                <TextEquiv>
                    <Unicode>darf seinen Neid gestehen.</Unicode>
                </TextEquiv>
            </TextLine>
            <TextEquiv>
                <Unicode></Unicode>
            </TextEquiv>
        </TextRegion>
        <TextRegion orientation="0.0" id="tr_2" custom="readingOrder {index:1;}">
            <Coords points="1304,213 1304,369 1725,369 1725,213"/>
            <TextLine id="tr_2_tl_1" custom="readingOrder {index:0;}">
                <Coords points="1298,324 1456,343 1521,330 1549,347 1590,331 1723,333 1721,274 1682,256 1552,269 1521,257 1469,289 1440,266 1396,273 1296,251"/>
                <Baseline points="1304,313 1330,313 1356,313 1382,313 1409,313 1435,313 1461,315 1488,316 1514,316 1540,317 1567,319 1593,318 1619,316 1646,316 1672,316 1698,316 1725,316"/>
                <TextEquiv>
                    <Unicode>box 44/9</Unicode>
                </TextEquiv>
            </TextLine>
            <TextEquiv>
                <Unicode></Unicode>
            </TextEquiv>
        </TextRegion>
        <TextRegion orientation="0.0" id="tr_3" custom="readingOrder {index:2;}">
            <Coords points="2128,568 2128,4227 2841,4227 2841,568"/>
            <TextLine id="tr_3_tl_1" custom="readingOrder {index:0;}">
                <Coords points="2403,603 2482,604 2529,623 2584,622 2618,604 2647,622 2681,603 2774,602 2764,533 2654,542 2637,527 2592,526 2520,550 2403,536"/>
                <Baseline points="2411,588 2437,588 2463,588 2489,588 2515,589 2542,591 2568,590 2594,588 2620,590 2646,590 2673,588 2699,589 2725,591 2751,591 2778,593"/>
                <TextEquiv>
                    <Unicode>30 APR. 1938</Unicode>
                </TextEquiv>
            </TextLine>
            <TextLine id="tr_3_tl_2" custom="readingOrder {index:1;}">
                <Coords points="2148,856 2678,845 2810,872 2809,729 2686,759 2577,731 2443,793 2351,787 2241,721 2146,759"/>
                <Baseline points="2155,841 2189,841 2224,841 2259,841 2293,841 2328,841 2363,841 2397,841 2432,842 2467,844 2501,844 2536,842 2571,842 2605,844 2640,844 2675,844 2709,844 2744,844 2779,844 2814,844"/>
                <TextEquiv>
                    <Unicode>Atmosfera</Unicode>
                </TextEquiv>
            </TextLine>
            <TextLine id="tr_3_tl_3" custom="readingOrder {index:2;}">
                <Coords points="2170,965 2813,955 2813,910 2754,892 2511,931 2365,880 2295,915 2170,891"/>
                <Baseline points="2178,961 2211,957 2245,955 2278,955 2312,953 2346,952 2379,951 2413,949 2447,947 2480,949 2514,952 2547,952 2581,952 2615,952 2648,952 2682,952 2716,952 2749,951 2783,948 2817,943"/>
                <TextEquiv>
                    <Unicode>Quattro vori da segnare, per ricor-</Unicode>
                </TextEquiv>
            </TextLine>
            <TextLine id="tr_3_tl_4" custom="readingOrder {index:3;}">
                <Coords points="2135,1000 2816,994 2816,950 2670,972 2470,953 2183,971 2135,950"/>
                <Baseline points="2143,993 2176,990 2210,991 2244,993 2278,990 2312,990 2346,990 2379,990 2413,990 2447,989 2481,989 2515,990 2549,990 2583,989 2616,988 2650,988 2684,988 2718,988 2752,988 2786,987 2820,982"/>
                <TextEquiv>
                    <Unicode>dare: Mascherata, Episodio-Maur</Unicode>
                </TextEquiv>
            </TextLine>
            <TextLine id="tr_3_tl_5" custom="readingOrder {index:4;}">
                <Coords points="2126,1045 2810,1032 2810,993 2126,1013"/>
                <Baseline points="2134,1029 2168,1029 2202,1029 2236,1029 2270,1029 2304,1029 2338,1029 2372,1029 2406,1026 2440,1026 2474,1026 2508,1026 2542,1026 2576,1024 2610,1024 2644,1026 2678,1026 2712,1026 2746,1026 2780,1026 2814,1026"/>
                <TextEquiv>
                    <Unicode>ca tragica Ultimo amore. Tutti quat</Unicode>
                </TextEquiv>
            </TextLine>
            <TextLine id="tr_3_tl_6" custom="readingOrder {index:5;}">
                <Coords points="2129,1079 2816,1072 2796,1029 2738,1048 2129,1041"/>
                <Baseline points="2137,1071 2171,1068 2205,1067 2239,1065 2273,1065 2307,1067 2341,1067 2376,1065 2410,1065 2444,1065 2478,1065 2512,1065 2546,1065 2580,1065 2615,1065 2649,1064 2683,1062 2717,1064 2751,1065 2785,1065 2820,1065"/>
                <TextEquiv>
                    <Unicode>tro viennes, anche se, forse, non tutti</Unicode>
                </TextEquiv>
            </TextLine>
            <TextLine id="tr_3_tl_7" custom="readingOrder {index:6;}">
                <Coords points="2126,1118 2822,1115 2805,1069 2126,1077"/>
                <Baseline points="2134,1104 2168,1105 2203,1107 2237,1107 2272,1105 2307,1105 2341,1107 2376,1107 2410,1105 2445,1104 2480,1104 2514,1104 2549,1102 2583,1101 2618,1102 2653,1104 2687,1104 2722,1102 2756,1101 2791,1101 2826,1101"/>
                <TextEquiv>
                    <Unicode>siano stati gratia a Vienna, ma la</Unicode>
                </TextEquiv>
            </TextLine>
            <TextLine id="tr_3_tl_8" custom="readingOrder {index:7;}">
                <Coords points="2126,1152 2818,1148 2818,1113 2774,1102 2126,1121"/>
                <Baseline points="2134,1146 2168,1143 2202,1143 2236,1143 2271,1145 2305,1145 2339,1143 2374,1143 2408,1143 2442,1143 2477,1143 2511,1143 2545,1143 2579,1143 2614,1143 2648,1143 2682,1143 2717,1143 2751,1142 2785,1141 2820,1143"/>
                <TextEquiv>
                    <Unicode>maniera, e la derivazione, sono tipiche,</Unicode>
                </TextEquiv>
            </TextLine>
            <TextLine id="tr_3_tl_9" custom="readingOrder {index:8;}">
                <Coords points="2126,1191 2819,1190 2819,1150 2770,1145 2469,1168 2294,1152 2273,1172 2126,1153"/>
                <Baseline points="2134,1182 2168,1182 2202,1182 2237,1182 2271,1182 2306,1182 2340,1182 2375,1182 2409,1182 2444,1182 2478,1182 2512,1182 2547,1182 2581,1180 2616,1179 2650,1179 2685,1179 2719,1179 2754,1179 2788,1178 2823,1176"/>
                <TextEquiv>
                    <Unicode>uniche. Accanto a una tecnica moder¬</Unicode>
                </TextEquiv>
            </TextLine>
            <TextLine id="tr_3_tl_10" custom="readingOrder {index:9;}">
                <Coords points="2129,1225 2742,1234 2813,1223 2815,1187 2129,1203"/>
                <Baseline points="2137,1223 2171,1220 2205,1220 2239,1220 2273,1220 2307,1220 2341,1220 2375,1220 2409,1220 2443,1220 2477,1220 2511,1220 2545,1220 2579,1218 2613,1217 2647,1217 2681,1217 2715,1217 2749,1217 2783,1216 2817,1214"/>
                <TextEquiv>
                    <Unicode>nissima, si riscontra un gusto meno mo¬</Unicode>
                </TextEquiv>
            </TextLine>
            <TextLine id="tr_3_tl_11" custom="readingOrder {index:10;}">
                <Coords points="2129,1267 2816,1261 2816,1221 2589,1241 2129,1226"/>
                <Baseline points="2137,1259 2171,1258 2205,1259 2239,1259 2273,1259 2307,1259 2341,1259 2376,1259 2410,1259 2444,1257 2478,1256 2512,1256 2546,1256 2580,1258 2615,1258 2649,1256 2683,1256 2717,1256 2751,1255 2785,1254 2820,1256"/>
                <TextEquiv>
                    <Unicode>derno e un'ispirazione un poco lontana.</Unicode>
                </TextEquiv>
            </TextLine>
            <TextLine id="tr_3_tl_12" custom="readingOrder {index:11;}">
                <Coords points="2129,1304 2813,1301 2813,1263 2129,1267"/>
                <Baseline points="2137,1298 2171,1297 2205,1298 2239,1298 2273,1298 2307,1298 2341,1297 2375,1295 2409,1298 2443,1296 2477,1295 2511,1295 2545,1295 2579,1295 2613,1295 2647,1295 2681,1295 2715,1295 2749,1294 2783,1293 2817,1295"/>
                <TextEquiv>
                    <Unicode>Film come questi hanno due creatori¬</Unicode>
                </TextEquiv>
            </TextLine>
            <TextLine id="tr_3_tl_13" custom="readingOrder {index:12;}">
                <Coords points="2129,1342 2821,1339 2810,1299 2129,1314"/>
                <Baseline points="2137,1334 2171,1336 2205,1337 2239,1337 2274,1337 2308,1335 2342,1334 2377,1334 2411,1334 2445,1337 2480,1335 2514,1334 2548,1334 2582,1334 2617,1334 2651,1333 2685,1331 2720,1331 2754,1331 2788,1331 2823,1334"/>
                <TextEquiv>
                    <Unicode>due registi: uno presente, e che può</Unicode>
                </TextEquiv>
            </TextLine>
            <TextLine id="tr_3_tl_14" custom="readingOrder {index:13;}">
                <Coords points="2129,1378 2821,1384 2821,1337 2129,1345"/>
                <Baseline points="2137,1373 2171,1373 2205,1374 2239,1376 2274,1374 2308,1373 2342,1373 2377,1373 2411,1373 2445,1373 2480,1373 2514,1373 2548,1370 2582,1370 2617,1371 2651,1373 2685,1370 2720,1370 2754,1370 2788,1370 2823,1370"/>
                <TextEquiv>
                    <Unicode>essere Willy Forst o Reisel, l'altro non</Unicode>
                </TextEquiv>
            </TextLine>
            <TextLine id="tr_3_tl_15" custom="readingOrder {index:14;}">
                <Coords points="2126,1434 2197,1413 2822,1425 2822,1384 2794,1375 2126,1386"/>
                <Baseline points="2134,1417 2168,1413 2203,1411 2237,1411 2272,1411 2307,1411 2341,1411 2376,1411 2410,1411 2445,1411 2480,1411 2514,1411 2549,1409 2583,1408 2618,1409 2653,1411 2687,1408 2722,1408 2756,1408 2791,1408 2826,1408"/>
                <TextEquiv>
                    <Unicode>più vivo ma sempre presente e possente</Unicode>
                </TextEquiv>
            </TextLine>
            <TextLine id="tr_3_tl_16" custom="readingOrder {index:15;}">
                <Coords points="2120,1479 2162,1457 2816,1453 2794,1412 2397,1432 2120,1412"/>
                <Baseline points="2128,1450 2162,1450 2197,1450 2231,1450 2266,1450 2301,1450 2335,1450 2370,1450 2404,1450 2439,1450 2474,1450 2508,1450 2543,1448 2577,1447 2612,1447 2647,1447 2681,1447 2716,1447 2750,1447 2785,1447 2820,1447"/>
                <TextEquiv>
                    <Unicode>nell'ispirazione. Era profondissimo scri¬</Unicode>
                </TextEquiv>
            </TextLine>
            <TextLine id="tr_3_tl_17" custom="readingOrder {index:16;}">
                <Coords points="2124,1508 2813,1495 2813,1461 2738,1451 2126,1470"/>
                <Baseline points="2134,1489 2168,1489 2202,1489 2236,1489 2270,1489 2304,1489 2338,1489 2373,1489 2407,1489 2441,1489 2475,1489 2509,1489 2543,1486 2577,1486 2612,1486 2646,1486 2680,1486 2714,1484 2748,1484 2782,1485 2817,1483"/>
                <TextEquiv>
                    <Unicode>tore e non famoso, ma ampiamente s</Unicode>
                </TextEquiv>
            </TextLine>
            <TextLine id="tr_3_tl_18" custom="readingOrder {index:17;}">
                <Coords points="2132,1536 2819,1532 2809,1491 2132,1507"/>
                <Baseline points="2140,1528 2174,1528 2208,1528 2242,1528 2276,1528 2310,1528 2344,1528 2379,1528 2413,1528 2447,1528 2481,1528 2515,1528 2549,1525 2583,1525 2618,1525 2652,1525 2686,1525 2720,1525 2754,1525 2788,1524 2823,1519"/>
                <TextEquiv>
                    <Unicode>rivel, dopo morto, quasi per una su¬</Unicode>
                </TextEquiv>
            </TextLine>
            <TextLine id="tr_3_tl_19" custom="readingOrder {index:18;}">
                <Coords points="2135,1578 2819,1567 2815,1530 2135,1537"/>
                <Baseline points="2143,1570 2177,1568 2211,1567 2245,1567 2279,1567 2313,1567 2347,1568 2381,1570 2415,1567 2449,1565 2483,1564 2517,1564 2551,1564 2585,1564 2619,1563 2653,1562 2687,1564 2721,1564 2755,1563 2789,1560 2823,1558"/>
                <TextEquiv>
                    <Unicode>prema ironia, proprio in quella espres¬</Unicode>
                </TextEquiv>
            </TextLine>
            <TextLine id="tr_3_tl_20" custom="readingOrder {index:19;}">
                <Coords points="2126,1612 2808,1606 2808,1577 2773,1568 2126,1587"/>
                <Baseline points="2134,1605 2167,1605 2201,1604 2235,1602 2269,1605 2303,1603 2337,1602 2370,1602 2404,1602 2438,1602 2472,1602 2506,1601 2540,1599 2574,1599 2607,1599 2641,1599 2675,1599 2709,1599 2743,1599 2777,1599 2811,1599"/>
                <TextEquiv>
                    <Unicode>sione d'arte a cui non credeva tanto.</Unicode>
                </TextEquiv>
            </TextLine>
            <TextLine id="tr_3_tl_21" custom="readingOrder {index:20;}">
                <Coords points="2165,1657 2813,1650 2813,1613 2768,1607 2165,1613"/>
                <Baseline points="2173,1644 2205,1643 2237,1641 2269,1641 2301,1641 2334,1641 2366,1641 2398,1641 2430,1641 2462,1641 2495,1639 2527,1638 2559,1639 2591,1641 2623,1639 2656,1638 2688,1638 2720,1638 2752,1638 2784,1637 2817,1635"/>
                <TextEquiv>
                    <Unicode>I lavori ricordati perche si distinguo</Unicode>
                </TextEquiv>
            </TextLine>
            <TextLine id="tr_3_tl_22" custom="readingOrder {index:21;}">
                <Coords points="2132,1689 2794,1694 2834,1683 2835,1647 2132,1651"/>
                <Baseline points="2140,1683 2174,1683 2209,1680 2244,1682 2279,1681 2314,1680 2349,1680 2384,1680 2419,1680 2454,1680 2489,1679 2523,1677 2558,1677 2593,1677 2628,1677 2663,1677 2698,1677 2733,1677 2768,1677 2803,1677 2838,1677"/>
                <TextEquiv>
                    <Unicode>no dagli altri? Sono interessanti per una</Unicode>
                </TextEquiv>
            </TextLine>
            <TextLine id="tr_3_tl_23" custom="readingOrder {index:22;}">
                <Coords points="2132,1729 2754,1734 2816,1720 2818,1698 2133,1689"/>
                <Baseline points="2140,1719 2174,1719 2208,1719 2242,1719 2276,1719 2310,1719 2344,1719 2378,1719 2412,1719 2446,1719 2480,1718 2514,1716 2548,1716 2582,1718 2616,1718 2650,1716 2684,1716 2718,1716 2752,1716 2786,1715 2820,1710"/>
                <TextEquiv>
                    <Unicode>loro atmosfera. In fondo, questa atmo¬</Unicode>
                </TextEquiv>
            </TextLine>
            <TextLine id="tr_3_tl_24" custom="readingOrder {index:23;}">
                <Coords points="2129,1777 2813,1762 2813,1720 2129,1730"/>
                <Baseline points="2137,1758 2171,1758 2205,1758 2239,1758 2273,1758 2307,1758 2341,1758 2375,1758 2409,1758 2443,1758 2477,1757 2511,1755 2545,1755 2579,1755 2613,1755 2647,1755 2681,1755 2715,1755 2749,1754 2783,1753 2817,1755"/>
                <TextEquiv>
                    <Unicode>sfera à letteratura, ma nel senso mi¬</Unicode>
                </TextEquiv>
            </TextLine>
            <TextLine id="tr_3_tl_25" custom="readingOrder {index:24;}">
                <Coords points="2129,1809 2816,1803 2816,1767 2789,1759 2129,1772"/>
                <Baseline points="2137,1802 2171,1798 2205,1796 2239,1796 2273,1794 2307,1793 2341,1793 2376,1793 2410,1793 2444,1793 2478,1793 2512,1793 2546,1793 2580,1793 2615,1793 2649,1792 2683,1790 2717,1790 2751,1790 2785,1790 2820,1790"/>
                <TextEquiv>
                    <Unicode>gliore dobbiamo intendere la derivazio</Unicode>
                </TextEquiv>
            </TextLine>
            <TextLine id="tr_3_tl_26" custom="readingOrder {index:25;}">
                <Coords points="2129,1850 2821,1840 2818,1797 2129,1810"/>
                <Baseline points="2137,1832 2171,1835 2205,1834 2239,1832 2274,1832 2308,1832 2342,1833 2377,1835 2411,1833 2445,1832 2480,1832 2514,1832 2548,1829 2582,1831 2617,1832 2651,1832 2685,1829 2720,1829 2754,1829 2788,1829 2823,1829"/>
                <TextEquiv>
                    <Unicode>ne, che non grava d'alcuna pesantezza,</Unicode>
                </TextEquiv>
            </TextLine>
            <TextLine id="tr_3_tl_27" custom="readingOrder {index:26;}">
                <Coords points="2129,1885 2813,1882 2813,1847 2758,1838 2129,1851"/>
                <Baseline points="2137,1871 2171,1871 2205,1871 2239,1871 2273,1871 2307,1871 2341,1871 2375,1871 2409,1871 2443,1871 2477,1871 2511,1871 2545,1871 2579,1869 2613,1869 2647,1870 2681,1868 2715,1868 2749,1868 2783,1868 2817,1868"/>
                <TextEquiv>
                    <Unicode>ne trae il film lontano dalla sua espres</Unicode>
                </TextEquiv>
            </TextLine>
            <TextLine id="tr_3_tl_28" custom="readingOrder {index:27;}">
                <Coords points="2133,1920 2816,1916 2816,1880 2135,1885"/>
                <Baseline points="2143,1910 2176,1909 2210,1910 2244,1910 2278,1910 2312,1910 2346,1910 2379,1910 2413,1910 2447,1910 2481,1909 2515,1907 2549,1907 2583,1907 2616,1907 2650,1907 2684,1907 2718,1907 2752,1907 2786,1906 2820,1904"/>
                <TextEquiv>
                    <Unicode>sione moderna di ritmo e di muevo</Unicode>
                </TextEquiv>
            </TextLine>
            <TextLine id="tr_3_tl_29" custom="readingOrder {index:28;}">
                <Coords points="2132,1953 2819,1951 2819,1920 2761,1911 2132,1920"/>
                <Baseline points="2140,1949 2174,1949 2208,1949 2242,1949 2276,1947 2310,1946 2344,1947 2379,1949 2413,1949 2447,1947 2481,1946 2515,1946 2549,1946 2583,1946 2618,1946 2652,1946 2686,1946 2720,1946 2754,1946 2788,1945 2823,1943"/>
                <TextEquiv>
                    <Unicode>lezza scenica. La ricerca delle origin.</Unicode>
                </TextEquiv>
            </TextLine>
            <TextLine id="tr_3_tl_30" custom="readingOrder {index:29;}">
                <Coords points="2135,1996 2819,1990 2806,1949 2135,1955"/>
                <Baseline points="2143,1987 2177,1987 2211,1987 2245,1987 2279,1984 2313,1984 2347,1984 2381,1984 2415,1984 2449,1984 2483,1984 2517,1984 2551,1984 2585,1984 2619,1984 2653,1984 2687,1984 2721,1984 2755,1983 2789,1980 2823,1978"/>
                <TextEquiv>
                    <Unicode>di quei lavori condurrebbe a un princi¬</Unicode>
                </TextEquiv>
            </TextLine>
            <TextLine id="tr_3_tl_31" custom="readingOrder {index:30;}">
                <Coords points="2132,2037 2828,2028 2828,1993 2803,1989 2520,2012 2498,1989 2355,2010 2132,1989"/>
                <Baseline points="2140,2026 2174,2025 2209,2023 2243,2023 2278,2023 2313,2023 2347,2023 2382,2023 2416,2021 2451,2021 2486,2023 2520,2023 2555,2021 2589,2020 2624,2020 2659,2020 2693,2020 2728,2022 2762,2022 2797,2020 2832,2020"/>
                <TextEquiv>
                    <Unicode>pio — base di verità , fatto possibile</Unicode>
                </TextEquiv>
            </TextLine>
            <TextLine id="tr_3_tl_32" custom="readingOrder {index:31;}">
                <Coords points="2135,2078 2816,2069 2816,2032 2135,2040"/>
                <Baseline points="2143,2065 2176,2062 2210,2062 2244,2062 2278,2062 2312,2062 2346,2062 2379,2062 2413,2062 2447,2062 2481,2062 2515,2062 2549,2062 2583,2062 2616,2061 2650,2060 2684,2062 2718,2060 2752,2059 2786,2060 2820,2062"/>
                <TextEquiv>
                    <Unicode>nella realta, qualora, non fosse realmen</Unicode>
                </TextEquiv>
            </TextLine>
            <TextLine id="tr_3_tl_33" custom="readingOrder {index:32;}">
                <Coords points="2135,2110 2806,2113 2821,2067 2135,2079"/>
                <Baseline points="2143,2104 2177,2102 2211,2101 2245,2101 2279,2101 2313,2101 2347,2100 2381,2098 2415,2098 2449,2098 2483,2098 2517,2098 2551,2098 2585,2098 2619,2098 2653,2099 2687,2101 2721,2099 2755,2098 2789,2098 2823,2098"/>
                <TextEquiv>
                    <Unicode>te avvenuto dove la fantasia ha, an¬</Unicode>
                </TextEquiv>
            </TextLine>
            <TextLine id="tr_3_tl_34" custom="readingOrder {index:33;}">
                <Coords points="2135,2145 2822,2143 2822,2113 2729,2104 2135,2118"/>
                <Baseline points="2143,2143 2177,2140 2211,2139 2245,2137 2279,2137 2313,2139 2347,2139 2382,2137 2416,2137 2450,2137 2484,2137 2518,2137 2552,2137 2586,2137 2621,2137 2655,2137 2689,2137 2723,2137 2757,2137 2791,2136 2826,2134"/>
                <TextEquiv>
                    <Unicode>zi, il compito d’attenuare, di mitigare</Unicode>
                </TextEquiv>
            </TextLine>
            <TextLine id="tr_3_tl_35" custom="readingOrder {index:34;}">
                <Coords points="2135,2181 2827,2183 2827,2146 2683,2137 2374,2159 2135,2143"/>
                <Baseline points="2143,2176 2177,2176 2211,2176 2245,2176 2280,2176 2314,2176 2348,2177 2383,2177 2417,2176 2451,2176 2486,2176 2520,2176 2554,2176 2588,2176 2623,2176 2657,2176 2691,2176 2726,2176 2760,2176 2794,2174 2829,2176"/>
                <TextEquiv>
                    <Unicode>quella verità o crudelta obiettiva, dove</Unicode>
                </TextEquiv>
            </TextLine>
            <TextLine id="tr_3_tl_36" custom="readingOrder {index:35;}">
                <Coords points="2140,2225 2822,2228 2822,2177 2209,2184 2183,2203 2140,2184"/>
                <Baseline points="2149,2217 2182,2214 2216,2214 2250,2214 2284,2214 2318,2214 2352,2214 2385,2214 2419,2214 2453,2214 2487,2213 2521,2212 2555,2214 2589,2212 2622,2211 2656,2211 2690,2211 2724,2211 2758,2211 2792,2210 2826,2208"/>
                <TextEquiv>
                    <Unicode>la fantasia incomincia a trasformare i</Unicode>
                </TextEquiv>
            </TextLine>
            <TextLine id="tr_3_tl_37" custom="readingOrder {index:36;}">
                <Coords points="2137,2267 2819,2263 2794,2215 2440,2237 2137,2222"/>
                <Baseline points="2146,2253 2179,2253 2213,2253 2247,2253 2281,2253 2315,2253 2349,2253 2382,2253 2416,2253 2450,2253 2484,2252 2518,2250 2552,2250 2586,2250 2619,2251 2653,2253 2687,2253 2721,2253 2755,2252 2789,2249 2823,2247"/>
                <TextEquiv>
                    <Unicode>fatto in leggenda. Mascherata e Masur</Unicode>
                </TextEquiv>
            </TextLine>
            <TextLine id="tr_3_tl_38" custom="readingOrder {index:37;}">
                <Coords points="2135,2300 2818,2308 2819,2263 2135,2270"/>
                <Baseline points="2143,2289 2177,2291 2211,2292 2245,2292 2279,2292 2313,2292 2347,2292 2381,2292 2415,2289 2449,2289 2483,2290 2517,2292 2551,2289 2585,2289 2619,2289 2653,2289 2687,2289 2721,2289 2755,2289 2789,2288 2823,2286"/>
                <TextEquiv>
                    <Unicode>ca tragica palesavano, nella presentatio</Unicode>
                </TextEquiv>
            </TextLine>
            <TextLine id="tr_3_tl_39" custom="readingOrder {index:38;}">
                <Coords points="2137,2336 2825,2337 2825,2300 2137,2308"/>
                <Baseline points="2146,2328 2180,2328 2214,2328 2248,2328 2282,2328 2316,2330 2350,2329 2385,2328 2419,2328 2453,2328 2487,2328 2521,2328 2555,2328 2589,2328 2624,2328 2658,2327 2692,2326 2726,2328 2760,2328 2794,2327 2829,2328"/>
                <TextEquiv>
                    <Unicode>ne, che la loro storia era avvenuta, a</Unicode>
                </TextEquiv>
            </TextLine>
            <TextLine id="tr_3_tl_40" custom="readingOrder {index:39;}">
                <Coords points="2140,2371 2822,2377 2800,2335 2269,2352 2140,2333"/>
                <Baseline points="2149,2364 2182,2364 2216,2366 2250,2367 2284,2367 2318,2367 2352,2365 2385,2365 2419,2367 2453,2367 2487,2367 2521,2366 2555,2364 2589,2364 2622,2366 2656,2367 2690,2367 2724,2367 2758,2367 2792,2366 2826,2364"/>
                <TextEquiv>
                    <Unicode>Vienna nel 1905, e a Varsavia duran¬</Unicode>
                </TextEquiv>
            </TextLine>
            <TextLine id="tr_3_tl_41" custom="readingOrder {index:40;}">
                <Coords points="2135,2412 2827,2415 2827,2378 2800,2368 2135,2377"/>
                <Baseline points="2143,2402 2177,2402 2211,2403 2245,2405 2280,2403 2314,2402 2348,2402 2383,2402 2417,2402 2451,2402 2486,2402 2520,2402 2554,2402 2588,2402 2623,2402 2657,2402 2691,2399 2726,2401 2760,2402 2794,2401 2829,2399"/>
                <TextEquiv>
                    <Unicode>te la guerra, ma anche per gli altri la¬</Unicode>
                </TextEquiv>
            </TextLine>
            <TextLine id="tr_3_tl_42" custom="readingOrder {index:41;}">
                <Coords points="2137,2453 2816,2454 2816,2418 2756,2405 2137,2416"/>
                <Baseline points="2146,2438 2179,2438 2213,2440 2247,2440 2280,2438 2314,2438 2348,2438 2381,2438 2415,2438 2449,2438 2483,2440 2516,2440 2550,2438 2584,2438 2617,2438 2651,2438 2685,2438 2718,2438 2752,2440 2786,2440 2820,2438"/>
                <TextEquiv>
                    <Unicode>vori non stentiamo a credere che si po-</Unicode>
                </TextEquiv>
            </TextLine>
            <TextLine id="tr_3_tl_43" custom="readingOrder {index:42;}">
                <Coords points="2132,2497 2825,2492 2825,2451 2132,2457"/>
                <Baseline points="2140,2477 2174,2477 2208,2477 2243,2477 2277,2477 2312,2477 2346,2477 2381,2477 2415,2477 2450,2477 2484,2477 2518,2477 2553,2477 2587,2477 2622,2477 2656,2477 2691,2477 2725,2477 2760,2477 2794,2476 2829,2474"/>
                <TextEquiv>
                    <Unicode>trebbe ritrovare una loro documenta¬</Unicode>
                </TextEquiv>
            </TextLine>
            <TextLine id="tr_3_tl_44" custom="readingOrder {index:43;}">
                <Coords points="2132,2521 2824,2523 2824,2491 2759,2483 2132,2497"/>
                <Baseline points="2140,2516 2174,2516 2208,2516 2242,2516 2277,2516 2311,2516 2345,2516 2380,2516 2414,2516 2448,2516 2483,2516 2517,2516 2551,2516 2585,2516 2620,2518 2654,2518 2688,2516 2723,2516 2757,2516 2791,2516 2826,2516"/>
                <TextEquiv>
                    <Unicode>zione reale. Pittura, quindi, d'ambiente</Unicode>
                </TextEquiv>
            </TextLine>
            <TextLine id="tr_3_tl_45" custom="readingOrder {index:44;}">
                <Coords points="2140,2561 2825,2564 2825,2523 2794,2521 2140,2526"/>
                <Baseline points="2149,2558 2183,2555 2217,2556 2251,2558 2285,2558 2319,2556 2353,2555 2387,2555 2421,2555 2455,2555 2489,2555 2523,2555 2557,2555 2591,2555 2625,2555 2659,2555 2693,2555 2727,2555 2761,2555 2795,2554 2829,2552"/>
                <TextEquiv>
                    <Unicode>e di tipi, maniera cinica e romantica in¬</Unicode>
                </TextEquiv>
            </TextLine>
            <TextLine id="tr_3_tl_46" custom="readingOrder {index:45;}">
                <Coords points="2140,2602 2822,2600 2822,2564 2778,2556 2140,2568"/>
                <Baseline points="2149,2593 2182,2592 2216,2593 2250,2593 2284,2593 2318,2593 2352,2593 2385,2593 2419,2590 2453,2592 2487,2593 2521,2593 2555,2593 2589,2593 2622,2592 2656,2590 2690,2590 2724,2590 2758,2591 2792,2592 2826,2590"/>
                <TextEquiv>
                    <Unicode>sième, come succede quando le belle</Unicode>
                </TextEquiv>
            </TextLine>
            <TextLine id="tr_3_tl_47" custom="readingOrder {index:46;}">
                <Coords points="2137,2637 2822,2635 2812,2600 2136,2602"/>
                <Baseline points="2146,2629 2180,2629 2214,2629 2248,2629 2282,2629 2316,2629 2350,2630 2384,2632 2418,2632 2452,2630 2486,2630 2520,2632 2554,2632 2588,2630 2622,2629 2656,2629 2690,2629 2724,2631 2758,2632 2792,2631 2826,2626"/>
                <TextEquiv>
                    <Unicode>donne si impongono , tra desiderio</Unicode>
                </TextEquiv>
            </TextLine>
            <TextLine id="tr_3_tl_48" custom="readingOrder {index:47;}">
                <Coords points="2135,2673 2816,2676 2816,2635 2409,2638 2383,2660 2135,2632"/>
                <Baseline points="2143,2671 2176,2668 2210,2668 2244,2668 2278,2668 2312,2668 2346,2669 2379,2671 2413,2668 2447,2668 2481,2668 2515,2668 2549,2668 2583,2668 2616,2668 2650,2668 2684,2668 2718,2668 2752,2668 2786,2667 2820,2665"/>
                <TextEquiv>
                    <Unicode>ammirazione, si combina anche l’indul</Unicode>
                </TextEquiv>
            </TextLine>
            <TextLine id="tr_3_tl_49" custom="readingOrder {index:48;}">
                <Coords points="2135,2711 2819,2716 2819,2676 2792,2675 2135,2691"/>
                <Baseline points="2143,2710 2177,2707 2211,2707 2245,2707 2279,2707 2313,2707 2347,2706 2381,2704 2415,2707 2449,2709 2483,2709 2517,2707 2551,2707 2585,2707 2619,2707 2653,2707 2687,2707 2721,2707 2755,2707 2789,2707 2823,2707"/>
                <TextEquiv>
                    <Unicode>genza. Infine, vi è sempre uno scetici¬</Unicode>
                </TextEquiv>
            </TextLine>
            <TextLine id="tr_3_tl_50" custom="readingOrder {index:49;}">
                <Coords points="2137,2748 2815,2756 2815,2724 2786,2716 2137,2714"/>
                <Baseline points="2146,2743 2179,2743 2213,2743 2246,2744 2280,2746 2313,2746 2347,2746 2380,2746 2414,2746 2447,2746 2481,2745 2515,2744 2548,2746 2582,2746 2615,2746 2649,2746 2682,2746 2716,2746 2749,2747 2783,2748 2817,2743"/>
                <TextEquiv>
                    <Unicode>smo che non ha convinzione, e, di que</Unicode>
                </TextEquiv>
            </TextLine>
            <TextLine id="tr_3_tl_51" custom="readingOrder {index:50;}">
                <Coords points="2137,2789 2816,2792 2816,2758 2745,2751 2137,2755"/>
                <Baseline points="2146,2781 2179,2781 2213,2781 2247,2781 2280,2781 2314,2781 2348,2781 2381,2782 2415,2784 2449,2782 2483,2781 2516,2781 2550,2781 2584,2783 2617,2782 2651,2781 2685,2781 2718,2783 2752,2784 2786,2784 2820,2784"/>
                <TextEquiv>
                    <Unicode>sta transazione, il cinema ne tiene conto</Unicode>
                </TextEquiv>
            </TextLine>
            <TextLine id="tr_3_tl_52" custom="readingOrder {index:51;}">
                <Coords points="2178,2838 2827,2829 2808,2790 2178,2790"/>
                <Baseline points="2187,2820 2219,2820 2251,2820 2283,2820 2315,2820 2347,2820 2379,2820 2411,2820 2443,2820 2475,2820 2508,2820 2540,2820 2572,2820 2604,2820 2636,2820 2668,2822 2700,2823 2732,2823 2764,2823 2796,2823 2829,2823"/>
                <TextEquiv>
                    <Unicode>Ma la maniera e la moda letteraria</Unicode>
                </TextEquiv>
            </TextLine>
            <TextLine id="tr_3_tl_53" custom="readingOrder {index:52;}">
                <Coords points="2135,2865 2510,2866 2552,2886 2575,2865 2819,2867 2808,2829 2670,2847 2561,2824 2135,2828"/>
                <Baseline points="2143,2859 2177,2858 2211,2859 2245,2859 2279,2859 2313,2859 2347,2859 2381,2859 2415,2859 2449,2859 2483,2859 2517,2859 2551,2859 2585,2859 2619,2858 2653,2857 2687,2859 2721,2861 2755,2862 2789,2861 2823,2856"/>
                <TextEquiv>
                    <Unicode>di quell'audacia descrittiva — più psi¬</Unicode>
                </TextEquiv>
            </TextLine>
            <TextLine id="tr_3_tl_54" custom="readingOrder {index:53;}">
                <Coords points="2140,2905 2825,2908 2812,2867 2537,2885 2427,2866 2381,2888 2140,2866"/>
                <Baseline points="2149,2898 2183,2898 2217,2898 2251,2898 2285,2898 2319,2898 2353,2898 2387,2898 2421,2898 2455,2898 2489,2898 2523,2897 2557,2895 2591,2895 2625,2897 2659,2898 2693,2898 2727,2901 2761,2901 2795,2900 2829,2898"/>
                <TextEquiv>
                    <Unicode>cologica che sensuale — delle grandi</Unicode>
                </TextEquiv>
            </TextLine>
            <TextLine id="tr_3_tl_55" custom="readingOrder {index:54;}">
                <Coords points="2140,2948 2832,2948 2821,2908 2140,2907"/>
                <Baseline points="2149,2937 2183,2937 2217,2935 2251,2935 2286,2937 2320,2937 2354,2937 2389,2936 2423,2934 2457,2937 2492,2937 2526,2937 2560,2937 2594,2937 2629,2937 2663,2937 2697,2938 2732,2940 2766,2938 2800,2939 2835,2940"/>
                <TextEquiv>
                    <Unicode>passioni superiori alla borghesia, come</Unicode>
                </TextEquiv>
            </TextLine>
            <TextLine id="tr_3_tl_56" custom="readingOrder {index:55;}">
                <Coords points="2140,2981 2748,2994 2828,2987 2827,2948 2139,2949"/>
                <Baseline points="2149,2972 2183,2972 2217,2972 2251,2972 2285,2972 2319,2972 2353,2972 2388,2973 2422,2975 2456,2975 2490,2975 2524,2975 2558,2975 2592,2975 2627,2975 2661,2975 2695,2975 2729,2975 2763,2975 2797,2975 2832,2975"/>
                <TextEquiv>
                    <Unicode>ereditarietà di salotti ed unico eroismo</Unicode>
                </TextEquiv>
            </TextLine>
            <TextLine id="tr_3_tl_57" custom="readingOrder {index:56;}">
                <Coords points="2140,3021 2819,3025 2819,2992 2689,2974 2580,2999 2548,2980 2140,2981"/>
                <Baseline points="2149,3011 2182,3011 2216,3011 2250,3011 2283,3011 2317,3011 2351,3013 2384,3013 2418,3011 2452,3013 2486,3014 2519,3014 2553,3014 2587,3014 2620,3014 2654,3014 2688,3014 2721,3014 2755,3014 2789,3014 2823,3011"/>
                <TextEquiv>
                    <Unicode>di tempi mediocri — più che altro stan¬</Unicode>
                </TextEquiv>
            </TextLine>
            <TextLine id="tr_3_tl_58" custom="readingOrder {index:57;}">
                <Coords points="2139,3054 2746,3069 2825,3065 2824,3028 2137,3028"/>
                <Baseline points="2146,3050 2180,3050 2214,3050 2248,3050 2282,3050 2316,3050 2350,3050 2385,3050 2419,3050 2453,3050 2487,3052 2521,3052 2555,3050 2589,3050 2624,3052 2658,3053 2692,3053 2726,3053 2760,3053 2794,3053 2829,3053"/>
                <TextEquiv>
                    <Unicode>chezza di vita — se adesso ha l’ultimo</Unicode>
                </TextEquiv>
            </TextLine>
            <TextLine id="tr_3_tl_59" custom="readingOrder {index:58;}">
                <Coords points="2148,3097 2819,3102 2819,3066 2794,3062 2148,3060"/>
                <Baseline points="2155,3089 2188,3087 2221,3087 2255,3089 2288,3089 2322,3089 2355,3089 2388,3089 2422,3089 2455,3091 2489,3092 2522,3092 2555,3092 2589,3092 2622,3092 2656,3092 2689,3092 2722,3092 2756,3092 2789,3092 2823,3092"/>
                <TextEquiv>
                    <Unicode>fascino delle cose già passate, invece</Unicode>
                </TextEquiv>
            </TextLine>
            <TextLine id="tr_3_tl_60" custom="readingOrder {index:59;}">
                <Coords points="2137,3133 2825,3138 2802,3101 2136,3097"/>
                <Baseline points="2146,3125 2180,3125 2214,3125 2248,3126 2282,3128 2316,3128 2350,3128 2385,3128 2419,3128 2453,3128 2487,3128 2521,3128 2555,3128 2589,3131 2624,3131 2658,3131 2692,3131 2726,3131 2760,3131 2794,3130 2829,3131"/>
                <TextEquiv>
                    <Unicode>fino al rinnovamento della guerra, non</Unicode>
                </TextEquiv>
            </TextLine>
            <TextLine id="tr_3_tl_61" custom="readingOrder {index:60;}">
                <Coords points="2140,3177 2381,3171 2438,3202 2549,3177 2825,3184 2805,3135 2140,3133"/>
                <Baseline points="2149,3166 2183,3164 2217,3164 2251,3165 2285,3166 2319,3166 2353,3166 2387,3166 2421,3166 2455,3166 2489,3166 2523,3166 2557,3166 2591,3166 2625,3168 2659,3169 2693,3169 2727,3169 2761,3169 2795,3169 2829,3169"/>
                <TextEquiv>
                    <Unicode>aveva le facili risoluzioni che il cinema</Unicode>
                </TextEquiv>
            </TextLine>
            <TextLine id="tr_3_tl_62" custom="readingOrder {index:61;}">
                <Coords points="2145,3232 2174,3227 2181,3218 2200,3225 2254,3211 2340,3230 2339,3174 2320,3178 2301,3170 2278,3181 2257,3173 2194,3184 2172,3171 2143,3177"/>
                <Baseline points="2152,3202 2179,3202 2206,3202 2233,3202 2261,3203 2288,3205 2315,3205 2343,3208"/>
                <TextEquiv>
                    <Unicode>ci concede.</Unicode>
                </TextEquiv>
            </TextLine>
            <TextLine id="tr_3_tl_63" custom="readingOrder {index:62;}">
                <Coords points="2446,3247 2466,3253 2473,3260 2482,3254 2502,3266 2533,3265 2533,3209 2521,3205 2511,3209 2502,3205 2492,3208 2486,3202 2466,3216 2446,3209"/>
                <Baseline points="2453,3238 2481,3238 2509,3238 2537,3238"/>
                <TextEquiv>
                    <Unicode>...</Unicode>
                </TextEquiv>
            </TextLine>
            <TextLine id="tr_3_tl_64" custom="readingOrder {index:63;}">
                <Coords points="2172,3298 2828,3301 2828,3243 2803,3241 2767,3269 2702,3251 2516,3269 2464,3248 2172,3262"/>
                <Baseline points="2181,3286 2213,3288 2246,3289 2278,3289 2311,3289 2343,3289 2376,3289 2408,3289 2441,3289 2473,3289 2506,3289 2539,3289 2571,3289 2604,3290 2636,3292 2669,3292 2701,3292 2734,3292 2766,3292 2799,3292 2832,3292"/>
                <TextEquiv>
                    <Unicode>Dalla vita al romanzo e al film, ne¬</Unicode>
                </TextEquiv>
            </TextLine>
            <TextLine id="tr_3_tl_65" custom="readingOrder {index:64;}">
                <Coords points="2140,3340 2819,3339 2808,3300 2140,3291"/>
                <Baseline points="2149,3328 2182,3326 2216,3325 2250,3326 2283,3328 2317,3328 2351,3328 2384,3328 2418,3328 2452,3330 2486,3329 2519,3328 2553,3328 2587,3328 2620,3328 2654,3329 2688,3331 2721,3331 2755,3329 2789,3329 2823,3328"/>
                <TextEquiv>
                    <Unicode>giro di trent anni, la riduzione ha por</Unicode>
                </TextEquiv>
            </TextLine>
            <TextLine id="tr_3_tl_66" custom="readingOrder {index:65;}">
                <Coords points="2140,3383 2828,3378 2828,3343 2787,3336 2140,3340"/>
                <Baseline points="2149,3366 2183,3363 2217,3364 2251,3366 2285,3366 2319,3366 2353,3366 2388,3366 2422,3366 2456,3366 2490,3366 2524,3366 2558,3366 2592,3366 2627,3366 2661,3366 2695,3366 2729,3368 2763,3368 2797,3365 2832,3363"/>
                <TextEquiv>
                    <Unicode>tato un alleggerimento di pena, una bo¬</Unicode>
                </TextEquiv>
            </TextLine>
            <TextLine id="tr_3_tl_67" custom="readingOrder {index:66;}">
                <Coords points="2140,3419 2825,3419 2825,3378 2140,3383"/>
                <Baseline points="2149,3405 2183,3403 2217,3404 2251,3405 2285,3405 2319,3405 2353,3405 2387,3405 2421,3405 2455,3402 2489,3404 2523,3405 2557,3405 2591,3405 2625,3405 2659,3405 2693,3405 2727,3405 2761,3405 2795,3405 2829,3405"/>
                <TextEquiv>
                    <Unicode>nomia di punti di vista: lo stesso ama¬</Unicode>
                </TextEquiv>
            </TextLine>
            <TextLine id="tr_3_tl_68" custom="readingOrder {index:67;}">
                <Coords points="2140,3451 2832,3459 2832,3425 2781,3413 2140,3421"/>
                <Baseline points="2149,3444 2183,3442 2217,3441 2251,3442 2286,3444 2320,3444 2354,3442 2389,3441 2423,3441 2457,3444 2492,3444 2526,3444 2560,3444 2594,3444 2629,3446 2663,3446 2697,3444 2732,3444 2766,3444 2800,3444 2835,3444"/>
                <TextEquiv>
                    <Unicode>ro Willy Forst è divenuto più sereno</Unicode>
                </TextEquiv>
            </TextLine>
            <TextLine id="tr_3_tl_69" custom="readingOrder {index:68;}">
                <Coords points="2140,3485 2825,3494 2815,3450 2140,3457"/>
                <Baseline points="2149,3483 2183,3481 2217,3480 2251,3480 2285,3480 2319,3482 2353,3481 2387,3481 2421,3483 2455,3483 2489,3483 2523,3483 2557,3483 2591,3483 2625,3485 2659,3485 2693,3483 2727,3483 2761,3485 2795,3485 2829,3486"/>
                <TextEquiv>
                    <Unicode>del suo maestro Arthur Schnitzler, lo</Unicode>
                </TextEquiv>
            </TextLine>
            <TextLine id="tr_3_tl_70" custom="readingOrder {index:69;}">
                <Coords points="2137,3533 2822,3535 2805,3492 2137,3486"/>
                <Baseline points="2146,3519 2180,3519 2214,3519 2248,3519 2282,3519 2316,3519 2350,3519 2384,3520 2418,3522 2452,3522 2486,3522 2520,3522 2554,3522 2588,3522 2622,3522 2656,3522 2690,3522 2724,3522 2758,3522 2792,3523 2826,3522"/>
                <TextEquiv>
                    <Unicode>spiratore di molta letteratura europea</Unicode>
                </TextEquiv>
            </TextLine>
            <TextLine id="tr_3_tl_71" custom="readingOrder {index:70;}">
                <Coords points="2137,3561 2825,3571 2808,3530 2137,3533"/>
                <Baseline points="2146,3558 2180,3558 2214,3558 2248,3558 2282,3558 2316,3558 2350,3558 2385,3559 2419,3560 2453,3563 2487,3561 2521,3560 2555,3560 2589,3560 2624,3560 2658,3560 2692,3560 2726,3560 2760,3560 2794,3559 2829,3560"/>
                <TextEquiv>
                    <Unicode>ed ora di tutta la più raffinata cinema¬</Unicode>
                </TextEquiv>
            </TextLine>
            <TextLine id="tr_3_tl_72" custom="readingOrder {index:71;}">
                <Coords points="2140,3611 2837,3611 2837,3567 2140,3562"/>
                <Baseline points="2149,3596 2183,3596 2218,3596 2252,3596 2287,3596 2322,3596 2356,3596 2391,3596 2425,3596 2460,3596 2495,3596 2529,3597 2564,3599 2598,3599 2633,3599 2668,3599 2702,3599 2737,3599 2771,3599 2806,3599 2841,3602"/>
                <TextEquiv>
                    <Unicode>tografia austriaca e tedesca. L’influenza</Unicode>
                </TextEquiv>
            </TextLine>
            <TextLine id="tr_3_tl_73" custom="readingOrder {index:72;}">
                <Coords points="2139,3643 2800,3650 2821,3646 2819,3605 2137,3606"/>
                <Baseline points="2146,3632 2179,3632 2213,3632 2247,3633 2281,3635 2315,3635 2349,3635 2382,3635 2416,3635 2450,3635 2484,3637 2518,3637 2552,3635 2586,3638 2619,3638 2653,3638 2687,3638 2721,3638 2755,3638 2789,3637 2823,3635"/>
                <TextEquiv>
                    <Unicode>di Schnitzler grava ancora come la mi</Unicode>
                </TextEquiv>
            </TextLine>
            <TextLine id="tr_3_tl_74" custom="readingOrder {index:73;}">
                <Coords points="2137,3678 2819,3684 2819,3646 2724,3638 2675,3659 2625,3638 2137,3643"/>
                <Baseline points="2146,3668 2179,3668 2213,3668 2247,3669 2281,3671 2315,3671 2349,3671 2382,3671 2416,3671 2450,3671 2484,3673 2518,3674 2552,3674 2586,3674 2619,3674 2653,3674 2687,3674 2721,3674 2755,3674 2789,3674 2823,3674"/>
                <TextEquiv>
                    <Unicode>seria della delusione sensuale anche so</Unicode>
                </TextEquiv>
            </TextLine>
            <TextLine id="tr_3_tl_75" custom="readingOrder {index:74;}">
                <Coords points="2143,3713 2819,3730 2827,3686 2142,3676"/>
                <Baseline points="2152,3704 2186,3706 2220,3707 2254,3708 2288,3710 2322,3710 2356,3710 2390,3710 2424,3710 2458,3710 2492,3710 2526,3711 2560,3713 2594,3713 2628,3713 2662,3714 2696,3716 2730,3713 2764,3713 2798,3713 2832,3716"/>
                <TextEquiv>
                    <Unicode>i suoi romanzi hanno un poco perduto</Unicode>
                </TextEquiv>
            </TextLine>
            <TextLine id="tr_3_tl_76" custom="readingOrder {index:75;}">
                <Coords points="2137,3757 2821,3758 2819,3730 2787,3722 2137,3711"/>
                <Baseline points="2146,3743 2179,3745 2213,3746 2247,3746 2281,3746 2315,3746 2349,3746 2382,3747 2416,3749 2450,3749 2484,3749 2518,3749 2552,3749 2586,3749 2619,3751 2653,3752 2687,3752 2721,3752 2755,3750 2789,3749 2823,3752"/>
                <TextEquiv>
                    <Unicode>l'autorità scandalosa dell'ampia vivise</Unicode>
                </TextEquiv>
            </TextLine>
            <TextLine id="tr_3_tl_77" custom="readingOrder {index:76;}">
                <Coords points="2143,3786 2821,3800 2821,3757 2143,3757"/>
                <Baseline points="2152,3781 2185,3781 2219,3783 2252,3784 2286,3784 2319,3784 2353,3784 2386,3784 2420,3784 2453,3784 2487,3785 2521,3787 2554,3787 2588,3787 2621,3787 2655,3788 2688,3790 2722,3790 2755,3790 2789,3790 2823,3790"/>
                <TextEquiv>
                    <Unicode>zione, il rancore contro l'amore, la de¬</Unicode>
                </TextEquiv>
            </TextLine>
            <TextLine id="tr_3_tl_78" custom="readingOrder {index:77;}">
                <Coords points="2143,3832 2821,3835 2821,3805 2739,3796 2143,3793"/>
                <Baseline points="2152,3817 2185,3819 2219,3822 2252,3823 2286,3823 2319,3823 2353,3824 2386,3825 2420,3823 2453,3823 2487,3823 2521,3824 2554,3826 2588,3826 2621,3826 2655,3827 2688,3829 2722,3829 2755,3829 2789,3828 2823,3823"/>
                <TextEquiv>
                    <Unicode>solazione d'ogni grande passione. Ineso</Unicode>
                </TextEquiv>
            </TextLine>
            <TextLine id="tr_3_tl_79" custom="readingOrder {index:78;}">
                <Coords points="2137,3873 2825,3882 2825,3832 2137,3846"/>
                <Baseline points="2146,3859 2180,3859 2214,3861 2248,3862 2282,3862 2316,3862 2350,3862 2385,3862 2419,3862 2453,3865 2487,3865 2521,3865 2555,3865 2589,3868 2624,3868 2658,3868 2692,3868 2726,3868 2760,3868 2794,3867 2829,3865"/>
                <TextEquiv>
                    <Unicode>rabile, preciso, ha avuto il coraggio di</Unicode>
                </TextEquiv>
            </TextLine>
            <TextLine id="tr_3_tl_80" custom="readingOrder {index:79;}">
                <Coords points="2683,3999 2694,3993 2710,3996 2716,3993 2721,3984 2724,3986 2732,3978 2743,3984 2749,3981 2730,3933 2716,3942 2708,3939 2698,3948 2675,3942 2672,3949 2664,3952"/>
                <Baseline points="2689,3990 2714,3990 2740,3995 2763,4006 2783,4032"/>
                <TextEquiv>
                    <Unicode></Unicode>
                </TextEquiv>
            </TextLine>
            <TextLine id="tr_3_tl_81" custom="readingOrder {index:80;}">
                <Coords points="2462,4084 2475,4087 2505,4059 2514,4068 2540,4066 2539,4025 2518,4022 2511,4030 2500,4031 2492,4037 2482,4028 2475,4034 2460,4034"/>
                <Baseline points="2468,4056 2493,4054 2518,4054 2543,4059"/>
                <TextEquiv>
                    <Unicode></Unicode>
                </TextEquiv>
            </TextLine>
            <TextLine id="tr_3_tl_82" custom="readingOrder {index:81;}">
                <Coords points="2589,4075 2616,4082 2646,4097 2682,4104 2682,4049 2672,4049 2650,4065 2638,4062 2622,4046 2610,4046 2605,4041 2600,4043 2596,4038 2589,4038"/>
                <Baseline points="2596,4074 2625,4080 2655,4079 2685,4073"/>
                <TextEquiv>
                    <Unicode></Unicode>
                </TextEquiv>
            </TextLine>
            <TextLine id="tr_3_tl_83" custom="readingOrder {index:82;}">
                <Coords points="2371,4221 2390,4216 2397,4224 2415,4214 2441,4225 2494,4212 2521,4221 2599,4219 2600,4174 2551,4173 2527,4189 2504,4179 2438,4187 2409,4171 2374,4168"/>
                <Baseline points="2381,4217 2408,4214 2436,4214 2463,4213 2491,4210 2519,4208 2546,4208 2574,4210 2602,4211"/>
                <TextEquiv>
                    <Unicode></Unicode>
                </TextEquiv>
            </TextLine>
            <TextEquiv>
                <Unicode></Unicode>
            </TextEquiv>
        </TextRegion>
        <TextRegion orientation="0.0" id="tr_4" custom="readingOrder {index:3;}">
            <Coords points="2910,4093 2910,4246 3023,4246 3023,4093"/>
            <TextLine id="tr_4_tl_1" custom="readingOrder {index:0;}">
                <Coords points="2902,4216 2936,4219 2949,4208 2964,4214 2981,4211 2987,4216 3019,4212 3021,4157 2984,4167 2956,4154 2943,4157 2938,4151 2929,4157 2921,4157 2919,4152 2904,4154"/>
                <Baseline points="2910,4196 2938,4196 2966,4196 2994,4195 3023,4193"/>
                <TextEquiv>
                    <Unicode></Unicode>
                </TextEquiv>
            </TextLine>
            <TextEquiv>
                <Unicode></Unicode>
            </TextEquiv>
        </TextRegion>
    </Page>
</PcGts>
