3344 4352
153 114 673 169 den: Die Gegenwart
253 152 669 229 Die Zukunft der
156 222 664 287 er Sohn der Jungfrau
162 269 662 350 agebuch der S.
153 321 673 390 chtsmärchen Deutsche
148 388 674 463 th Walden: Die Helden
156 442 674 524 feld vom Wald Die
153 501 670 595 erkungen Mitteilungen
124 884 662 982 hen Haus. Dem Familien¬
191 961 669 1029 Munde zusammen. Die
148 1015 656 1080 pe aus. Die Familienkinder
146 1061 662 1129 Es ist eine Kunst zu leben.
151 1111 664 1177 je Beinstellung die einzig
183 1164 660 1215 Meine Beine, deine Reine,
153 1209 662 1268 st zum Davonlaufen. Weißt
236 1260 659 1336 Nach der bekannten
149 1306 266 1371 bethen.
210 1331 653 1417 Wenigstens einen Stel¬
183 1405 646 1458 Tausend Menschen ver¬
148 1434 660 1529 ausverkauft ist. Alles ist
148 1541 662 1603 fe nicht an. Der Kenner
175 1595 656 1658 Der Mensch denkt. Das
138 1616 657 1716 te sächlich sein. Dann er¬
135 1693 659 1769 de gegenständlich ist oder
142 1738 276 1831 Das
144 1830 653 1906 pas: ist eine Nebensache.
151 1893 659 1952 ebensache nicht notwendig.
149 1942 653 2004 dürfnisanstalten zu haben.
177 1990 654 2058 Wir wissen, was sich ge¬
141 2042 228 2101 ter.
153 2083 659 2152 Liebe höret nimmer auf.
148 2135 660 2213 alles ernst. Ernst ist das
169 2227 656 2301 bedeuten. Das heißt eine
180 2290 657 2356 Das Publikum lacht sich
144 2327 657 2398 lie die Welt bedeuten, sind
135 2381 656 2457 ge. Der Tragödie zweiter
141 2474 656 2552 ft. Der Künstler will nicht
156 2528 654 2610 fühlt das Publikum. Aber
129 2615 656 2701 blikum. Was sich neckt,
153 2670 646 2746 in die Kunst. Oder Vor¬
194 2735 650 2787 Der Ulk ist der Welt¬
156 2780 649 2846 ist ein Freudenhaus. Den
146 2829 646 2914 Künstler hält sich schadlos
138 2921 650 2992 paziert! Links für Damen.
141 2973 649 3040 in einen recht ist, ist dem
151 3020 643 3091 der über uns wohnet, er¬
141 3109 646 3180 blikum. Du bist ein Uebel,
191 3173 643 3237 Mit vorzüglicher Hoch¬
139 3223 649 3306 fast keine Seele. Der Rest
180 3299 643 3384 Weiber, Kinder, Greise.
177 3365 647 3429 nährenden Busen. Ich
151 3420 649 3492 men Denkungsart. Das
752 87 1814 141 tretenen
756 135 1813 205 Karnickel. Dann fliegt das Nichts in die Luft. Vexer¬
750 187 1693 255 bild: Wo ist die Jungfrau? Lang lang ist's her.
819 236 988 310 Heraus!
821 411 1804 500 Das Theater geht solange zum Publikum, bis de¬
750 491 1811 550 Mensch sich bricht. Alle Theater wollen zum Brechen
756 542 1799 597 voll sein. Bruch. Einem dringenden Bedürfnis ab¬
753 588 1814 670 zuhelfen. Du fühlst mit diesem Drang im Leibe. Hilfe
750 633 897 702 tut not.
818 692 1799 760 Etwas Gewaltiges ist der Mensch. Raum ist in der
747 739 1802 806 kleinsten Hütte. Pärchen ohne Paarung sind prosaisch.
745 788 1806 854 Daher der Name Prosadichter. Das Volk der Denker
745 846 1802 909 und Dichter. An ihren Werken sollst du sie erkennen.
815 898 1802 959 Das Theater ist ein Geschäft. Es wird mit Ge¬
745 954 1806 1004 schöpfen gehandelt. Es wird mit Schöpfern gehandelt.
750 1001 1807 1053 Mädchenhändlern läßt man ihre Ruhe nicht. Wir sind
750 1050 1802 1106 Gemütsmenschen. Wir wissen Unterschiede zu machen.
753 1095 1802 1150 Wer scheidet Schöpfung vom Geschäft? Kunst ist
739 1139 1793 1196 Schöpfung. Ist Theater Kunst? Für alle Gemüts¬
742 1192 1803 1253 menschen. Gemütsmensch ist das Mensch, bei dem es
739 1244 1800 1306 nur die Ruhe machen kann. Und wenn die Welt brennt,
739 1289 1800 1355 nur immer gemütlich. Wie wohl ist dem, der dann und
742 1344 1803 1399 wann sich etwas Schönes dichten kann. Und wenn man's
742 1392 1796 1438 nicht kann, geht man ins Theater. Dort wird einem vor¬
739 1436 1796 1489 gedichtet, daß es nur solche die
732 1478 1806 1543 Natur. Lebendig wie das Leben. Das Leben ist ein
739 1530 1795 1592 Theater, ach ja, Krachen ist schön, aber bitte nicht
732 1583 1420 1652 schießen. Das stört die Verdauung,
809 1631 1796 1697 Die Hauptsache im Theater, daß man die edleren
732 1692 1789 1745 Funktionen nicht stört. Man behandle das Publikum wie
732 1738 1434 1811 ein rohes Ei. Bitte nicht, Kolumbus!
812 1776 1790 1864 Erkenne dich selbst. Und erst auf dem Theater. Das
732 1849 1793 1902 beruhigt. Sind wir doch allzumal Sünder. König und
739 1897 1783 1949 Bettler, Schulter an Schulter. Von sonstigen Be¬
735 1947 1789 1997 ziehungen ganz zu schweigen. Man denke an das kleine
735 1989 1567 2063 Schlaganfälschen. du mein Heimat-Land!
804 2049 1788 2111 Die Welt ist eine Hühnerleiter. Die weltbedeutenden
739 2100 1789 2169 Bretter sind auf dem Holzwege. Alle Wege führen nach
735 2152 1789 2213 Rom. Nur ein Weg führt zur Kunst: das Kunstwerk.
732 2197 1783 2258 Die Kunst ist nicht in Rom. Wer sich der Welt ergibt,
735 2251 1786 2304 ist bald allein. Der Eine ist das All im Kunstwerk. Alle sind
735 2300 1783 2351 im Theater allein. Mit allen Mitteln fängt das Theater alle.
729 2353 1780 2411 Jeder für sich, das Theater für uns alle. Wer viele
726 2401 1783 2450 bringt, wird manchem etwas bringen. Der eine will
732 2445 1783 2514 Unterhaltung, der andere Belehrung. Der eine will die
729 2497 1778 2550 Schauspielerin sehen, die andere will gesehen werden.
729 2542 1782 2600 Man muß was fürs Volk tun. Das muß man gesehen
728 2595 1776 2659 haben. Weil wir nicht schauen können. Weil wir so
729 2646 1778 2705 arm sind. Darüber reden können, damit man sich kunst¬
726 2695 1780 2743 verständig übergibt. Kritik ist das Gewissen des
726 2736 1776 2800 Publikums. Die Stimme des Gewissens schlägt. Das
725 2788 1780 2847 Publikum ist böse von Beginn. Die Dame der Gesellschaft
729 2838 1778 2898 kritisiert, wie man sich anzieht. Der Herr der Gesell¬
729 2885 1776 2952 schaft kritisiert, wie man sich auszieht. Das nennen sie
728 2939 1778 3001 Kunst. Man sieht sich ein fünfaktiges Trauerspiel an, um
723 2987 1775 3050 einen halben Frauenakt zu sehen. Private Entblößung
726 3035 1773 3085 in der Oeffentlichkeit, das ist Theater. Ziehe deine Mit¬
726 3081 1780 3146 menschen aus. Gern sieht man, daß die anderen sich
721 3139 1775 3212 schämen. Lieber sieht man, daß auch die anderen
729 3181 1776 3239 schamlos sind. Die Natur ist heilig. Die Bearbeitung
726 3236 1778 3289 der Natur ist eine Vergewaltigung. Wer eine Dichtung
721 3279 1775 3346 lebendig machen will, vergewaltigt sie. Die aufgeführte
721 3326 1775 3386 Dichtung ist ein Verbrechen. Aus der ewigen unfalbaren
726 3375 1769 3436 Gestalt wird ein Fall gemacht. Das ohnehin hinfällige
729 3427 1776 3485 Gretchen kommt nun wirklich zu Falle. Das labt das
729 3477 1772 3560 verehrte Publikum. Daher die Dichter verehrung. Sie
1972 141 2429 236 Mensch nach ein Ende!
1962 279 2954 365 Der Theaterbesucher ist kein Mensch. Einmal er¬
1893 356 2957 405 kennen wir, daß wir nicht Besucher eines öffentlichen
1887 401 2956 464 Hauses sind, daß man uns dazu gemacht hat. Einmal
1899 449 2953 511 wissen wir, daß wir Menschen sind. Wehe dem, der
1889 501 2954 569 etwas aus uns machen will. Zu sein ist unser Leben.
1893 543 2957 604 Unser Geist ist. Im Geist sind wir Menschen nicht
1890 595 2954 652 Mensch. Geister zu sein, sehnen wir uns. Wo ist der
1890 643 2954 711 Geist im Theater? Er erscheint nur dem Hamlet und
1890 695 2946 756 spricht als ein alter Mann voll geistiger Getränke. Der
1890 740 2954 805 Dichter verscheidet und gibt seinen Geist von sich. Das
1887 787 2400 864 Publikum hat keinen Geist.
1962 823 2949 905 Im Sturm fährt der Geist herab. Das Gelächter
1887 891 2949 963 tötet den Ungeist. Das Theater will durchhalten, weil es
1887 946 2949 1002 unterhalten will. Wir aber siegen, weil wir kämpfen.
1962 980 2949 1044 Der Geist besiegt die Masse. Der Geist ergreift die
1883 1022 2942 1108 Masse. Das Publikum wird nie den Geist begreifen. Aber
1885 1087 2946 1146 einmal weichen die endlichen Instinkte der unendlichen
1889 1137 2944 1206 Sehnsucht. So wahr die Macht der Unendlichkeit größer
1886 1179 2943 1257 ist als die Kraft der Endlichkeit. Das geistige Erlebnis
1886 1236 2946 1299 ist das Ende des endlichen Lebens. Das geistige Reich
1887 1286 2943 1354 ist angebrochen. Die Zeit der Armut ist vorbei. Wir
1878 1334 2946 1386 leben nicht mehr. Wir erleben. Bruder um Bruder.
1882 1378 2952 1431 Schwester um Schwester. Mensch um Tier. Tier um
1882 1424 3011 1500 Blume. Volk ist Menschheit, Leben erlebt die Welt
1883 1468 2939 1536 Wir sind die Welt. Was gehen uns die Bretter an, die
1876 1523 2943 1589 die Welt bedeuten. Die Bretter bedeuten nichts. Die
1883 1565 2932 1633 Welt bedeutet nichts. Nichts deutet die Welt. Wir
1869 1620 2939 1690 künden die Welt. Die Welt kündet uns. Der Lebende
1872 1676 2939 1737 schaut dem Werden zu. Der Erlebende schaut das Sein.
1875 1714 2937 1786 Der Geist ist keine Oeffentlichkeit. Der Geist ist eine
1875 1766 2930 1833 Innerlichkeit. Der Geist ist kein persönliches Ziel. Der
1875 1818 2929 1878 Geist ist die Gegenwart des All. Allgegenwärtig ist er
1875 1865 2930 1925 im geistmächtigen Menschen. Es gibt kein Publikum.
1875 1914 2930 1966 Wir sind keine Zuschauer. Wir sind Schauende. Das
1876 1965 2932 2017 Theater ist eine öffentliche Versammlung. Die Schauen¬
1865 2028 2930 2085 den haben die innere Sammlung. Das Theater ist leer.
1878 2062 2933 2127 Wir sehen die Leere des Theaters. Das Theater hat
1866 2101 2929 2168 kein Gesicht. Keine Gesichte sind im Theater gestaltet.
1866 2155 2925 2220 Darauf kommt es an. Wir wollen die Unendlichkeit sehen.
1875 2208 2925 2293 Das ist nicht belustigend. Das ist nicht belehrend. Das
1869 2255 2353 2322 ist die Macht der Kunst.
1935 2290 2928 2370 Die neue Zeit ist da. Die Persönlichkeit ist eine
1866 2358 2928 2411 lächerliche Wichtigkeit. Der Gernegroß Publikum beißt
1862 2410 2921 2472 um sich. Den Geist kann man nicht beißen. Die Mensch¬
1859 2463 2929 2518 heit hat ihr inneres Reich aufgerichtet. Kunst ist seine
1861 2501 2918 2564 Kunde. Das Publikum fällt. Ihm gibt es keine Auf¬
1859 2557 2919 2625 erstehung. Der Vorhang ist gefallen. Das Haus ist leer.
1938 2600 2925 2671 Wir sind voll Kunst. Wir künden. Wir stürmen.
1859 2652 2919 2722 Lacht mit uns. Lacht die Leiche tot, die zappeln will.
1864 2701 2919 2753 So leb denn wohl, du altes Haus. Kündet mit uns.
1861 2750 2919 2815 Stürmt mit uns. Mit-Menschen sind wir. Alle Himmel
1861 2795 2401 2860 rauschen über der alten Erde.
1932 2840 2722 2909 Die Zeit schreit. Wir sind die Stimme.
1861 2980 2846 3082 Die Gegenwart der deutschen Bühne
1927 3098 2906 3157 Herr Fritz Engel, der Theaterheld des Berliner Tage¬
1861 3142 2915 3206 blatts, streckt beinahe seine ulkigen geistigen Waffen
1861 3203 2912 3260 vor Herrn Doktor Arthur Schnitzler. Herr Doktor
1854 3233 2912 3313 Schnitzler kämpft bekanntlich Schulter an Schulter mit
1851 3292 2919 3351 Ludwig Fulda um die Bühne als moralische Anstalt.
1849 3344 2919 3415 Beide Herren sind ferner bekanntlich so geistvoll, daß
1858 3401 2922 3462 ihnen die Wiener und die Berliner Presse die vorzügliche
1858 3444 2912 3512 Hochachtung nicht versagen kann, trotzdem sie beide
1847 3512 2912 3576 an keiner Redaktion angestellt sind. Herr Doktor Arthur
