3296 4352
185 166 1067 306 13. Miscellaneous
1229 181 1728 299 box 44/10
2717 1281 2957 1410 I
303 1513 3263 1713 JAHRBUCH DES THEATERS DER EXPRESSION.
332 1831 1333 1923 Inhalt: Lothar Schreyer: Die Theater¬
1484 1823 2484 1927 Heraus! Alle sollen sehen: Die Larve. Das Nichts.
2547 1846 3252 1964 ist die erste nicht. Nichts Menschli
1406 1908 2484 1975 Zertreten wir die Larven, und wenn sie sich mehren wie
262 1897 1336 1982 leiche Herwarth Walden: Die Gegenwart
2547 1927 3211 2004 Die Kunst ist nichts Menschliches.
1406 1960 2477 2030 Karnickel. Dann fliegt das Nichts in die Luft. Vexer¬
258 1979 1333 2052 der deutschen Bühne Die Zukunft der
2621 1979 3090 2067 Mensch mach ein Ende!
1403 2004 2355 2104 bild: Wo ist die Jungfrau? Lang lang ist's her¬
255 2026 1333 2115 deutschen Bühne Der Sohn der Jungfrau
1480 2056 1646 2137 Heraus!
266 2093 1325 2163 von Orléans Das Tagebuch der S...
2621 2097 3282 2200 Der Theaterbesucher ist kein Me¬
255 2134 1333 2218 Lothar Schreyer: Weihnachtsmärchen Deutsche
2536 2167 3256 2248 kennen wir, daß wir nicht Besucher
262 2200 1336 2278 Theaterkultur Herwarth Walden: Die Helden
2543 2233 3282 2300 Hauses sind, daß man uns dazu gem
258 2259 1336 2333 von der Presse beim Held vom Wald Die
1488 2230 2469 2329 Das Theater geht solange zum Publikum, bis der
2543 2292 3252 2359 wissen wir, daß wir Menschen sind
1406 2303 2477 2377 Mensch sich bricht. Alle Theater wollen zum Brechen
244 2307 1333 2418 Kunst dem Volke Anmerkungen Mitteilungen
2540 2329 3282 2410 etwas aus uns machen will. Zu sein
1406 2370 2466 2440 voll sein. Bruch. Einem dringenden Bedürfnis ab¬
2547 2381 3267 2447 Unser Geist ist. Im Geist sind we
1403 2414 2462 2506 zuhelfen. Du fühlst mit diesem Drang im Leibe. Hilfe
2540 2429 3256 2492 Mensch. Geister zu sein, sehnen wir
1403 2466 1565 2536 tut not.
2540 2481 3256 2543 Geist im Theater? Er erscheint nur
1476 2517 2469 2584 Etwas Gewaltiges ist der Mensch. Raum ist in der
251 2488 738 2610 Die Theaterleiche
2536 2536 3282 2599 spricht als ein alter Mann voll geistige
1395 2558 2469 2639 kleinsten Hütte. Pärchen ohne Paarung sind prosaisch.
2536 2573 3270 2658 Dichter verscheidet und gibt seinen Ge¬
251 2576 657 2687 Lothar Schreyer
1392 2621 2462 2695 Daher der Name Prosadichter. Das Volk der Denker
2540 2628 3045 2713 Publikum hat keinen Geist
1395 2665 2469 2735 und Dichter. An ihren Werken sollst du sie erkennen.
321 2658 675 2743 Das ist das Ende.
2610 2639 3270 2735 Im Sturm fährt der Geist herab
2536 2717 3282 2783 tötet den Ungeist. Das Theater will du
1469 2728 2455 2791 Das Theater ist ein Geschäft. Es wird mit Ge¬
336 2687 1318 2791 Schaustellung im öffentlichen Haus. Dem Familien¬
2532 2772 3270 2846 unterhalten will. Wir aber siegen
251 2746 1321 2861 vater läuft das Wasser im Munde zusammen. Die
1395 2780 2462 2842 schöpfen gehandelt. Es wird mit Schöpfern gehandelt.
2602 2827 3248 2879 Der Geist besiegt die Masse. Der
244 2820 1314 2894 l'amilienmutter löffelt die Suppe aus. Die Familienkinde
1395 2827 2462 2898 Mädchenhändlern läßt man ihre Ruhe nicht. Wir sind
2529 2846 3285 2949 Masse. Das Publikum wird nie den Gei¬
1395 2879 2462 2942 Gemütsmenschen. Wir wissen Unterschiede zu machen.
251 2883 1321 2953 werden paarweise erbrochen. Es ist eine Kunst zu leben.
2536 2927 3278 2986 einmal weichen die endliche Instinkte
1395 2923 2466 2997 Wer scheidet Schöpfung vom Geschäft? Kunst ist
321 2927 1321 2990 Jedermann weiß, daß die Beinstellung die einzig
2529 2971 3282 3031 Sehnsucht. So wahr die Macht der Un¬
240 2953 1318 3034 wahre Stellung zum Leben ist. Meine Beine, deine Beine,
1388 2971 2458 3049 Schöpfung. Ist Theater Kunst? Für alle Gemüts¬
2529 3019 3263 3079 ist als die Kraft der Endlichkeit. Das
244 3016 1321 3093 heißt das beliebte Spiel. Es ist zum Davonlaufen. Weißt
1388 3019 2447 3086 menschen. Gemütsmensch ist das Mensch, bei dem e¬
2532 3067 3267 3130 ist das Ende des endlichen Lebens.
240 3075 1310 3163 du, wieviel Beinlein stehen? Nach der bekannter
1388 3079 2455 3138 nur die Ruhe machen kann. Und wenn die Welt brennt,
2517 3112 3259 3189 ist angebrochen. Die Zeit der Armut
244 3119 923 3197 Melodie. Frage Schillern, Goethen.
1384 3119 2451 3186 nur immer gemütlich. Wie wohl ist dem, der dann und
2529 3163 3282 3222 leben nicht mehr. Wir erleben. Bri¬
1384 3178 2455 3237 wann sich etwas Schönes dichten kann. Und wenn man's
314 3145 1310 3241 Einsam bin ich nicht alleine. Wenigstens einen Stel¬
2517 3211 3263 3282 Schwester um Schwester. Mensch un
1384 3219 2444 3285 nicht kann, geht man ins Theater. Dort wird einem vor¬
240 3219 1299 3285 platz kannst du dir kaufen. Tausend Menschen ver
2521 3263 3282 3341 Blume. Volk ist Menschheit, Leben
1384 3274 2362 3337 gedichtet, daß es mit Natürlich wei¬
236 3274 1307 3355 laufen sich, daß die Kasse ausverkauft hat. Alles is
2532 3315 3267 3370 Wir sind die Welt. Was gehen und
240 3307 790 3370 käuflich, nur nicht die Kunst.
1384 3311 2451 3377 Natur. Lebendig wie das Leben. Das Leben ist ein
2525 3355 3263 3433 die Welt bedeuten. Die Bretter bede
1388 3363 2440 3444 Theater, ach ja, Krachen ist schön, aber bitte nich
314 3344 1307 3429 Man sieht ihr ihre Jahre nicht an. Der Kenner
2517 3400 3248 3470 Welt bedeutet nichts. Nichts deutet
1381 3414 2086 3481 schießen. Das stört die Verdauung.
240 3414 1307 3481 wackelt mit dem Denkorgan. Der Mensch denkt. Das
2517 3448 3259 3510 künden die Welt. Die Welt kündet un
236 3451 1310 3525 Mensch lenkt. Die Kunst sollte sächlich sein. Dann er¬
1451 3444 2436 3529 Die Hauptsache im Theater ist, daß man die edlere
2514 3499 3256 3555 schaut dem Werden zu. Der Erlebende
240 3507 1307 3581 kennt man wenigstens, ob sie gegenständlich ist oder
1381 3510 2433 3599 Funktionen nicht stört. Man behandle das Publikum wie
2510 3544 3285 3614 Der Geist ist keine Oeffentlichkeit. Da
240 3558 927 3625 nicht. Nun — das Theater ist: Das
1381 3562 2082 3640 ein rohes Ei. Bitte nicht, Kolumbus
2514 3595 3285 3654 Innerlichkeit. Der Geist ist kein persön
314 3606 642 3676 Das so nebenbel.
1447 3581 2440 3680 Erkenne dich selbst. Und erst auf dem Theater. Das
2510 3643 3267 3721 Geist ist die Gegenwart des All. Allge¬
317 3617 1310 3717 Das ist eine Sache. Das ist eine Nebensache.
1384 3665 2433 3750 beruhigt. Sind wir doch allzumal Sünder. König und
2506 3691 3278 3772 im geistmächtigen Menschen. Es gibt
233 3684 1299 3769 Sachlich gesprochen ist die Nebensache nicht notwendig
1381 3717 2429 3806 Bettler, Schulter an Schulter. Von sonstigen Be¬
2514 3739 3267 3809 Wir sind keine Zuschauer. Wir sind
240 3754 1299 3824 Aber wir schmeicheln uns, Bedürfnisanstalten zu haben
1369 3772 2433 3850 ziehungen ganz zu schweigen. Man denke an das kleine
2506 3787 3282 3876 Theater ist eine öffentliche Versammlung
229 3795 1296 3894 Denn wir sind ein Kulturvolk. Wir wissen, was sich ge¬
1377 3813 2218 3894 Schlaganfälschen. du mein Heimat-Land!
2506 3843 3241 3924 den haben die innere Sammlung. Das
225 3846 879 3924 hört. Es lebe das Kulturtheater.
1443 3854 2429 3961 Die Welt ist eine Hühnerleiter. Die weltbedeutenden
2510 3887 3208 3950 Wir sehen die Leere des Theaters.
310 3872 1307 3964 immer feste druft. Die Liebe höret nimmer auf.
1369 3913 2425 3990 Bretter sind auf dem Holzwege. Alle Wege führen nach
2503 3935 3256 4005 kein Gesicht. Keine Gesichte sind im
233 3924 1307 4038 Ach Otto Ernst, was du mir alles ernst. Ernst ist das
1369 3968 2425 4031 kom. Nur ein Weg führt zur Kunst: das Kunstwerk
2499 3987 3270 4046 Darauf kommt es an. Wir wollen die Une
233 3994 790 4060 Theater, heiter ist die Welt.
1373 4012 2425 4086 Die Kunst ist nicht in Rom. Wer sich der Welt ergibt
2499 4035 3245 4108 Das ist nicht belustigend. Das ist nich
306 4009 1299 4105 Die Bretter, die die Welt bedeuten. Das heißt eine
1369 4064 2425 4131 ist bald allein. Der Eine ist das im Kunstwerk. Alle sind
2499 4083 2990 4145 Ist die Macht der Kunst.
236 4071 1299 4164 Welt. Das heißt deine Welt. Das Publikum lacht sich
1369 4116 2425 4171 in Theater allein. Mit allen Mittel faut das Theater alle.
2569 4131 2842 4171 Die neue
