3392 4352
210 207 350 307 13.
397 210 1077 327 Miscellaneous
1247 217 1694 313 box 44/9
313 520 700 643 den Relander
880 550 1344 663 R. Reichert.
603 603 807 683 Hilversum
1073 633 1364 707 Apeldoor
320 620 700 730 Haarles Dagblad
870 653 1307 757 Nieuwe Rotterd. Crt.
630 683 810 770 Haarlem
1033 707 1367 777 Rotterdam
307 720 657 830 Leitsch Dagblad
873 740 1357 840 De Rotterdammer (Chr.
573 780 807 877 Leiden
1047 810 1364 883 Rotterdam
310 810 517 910 Masbode
867 837 1323 937 De Vriz, Democraat
590 860 817 957 Rotterdam
1190 900 1360 977 Haarlem,
360 907 683 1013 1936
913 927 1133 1013 Ochtend¬
1173 963 1327 1047 Editie.
913 990 1093 1043 Avond¬
1370 1077 3150 1157 fin afgewogen en behooren tot het beste proza gegeven. De geschiedens krijgt hierdoor iets
1377 1147 2257 1203 van het Duitsche taalgebied; prachtig en
2284 1143 3140 1197 plastisch, dat nu en dan tot groote monumen¬
663 1127 1113 1223 Letterkunde
1377 1187 2244 1233 vol zijn de schilderingen van een, in de phan¬
2277 1190 3147 1250 taliteit stigt. Toch blijft het geheel slechts een
667 1183 767 1263 .
1380 1223 2244 1273 tasie van den hoofdpersoon beliefde Ooster¬
2280 1223 3147 1267 voorspel voor den Davidcyclus, welken de
2277 1263 3140 1310 dichter als religieus-national „Festspiel wi
1374 1263 2244 1313 sche tempelorgie. De psychologische uitpluizeri¬
473 1263 1330 1367 Richard Beer-Hofmann.
2274 1300 3140 1347 doorzetten. Na een arbeid van nog veertier
1380 1303 2247 1357 tot aan een denkbeeldig huwelijk staat in
2274 1340 3144 1390 jaren werd in 1932 het eerste hoofddeel Der
1374 1347 2244 1407 nau verband tot den kring van Freuden
1374 1370 1580 1440 Schnitzler.
2270 1387 3147 1434 junge David voltood, dat na een bibel¬
487 1340 1327 1464 Bij zijn geventigsten geboortedag.
2277 1424 3140 1467 schen prolog, de opneming van de stammede
1410 1397 2244 1490 Het volgende belangrijke werk ontstaat eerst
2267 1460 3134 1500 Ruth, de gebeurtenissen van de vervolging var
497 1437 1347 1534 Dedichter, die morgen zijn zeventigsten
2270 1497 3137 1547 David door Saul tot den dood van den laatste
467 1487 1334 1574 verjaarag viert, behoort tot de belangrijkste
2270 1537 3144 1584 door de Filistinen en de kroning van den
463 1544 1337 1607 gestalten van het oude Oostenrik, tot den
2270 1574 3150 1620 jongen koning bevat. De tegenstellingen in het
457 1574 1344 1657 kleinen vriendenkring om Schnitzler en Hugo
2274 1614 3140 1660 lot van Saul en David worden auidelijk. De
467 1624 1340 1684 von Hofmannsthal, met wie hij gezamenlijk de
2260 1654 3140 1700 oder wordende, wantrouwende heerscher, die
470 1657 1347 1724 jaren zijner jeugd sleet. In den zomer van
2264 1687 3134 1737 overwonnen wordt, en de jonge gezalfde krigs¬
467 1704 1340 1757 1932 had it — aan een omvangrijken weten¬
2267 1730 3140 1774 man, die in zeer zware gewetensconflicten in
463 1744 1344 1800 schappelijken arbeid bezig — gelegenheid dr.
2270 1767 3140 1817 dienst van den koning der Filistijnen en als
467 1774 1337 1837 Beer-Hofmann te zijnen huize te Weenen te
2260 1800 3144 1864 onderdaan van Saul en vriend von Jonathan
460 1814 1337 1897 bezoeken en met hem vele levendige gesprekken
2254 1844 2417 1907 geraakt,
460 1857 1133 1914 over litteraire problemen te voeren
2287 1867 3124 1930 David moet, gelijk Job. nog het zwaarste li¬
497 1894 1340 1960 De villa van den dichter in de Weensche
2260 1914 3134 1967 den doorstaan voordat hij, na den plotselingen
460 1930 1344 1997 voorstad Wahring is een groot bouwerk van
2250 1964 3130 2010 dood van zijn derde vrouw Macha, tot koning
457 1977 1337 2030 den, aan het einde der vorige eeuw bekenden,
2254 2000 3137 2050 gekroond en uitgeroepen werd. De groote liin,
457 2014 1337 2070 architect Josef Hoffmann. Het medieren
2250 2040 3137 2080 die van Jacob naar Ruth en van deze naar
460 2047 1340 2107 tuinhek vertoont een Davidsschild, als een
2250 2074 3137 2124 koning David loop, toont het religieus-my¬
460 2090 1337 2147 teeken dat de dichter zijn heele leven het
2254 2114 3134 2160 tieke der historische opvatting van Beer-Hof¬
450 2137 1334 2207 Jodendom en zijn bibelsch-historische wereld
2250 2154 3137 2200 mann, welke wij volledig afgeron eerst na de
457 2164 587 2224 beleed
2254 2190 3127 2237 volttooring van den geheelen cyclus zullen kun-
490 2184 1337 2270 De eerste indruk was reeds belangrijk. Men
2250 2227 3130 2274 nen zien. Het is intusschen uiterlijk een gering
460 2234 1327 2300 vindt hier in reproductie het portret van Beer¬
2254 2270 3134 2314 levenswerk van enkele deelen, dat voor het
457 2280 1330 2347 Hofmann als vijftigjarige, met de in de verte
2260 2304 3134 2350 grootste deel bij den ouden Fischer verlagte
453 2327 1334 2394 staende, peinzende oogen en baard. De zes-en-
2250 2344 3130 2394 Berlin is verschenen, welke voornamelijk op
453 2364 1330 2427 sestig-jarige leek, hiermee vergeleken, bina
2250 2380 3130 2424 den kring der Weensche schrijvers rondom
453 2404 1330 2464 jonger; een middelmatig groote figur en
2250 2420 3130 2467 Hofmannsthal steunde. Van het essayistische
447 2440 1327 2487 scher gesneden trekken, de keurig gekripte
2254 2464 3134 2507 taalvermogen van Beer-Hofmann getugt dann
457 2480 1323 2530 sik en het haar waren een weinig gris geworden
2250 2500 3130 2544 een kleine, wonderlijk moe rede over Mozart
453 2517 1323 2580 Dwingend echter blikten de oogen den bezoeken
2254 2534 3127 2577 uit 1906, welke als een verrukkelijke variatie
450 2557 1170 2620 met bijna suggestive kracht tegemoet
1570 2544 2010 2634 Richard Beer-Hofmann.
2254 2574 3134 2614 van den Mohammed van Goethe over het
493 2587 1323 2647 Wij spraken vooral over zijn jeug, die hi
2254 2610 3127 2654 musikale gene van Oostenrijk gaat, dat van de
1350 2617 2214 2684 in 1904. Na de eeuwswisseling deelden Hof¬
450 2624 1323 2684 in nauwe vriendschap met Hugo von Hofmanns¬
2254 2647 3127 2697 zingende en klinkende barok-stad Salzburg mit
1357 2667 2220 2720 mannsthal en Beer-Hofmann hetzelfde stre¬
450 2674 1330 2720 thal had doorgebracht. Beer-Hofmann behoorde
2250 2690 3130 2730 de groote wereld in trok en haar met zijn kunst
1364 2707 2227 2757 ven, onbekende treurspelen uit de Engelsche
450 2710 1330 2764 tot den litterairen kring van Café Griensteidl,
2254 2727 3124 2770 betooverde. Van de vereering van den schrijven
1350 2737 2220 2807 litteratur ten tijde van Elizabeth te doer
457 2754 1323 2807 waar omstrecks 1890 de jong-Weensche littera¬
2250 2767 3124 2807 voor Goethe getugt de groote bewerking van
1354 2787 2227 2837 herleven. De kring om Shakespeare is voor
453 2784 1317 2837 toren van de fin de siècle, onder leiding var
2250 2804 3134 2854 Faust in 1932, welke hij voor het Weensche
453 2827 1334 2877 Hermann Bahr samenkamen. Als jonge man
1354 2827 3127 2884 alle jonge drama-schrijvers de voornaamste Burgtheater tot stand bracht en waarvan het
450 2870 1323 2920 van gegoeden huize studeerde hy eerst rechten
1350 2867 3124 2934 invloedsfeer geworden en ook Beer-Hofmann eerste en tweede deel op een avond in zes nur
453 2910 1317 2954 en leefde daarnaast geheel voor zijn litteraire er
1354 2910 2224 2954 vindt hier aansluiting by den grooten drama¬
2254 2920 3124 2964 gegeven werden; een koen en interessant ex¬
447 2947 1313 2994 aesthetische behoeften. Hij verzamelde moi¬
1350 2940 2430 3000 tischen vorm. Tezelfder tijd als Hofmannsthals periment.
450 2980 1330 3030 boeken en oude prenten, porselein — en ook
1350 2984 2214 3034 Gerettetes Venedig ontstaat in 1904
2284 2970 3117 3037 Verscheidene avonden mocht ik met den dich
447 3020 2217 3067 ongewone psychische stemmingen, zooals dat Beer-Hofmann's meesterlijke drama Der
2250 3030 3120 3077 ter en zijn echtgenoote in hun mooie Ween-
450 3064 1323 3110 in den tijd van het vroege symbolisme ge¬
1354 3067 3124 3110 Graf von Charolais, ontleend aan de sche woning en het Türkenschanzpark over
457 3100 1320 3144 bruikelijk was. Ongeveer in 1892 had de litteraire
1350 3100 3130 3154 intrige van een tooneelstuk in den barokstijl het ontstaan van zijn werken en den vrien-
450 3137 1320 3207 vriendenkring: Beer-Hofmann, Hofmannsthal,
1357 3140 3120 3190 van Massinger en Field, The Fatal denkring spreken. De overvloed der herinnerin¬
450 3177 1320 3227 Salten en Schnitzler zich verbrekelijk
1347 3177 2227 3234 Dowry. Het origineel is een echte gruel¬
2250 3190 3124 3234 gen opkomend uit dien ouden tijd was verras¬
440 3220 1323 3267 aaneengesloten; vier vrienden, die in een echte
1350 3220 2214 3270 tragedie uit de Engelsche zeventiende eeuw
2250 3227 3130 3264 send. Zij werden nog aangevuld door de lec¬
443 3250 2210 3310 werkgemeenschap met elkaar leeden, en in de Beer-Hofmann vormt daaruit een geheel zelf
2244 3257 3124 3307 tuur van de jeugdbrieven, vooral die van Hof¬
447 3290 1317 3340 bekoorlijke omgeving van Weenen samen fiets¬
1350 3300 3124 3344 standig werk, dat met het volste recht aan mannsthal aan den dichter; daarom mogen tot
440 3327 3120 3377 tochten maakten. Veel hiervan heeft Schnitzler zijn eigen scheppingsarbeid kan worden toe- slot eenige regels uit zoo een brief volgen, om¬
440 3367 1320 3420 in zijn roman Der Weg ins Freie vast¬
2247 3367 3117 3417 dat zij den schoonsten persoonlijken karaktertrek
1350 3377 2217 3427 geschreven een groote tragedie voll van het
443 3410 1323 3457 gelegd. De jonge schrijvers lazen elkaar hun
2244 3417 3114 3457 van den auteur Beer-Hofmann bevatten, uitge¬
1350 3417 2217 3467 dienste menschelijk inzieht, die zoowel van
443 3447 1313 3497 nieuwste werken voor, en onderwerpen die aan
1350 3454 3120 3497 taal als tooneel-technisch van voortreffelijke sproken door zijn belangrijksten vriend, en die
2244 3487 3117 3534 deze woorden heden zou herhalen, indien niet
440 3494 2210 3544 gemeenschappelijke kritik. Leespremière was kwaliteit is en onder Reinhardt talrijke ver¬
443 3524 1317 3570 de uitdrukking, die in dezen kring daarvoor
2244 3527 3117 3570 een al te vreed lot hem, in den bloei zijner
1350 3537 2217 3587 tooningen beleerde. De schoonste en rijkste
443 3567 1310 3614 werd uitgevonden. Loris Hermannsthal was de
1347 3564 3120 3620 gedeelten van dit belangrijke werk liggen in jaren, aan ons ontrukt had. Hofmannsthal
437 3600 1317 3650 jongste onder hen, bina een wonderkind in
2240 3597 2754 3660 schrift in 1897 uit Vasese:
1344 3617 2214 3664 de diepe en aangrijpende monologen, waarin
440 3640 1313 3690 zijn prille volmaaktheid, de geistesprinzliche
2280 3617 3110 3687 „Mijn beste Richard, Je bent zoove
1347 3647 2210 3700 de jonge Charolais over zijn gestorven vader
443 3680 1307 3727 Knabe, zooals Thomas Mann hem eens ge¬
2244 3657 3117 3724 rijper en voltooider dann ik en bezit van beide.
1347 3690 2214 3737 spreckt; maar verder ook in de figur van
440 3717 1307 3760 noemd heeft. Belangrijk zijn vooal de gezamen¬
2240 3724 3120 3764 goedheid en insicht in het juste, zoo veel meer,
1344 3737 2210 3777 „Roter Itzig, den Joodschen schuldeischer, die
440 3757 1313 3804 lijke zomerreizen in het Salkammergut en de
2240 3757 3110 3800 dat ik wel weet dat mijn vrientschap voor jo
1337 3767 2207 3820 zijn schuldvorderingen wil intrekken. Hier
440 3787 1310 3844 samenkomsten in de, door alle Oostenrijkers
2230 3790 3114 3854 niet die waarde kan hebben, die de jouwe voor
1350 3807 2214 3854 wordt meedoogenloos openhartig de gansche
2234 3834 2974 3884 mit heeft, maar een veel, veel geringere
447 3837 1317 3900 zoo geliefde stad Salzburg, waan kort daarop het
1344 3854 2207 3897 ellende van Shylock nog eens opnieuw getee¬
2260 3847 3107 3910 Ikal noot in staat zijn en zal ook noot
440 3874 1313 3920 denkbeeld der „Festspiele van Hofmannsthal
1347 3890 2214 3937 kend. Er ontstaat een blijvende figur, van
2237 3897 3104 3954 wenschen, uit het weese van mijn wezen de
443 3917 1307 3957 en Reinhardt ontstand. Over zoo een samen¬
1344 3930 2210 3974 Jodennood en Jodenellende op den drempe
2237 3940 3104 3994 draden te trekken, die een geschenk van jou
443 3947 1307 3994 komst schrift Hofmannsthal in een brief-gedich
1344 3970 2210 4011 van den nieuwen tijd, zonder de minste
2230 3984 3097 4031 zijn, alles zu uit elkaar vallen. Ik weet nau-
443 3994 1307 4034 aan Beer-Hofmann, in 1892, nadat hi over cer¬
1350 4011 3100 4071 idealiseerende verteekening, die tegelijk toont, keurig dat er geen mensch bestaat, aan wien il
443 4021 1313 4084 nieuw ontwerp voor een drama heeft gesproken:
1344 4051 2210 4104 hoe de Joden door het noodlot tot gehate en
2234 4064 3097 4107 zoo veel schuldig ben als aan jou. Hec ommerk¬
1347 4087 2014 4144 verachte menschen gemaakt werden
583 4077 1107 4144 Aber alles dieses wird sich
2234 4104 3100 4144 baar is dat gekomen. In de honderden gesprek¬
1377 4111 2210 4171 De dichter is hier door een caricaturale
2230 4117 3234 4187 ken, die wij in deze vijf jaar met elkaar gehad
587 4134 1170 4184 Finden, wenn in Strobl einmal
