3344 4352
228 247 383 348 13.
467 241 1089 342 nous
585 611 852 718 Extract from
605 704 819 782 Observer
595 764 842 858 LONDON
346 926 1019 1041 HOME OF THE
266 1050 1035 1153 WALTZ DREAM.
323 1231 1015 1338 AN ARCHDUKES
443 1332 887 1447 ROMANCE.
261 1507 1058 1609 FAMOUS RESTAURANT
512 1612 819 1712 CLOSED.
348 1756 963 1881 TO REOPEN WITH
562 1869 757 1970 ZZ.
280 2034 1039 2132 From our own Correspondent.
654 2104 1013 2182 VIENNA, Friday.
301 2140 1054 2221 Many have heard with regret that
257 2196 1054 2272 one of the most popular restaurants in
268 2250 1054 2309 Vienna, the "Eisvogel," once famous
265 2295 1054 2353 for its good music, is now closed and
257 2348 1054 2429 is to be modernised and to repen with
255 2387 368 2445 Jazz.
303 2416 1048 2501 The "Eisvogel" was more than an ordi¬
255 2470 1054 2544 nary eating place. It was the garden¬
259 2528 1048 2579 restaurant where all Vienna met. The old
261 2567 1050 2620 guest-book reveals that the late Archduke
251 2606 1050 2663 Francis Ferdinand and many other mem¬
261 2649 1058 2713 bers of the Habsburg family used to visit
253 2690 1054 2758 it on fine summer evenings to eat the river
253 2735 1050 2795 crab. Though old Austria possessed a
255 2785 1044 2830 side on the Adriatic. Trieste and the
255 2828 1052 2884 other harbour tons were too far from
257 2865 1044 2918 Vienna, and shellfish from the sea were
251 2910 1048 2956 rare. But the ordinary river crab was
251 2953 1048 2993 a fashionable dish, and even archdukes
249 2989 1043 3042 came to this apparently simple restaurant
255 3015 469 3069 to enjoy it.
296 3028 1044 3104 Not only are dukes and actresses,
249 3069 1048 3141 bankers and society people liked to come
261 3124 1050 3172 to the Elsvogel," but also famous writers
249 3168 963 3209 and composers were frequent guess.
251 3198 1029 3242 had simple but excellently cooked Au¬
249 3235 1043 3291 trian food, with wines from the neigh¬
251 3264 1050 3318 bouring hills; and on a small platform on
251 3310 1046 3353 one side of the garden a ladies' orchestra,
251 3342 1039 3384 in white cotton dresses with a red si
255 3377 1041 3445 ribbon round the shoulders, played Vien¬
255 3413 463 3458 nese tunes
288 3423 1043 3499 I was told that Oscar Strauss, dining
255 3474 1037 3528 here with his two libretto writers, got the
257 3520 1043 3565 idea of a love story from the conductor of
245 3555 1044 3604 the "Eisvogel" band and an archduke
245 3596 1044 3657 who was seated at one of the tables. Thus
245 3631 700 3682 at the "Eisvogel" the
727 3627 1021 3686 Waltz Dream
245 3659 436 3711 was born,
288 3672 1037 3748 Arthur Schnitzler, Lehar, and Kalman
245 3734 1037 3783 were also among the patrons of the res¬
251 3769 1043 3820 taurant. And now it is clos, awaiting
245 3802 1043 3853 reopening as a fashionable restaurant
245 3847 1037 3890 with a jazz-band, but devoid of the spirit
251 3882 1039 3929 which once inspired Schnitzlers Ana¬
245 3909 603 3972 tol and Strauss's
640 3921 904 3972 Waltz Dream.
1282 239 1708 342 box 449
1706 1708 2540 1784 CASINOS IN OSTERREICH
1801 1778 2441 1838 Baden / Salzburg / Semmering
1702 1830 2538 1889 Roulette — Baccara — Chemin de fer
1702 1896 2532 1941 Österreichische Casino A. G.
1708 1933 2534 1992 Wien III, Schwarzenbergplatz 5a
1700 2011 2476 2153 „OBSERVERGNATIS
1945 2099 2536 2169 1. österr. behördlich konzessioniertes
1941 2165 2538 2208 Unternehmen für Zeitungs-Ausschnitte
1935 2202 2546 2272 Wien I. Wollzeile 11, Telephon R-23-0-43
1706 2363 2044 2441 Ausschnitt aus:
1741 2439 2301 2540 Biblioteks Bhdet,
1941 2509 2270 2581 Stockholm,
1879 2565 2248 2651 Nr. 11/1936.
1706 2581 1821 2661 vom
1811 2620 2161 2700 Karl Wache
1815 2659 2462 2766 Modern Oesterrikisk
1817 2739 2099 2838 Diktning.
1435 2855 2925 2914 Den liberala diktingens havdrepresentanter Hofmannsthal, Schnitzler,
1371 2886 2935 2962 Wassermann och li dans la avidit under de senaste ren. Fran rikin-
1367 2935 2931 3005 gens yngre generation or framballas Felix Braun (f. 1885), som har skrivit
1373 2982 2927 3042 cu rad psykologiska romane, av vilka sarskilt Agnes Altkirchners ger en ut¬
1373 3030 2457 3093 markt bild av handelsen i Osterike ren 1913—1910
