<?xml version="1.0" encoding="UTF-8" standalone="yes"?>
<PcGts xmlns="http://schema.primaresearch.org/PAGE/gts/pagecontent/2013-07-15" xmlns:xsi="http://www.w3.org/2001/XMLSchema-instance" xsi:schemaLocation="http://schema.primaresearch.org/PAGE/gts/pagecontent/2013-07-15 http://schema.primaresearch.org/PAGE/gts/pagecontent/2013-07-15/pagecontent.xsd">
    <Metadata>
        <Creator>prov=READ-COOP:name=PyLaia@TranskribusPlatform:version=2.12.1:model_id=39995:lm=provided:date=29_03_2024_00:30</Creator>
        <Created>2019-10-07T20:38:23.537+02:00</Created>
        <LastChange>2024-03-29T00:30:45.901+01:00</LastChange>
        <TranskribusMetadata docId="224464" pageId="9579179" pageNr="13" tsid="156427172" status="IN_PROGRESS" userId="40391" imgUrl="https://files.transkribus.eu/Get?id=PUTYULWWVSFGCWEHPRPFEULS&amp;fileType=view" xmlUrl="https://files.transkribus.eu/Get?id=UGGDJUBBNRTIJFKACOLXPFZX" imageId="6208320"/>
    </Metadata>
    <Page imageFilename="224464_0013.jpeg" imageWidth="3392" imageHeight="4352">
        <ReadingOrder>
            <OrderedGroup id="ro_1712662302169" caption="Regions reading order">
                <RegionRefIndexed index="0" regionRef="tr_1"/>
            </OrderedGroup>
        </ReadingOrder>
        <TextRegion orientation="0.0" id="tr_1" custom="readingOrder {index:0;}">
            <Coords points="382,319 382,4018 3017,4018 3017,319"/>
            <TextLine id="tr_1_tl_1" custom="readingOrder {index:0;}">
                <Coords points="579,419 1072,370 1083,276 1016,265 947,281 838,263 684,308 593,305"/>
                <Baseline points="593,405 618,398 644,393 670,389 696,386 721,383 747,381 773,379 799,375 825,372 850,371 876,368 902,364 928,361 954,358 979,356 1005,353 1031,350 1057,346 1083,343"/>
                <TextEquiv>
                    <Unicode>OBSERVER</Unicode>
                </TextEquiv>
            </TextLine>
            <TextLine id="tr_1_tl_2" custom="readingOrder {index:1;}">
                <Coords points="582,479 1110,444 1112,403 1059,386 1005,410 891,394 807,426 758,408 588,421"/>
                <Baseline points="596,468 621,468 647,464 673,461 699,460 725,458 751,456 776,455 802,453 828,449 854,446 880,445 906,443 932,441 957,438 983,435 1009,433 1035,431 1061,429 1087,426 1113,423"/>
                <TextEquiv>
                    <Unicode>Erstes österreichisches be¬</Unicode>
                </TextEquiv>
            </TextLine>
            <TextLine id="tr_1_tl_3" custom="readingOrder {index:2;}">
                <Coords points="588,528 1119,490 1121,446 1072,439 912,466 691,468 662,486 593,477"/>
                <Baseline points="602,516 628,513 654,513 680,513 706,509 732,506 758,502 785,501 811,501 837,499 863,497 889,494 915,491 941,489 968,488 994,485 1020,482 1046,479 1072,478 1098,476 1125,474"/>
                <TextEquiv>
                    <Unicode>hördlich konzessioniertes</Unicode>
                </TextEquiv>
            </TextLine>
            <TextLine id="tr_1_tl_4" custom="readingOrder {index:3;}">
                <Coords points="591,573 735,573 776,559 802,573 834,555 885,557 889,515 789,517 769,508 740,530 731,519 684,530 669,522 655,533 595,526"/>
                <Baseline points="605,564 631,563 657,562 683,560 709,558 735,555 761,552 787,550 813,548 839,547 865,544 892,540"/>
                <TextEquiv>
                    <Unicode>Unternehmen</Unicode>
                </TextEquiv>
            </TextLine>
            <TextLine id="tr_1_tl_5" custom="readingOrder {index:4;}">
                <Coords points="600,624 778,626 932,600 987,617 1052,588 1130,604 1134,528 1001,535 938,562 885,548 798,573 771,559 604,575"/>
                <Baseline points="611,614 637,614 663,611 689,608 716,606 742,604 768,603 795,601 821,599 847,597 874,595 900,592 926,590 952,588 979,585 1005,582 1031,580 1058,578 1084,577 1110,575 1137,573"/>
                <TextEquiv>
                    <Unicode>für Zeitungsausschnitte</Unicode>
                </TextEquiv>
            </TextLine>
            <TextLine id="tr_1_tl_6" custom="readingOrder {index:5;}">
                <Coords points="370,704 406,718 428,709 441,720 466,700 477,709 526,695 544,704 591,704 604,693 635,700 637,653 591,620 493,640 374,635"/>
                <Baseline points="382,698 407,696 433,694 458,692 484,690 510,689 535,687 561,685 586,683 612,686 638,689"/>
                <TextEquiv>
                    <Unicode>WIEN, I.,</Unicode>
                </TextEquiv>
            </TextLine>
            <TextLine id="tr_1_tl_7" custom="readingOrder {index:6;}">
                <Coords points="374,789 568,753 818,760 907,727 1083,735 1139,718 1146,655 816,655 653,713 604,693 381,718"/>
                <Baseline points="388,764 425,759 463,756 501,753 539,749 577,745 615,742 653,737 691,734 729,732 767,729 804,727 842,724 880,719 918,716 956,714 994,709 1032,706 1070,703 1108,701 1146,698"/>
                <TextEquiv>
                    <Unicode>Wollzeile 11. Telephon R 23-0-43</Unicode>
                </TextEquiv>
            </TextLine>
            <TextLine id="tr_1_tl_8" custom="readingOrder {index:7;}">
                <Coords points="381,914 528,903 557,927 657,885 709,891 715,827 680,822 620,847 573,836 557,845 524,825 479,856 466,842 388,834"/>
                <Baseline points="394,901 420,897 447,895 474,893 501,891 528,887 555,885 581,883 608,881 635,879 662,878 689,875 716,871"/>
                <TextEquiv>
                    <Unicode>Ausschnitt aus</Unicode>
                </TextEquiv>
            </TextLine>
            <TextLine id="tr_1_tl_9" custom="readingOrder {index:8;}">
                <Coords points="764,1039 789,1048 860,1027 929,1048 1059,994 1186,1012 1192,929 1175,918 992,947 945,896 883,918 845,903 776,916"/>
                <Baseline points="779,1017 804,1018 830,1020 856,1020 882,1020 908,1016 934,1013 960,1012 986,1009 1011,1005 1037,1002 1063,998 1089,993 1115,990 1141,988 1167,987 1193,985"/>
                <TextEquiv>
                    <Unicode>24. N 1630</Unicode>
                </TextEquiv>
            </TextLine>
            <TextLine id="tr_1_tl_10" custom="readingOrder {index:9;}">
                <Coords points="392,1054 406,1059 430,1056 446,1068 457,1063 464,1068 477,1056 506,1045 524,1050 528,1001 506,1005 490,992 479,996 472,987 439,1005 394,1001"/>
                <Baseline points="405,1047 435,1044 466,1040 497,1039 528,1041"/>
                <TextEquiv>
                    <Unicode>vom</Unicode>
                </TextEquiv>
            </TextLine>
            <TextLine id="tr_1_tl_11" custom="readingOrder {index:10;}">
                <Coords points="419,1212 615,1168 729,1224 1473,1197 2115,1246 2189,1228 2186,1146 415,1110"/>
                <Baseline points="429,1167 517,1170 605,1173 693,1176 781,1179 870,1179 958,1184 1046,1187 1134,1188 1222,1192 1311,1196 1399,1199 1487,1199 1575,1202 1663,1205 1752,1208 1840,1208 1928,1210 2016,1214 2104,1214 2193,1214"/>
                <TextEquiv>
                    <Unicode>Der Fischer-Verlag nach Wien übersiedelt</Unicode>
                </TextEquiv>
            </TextLine>
            <TextLine id="tr_1_tl_12" custom="readingOrder {index:11;}">
                <Coords points="486,1261 1192,1288 1290,1279 1290,1228 484,1217"/>
                <Baseline points="498,1247 537,1247 577,1249 617,1252 657,1253 697,1254 737,1257 776,1259 816,1259 856,1262 896,1262 936,1264 976,1265 1016,1265 1055,1265 1095,1266 1135,1269 1175,1271 1215,1271 1255,1271 1295,1274"/>
                <TextEquiv>
                    <Unicode>Die heutige „Wiener=Zeitung" bringt die</Unicode>
                </TextEquiv>
            </TextLine>
            <TextLine id="tr_1_tl_13" custom="readingOrder {index:12;}">
                <Coords points="1377,1282 2180,1306 2177,1261 1970,1266 1912,1228 1696,1219 1587,1257 1377,1228"/>
                <Baseline points="1390,1274 1429,1279 1469,1280 1508,1280 1548,1282 1587,1283 1627,1284 1666,1286 1706,1289 1745,1289 1785,1289 1825,1289 1864,1291 1904,1292 1943,1293 1983,1295 2022,1295 2062,1295 2101,1298 2141,1296 2181,1292"/>
                <TextEquiv>
                    <Unicode>Dr. Bermann-Fischer hat seine Verlags¬</Unicode>
                </TextEquiv>
            </TextLine>
            <TextLine id="tr_1_tl_14" custom="readingOrder {index:13;}">
                <Coords points="426,1306 1270,1326 1284,1279 423,1248"/>
                <Baseline points="438,1292 480,1289 523,1289 565,1291 608,1294 650,1295 693,1297 735,1300 778,1301 820,1301 863,1302 906,1304 948,1305 991,1307 1033,1308 1076,1311 1118,1312 1161,1310 1203,1313 1246,1313 1289,1316"/>
                <TextEquiv>
                    <Unicode>Protokollierung eines neuen Verlages, des</Unicode>
                </TextEquiv>
            </TextLine>
            <TextLine id="tr_1_tl_15" custom="readingOrder {index:14;}">
                <Coords points="1315,1326 2180,1351 2177,1306 2146,1299 1442,1295 1313,1264"/>
                <Baseline points="1328,1316 1370,1319 1413,1322 1456,1322 1499,1322 1542,1324 1584,1325 1627,1325 1670,1327 1713,1328 1756,1328 1798,1328 1841,1329 1884,1332 1927,1334 1970,1335 2012,1337 2055,1338 2098,1340 2141,1340 2184,1340"/>
                <TextEquiv>
                    <Unicode>tätigkeit bereits begonnen und ist daran, ein</Unicode>
                </TextEquiv>
            </TextLine>
            <TextLine id="tr_1_tl_16" custom="readingOrder {index:15;}">
                <Coords points="417,1342 907,1386 1021,1355 2177,1389 2175,1351 1968,1337 417,1315"/>
                <Baseline points="429,1334 516,1334 604,1337 691,1340 779,1345 867,1348 954,1348 1042,1354 1129,1356 1217,1355 1305,1360 1392,1364 1480,1366 1567,1367 1655,1369 1743,1371 1830,1371 1918,1374 2005,1379 2093,1382 2181,1379"/>
                <TextEquiv>
                    <Unicode>„Bermann-Fischer Verlags Ge= ausgedehntes literarisches Programm zu ver¬</Unicode>
                </TextEquiv>
            </TextLine>
            <TextLine id="tr_1_tl_17" custom="readingOrder {index:16;}">
                <Coords points="428,1389 506,1377 582,1393 595,1380 744,1400 802,1386 845,1404 842,1351 809,1366 762,1344 742,1364 720,1344 597,1353 584,1339 428,1337"/>
                <Baseline points="441,1376 466,1376 491,1376 517,1376 542,1376 567,1376 593,1377 618,1379 644,1381 669,1382 694,1382 720,1382 745,1384 770,1384 796,1384 821,1384 847,1382"/>
                <TextEquiv>
                    <Unicode>sellschaft m. b. H.</Unicode>
                </TextEquiv>
            </TextLine>
            <TextLine id="tr_1_tl_18" custom="readingOrder {index:17;}">
                <Coords points="1315,1413 1993,1426 2021,1451 2173,1433 2171,1391 2126,1386 1315,1373"/>
                <Baseline points="1328,1402 1370,1405 1412,1405 1455,1408 1497,1408 1540,1408 1582,1408 1624,1408 1667,1410 1709,1413 1752,1414 1794,1414 1836,1415 1879,1417 1921,1418 1964,1420 2006,1420 2048,1423 2091,1423 2133,1423 2176,1423"/>
                <TextEquiv>
                    <Unicode>wirklichen. Eine der ersten Erscheinungen des</Unicode>
                </TextEquiv>
            </TextLine>
            <TextLine id="tr_1_tl_19" custom="readingOrder {index:18;}">
                <Coords points="488,1431 1261,1455 1282,1393 486,1382"/>
                <Baseline points="498,1414 537,1417 577,1419 616,1420 656,1422 695,1423 735,1423 774,1423 814,1426 853,1429 893,1429 933,1431 972,1432 1012,1433 1051,1435 1091,1436 1130,1438 1170,1438 1209,1441 1249,1441 1289,1438"/>
                <TextEquiv>
                    <Unicode>Damit wird die von uns schon vor län¬</Unicode>
                </TextEquiv>
            </TextLine>
            <TextLine id="tr_1_tl_20" custom="readingOrder {index:19;}">
                <Coords points="1324,1467 1444,1446 2173,1473 2171,1429 2135,1426 2019,1446 1324,1409"/>
                <Baseline points="1337,1441 1381,1444 1425,1447 1469,1450 1513,1450 1557,1450 1601,1450 1646,1453 1690,1456 1734,1456 1778,1456 1822,1456 1866,1458 1911,1459 1955,1461 1999,1464 2043,1465 2087,1465 2131,1465 2176,1465"/>
                <TextEquiv>
                    <Unicode>neuen Wiener Verlages wird die Festrede</Unicode>
                </TextEquiv>
            </TextLine>
            <TextLine id="tr_1_tl_21" custom="readingOrder {index:20;}">
                <Coords points="417,1467 1264,1498 1273,1451 415,1433"/>
                <Baseline points="429,1462 471,1459 513,1459 556,1461 598,1462 641,1464 683,1465 725,1467 768,1468 810,1470 853,1471 895,1472 937,1474 980,1475 1022,1477 1065,1478 1107,1480 1149,1480 1192,1480 1234,1483 1277,1483"/>
                <TextEquiv>
                    <Unicode>gerer Zeit gemeldete teilweise Übersiedlung</Unicode>
                </TextEquiv>
            </TextLine>
            <TextLine id="tr_1_tl_22" custom="readingOrder {index:21;}">
                <Coords points="1322,1504 2151,1524 2177,1478 1319,1451"/>
                <Baseline points="1334,1486 1376,1489 1419,1489 1461,1489 1504,1491 1546,1492 1589,1494 1631,1495 1674,1497 1716,1498 1759,1498 1801,1498 1844,1499 1886,1502 1929,1504 1971,1505 2014,1507 2056,1507 2099,1507 2141,1510 2184,1507"/>
                <TextEquiv>
                    <Unicode>sein, die Thomas Mann vor einigen Wochen</Unicode>
                </TextEquiv>
            </TextLine>
            <TextLine id="tr_1_tl_23" custom="readingOrder {index:22;}">
                <Coords points="419,1513 1264,1538 1275,1495 417,1469"/>
                <Baseline points="432,1498 474,1498 516,1501 559,1503 601,1504 644,1506 686,1507 728,1509 771,1512 813,1513 856,1514 898,1516 940,1517 983,1519 1025,1520 1068,1522 1110,1522 1152,1525 1195,1525 1237,1525 1280,1522"/>
                <TextEquiv>
                    <Unicode>des bekannten Fischer=Verlages aus Berlin</Unicode>
                </TextEquiv>
            </TextLine>
            <TextLine id="tr_1_tl_24" custom="readingOrder {index:23;}">
                <Coords points="1317,1536 2062,1569 2173,1551 2171,1518 1315,1507"/>
                <Baseline points="1328,1531 1370,1531 1413,1531 1455,1534 1498,1536 1540,1535 1583,1536 1625,1537 1668,1537 1710,1539 1753,1540 1795,1540 1838,1541 1880,1544 1923,1546 1965,1547 2008,1549 2050,1549 2093,1552 2135,1552 2178,1549"/>
                <TextEquiv>
                    <Unicode>in Wien zu Ehren des 80 Jahre alt gewor¬</Unicode>
                </TextEquiv>
            </TextLine>
            <TextLine id="tr_1_tl_25" custom="readingOrder {index:24;}">
                <Coords points="410,1551 1279,1580 1277,1533 1146,1522 410,1518"/>
                <Baseline points="423,1543 466,1543 509,1543 552,1546 595,1546 638,1548 681,1549 724,1551 767,1552 810,1554 853,1557 896,1558 939,1560 982,1561 1025,1561 1068,1562 1111,1564 1154,1565 1197,1566 1240,1564 1283,1564"/>
                <TextEquiv>
                    <Unicode>nach Wien Wirklichkeit. Der Leiter des Ver¬</Unicode>
                </TextEquiv>
            </TextLine>
            <TextLine id="tr_1_tl_26" custom="readingOrder {index:25;}">
                <Coords points="1306,1576 2164,1596 2137,1553 1306,1538"/>
                <Baseline points="1319,1570 1361,1573 1404,1573 1446,1576 1489,1576 1531,1576 1574,1576 1616,1578 1659,1579 1701,1581 1744,1582 1787,1583 1829,1584 1872,1585 1914,1587 1957,1587 1999,1588 2042,1590 2084,1590 2127,1593 2170,1593"/>
                <TextEquiv>
                    <Unicode>denen Professors Siegmund Freud hielt</Unicode>
                </TextEquiv>
            </TextLine>
            <TextLine id="tr_1_tl_27" custom="readingOrder {index:26;}">
                <Coords points="415,1594 2175,1643 2175,1605 2053,1589 415,1549"/>
                <Baseline points="426,1584 513,1584 601,1587 688,1593 776,1595 864,1599 951,1601 1039,1604 1126,1608 1214,1608 1302,1609 1389,1616 1477,1617 1564,1618 1652,1623 1740,1623 1827,1626 1915,1627 2002,1631 2090,1633 2178,1635"/>
                <TextEquiv>
                    <Unicode>lages ist Dr. Gottfried Bermann, der im Herbst erscheint dann der dritte Band</Unicode>
                </TextEquiv>
            </TextLine>
            <TextLine id="tr_1_tl_28" custom="readingOrder {index:27;}">
                <Coords points="415,1634 1716,1692 2173,1694 2173,1647 412,1594"/>
                <Baseline points="426,1626 513,1629 601,1632 688,1635 776,1637 864,1643 951,1644 1039,1651 1126,1647 1214,1650 1302,1652 1389,1656 1477,1659 1564,1662 1652,1664 1740,1668 1827,1668 1915,1671 2002,1674 2090,1677 2178,1677"/>
                <TextEquiv>
                    <Unicode>Schwiegersohn des vor einiger Zeit verstor= des Romanzyklus „Joseph in Agypten“ von</Unicode>
                </TextEquiv>
            </TextLine>
            <TextLine id="tr_1_tl_29" custom="readingOrder {index:28;}">
                <Coords points="417,1674 1224,1709 1268,1701 1268,1663 415,1631"/>
                <Baseline points="426,1668 468,1671 510,1671 553,1671 595,1671 638,1673 680,1676 722,1677 765,1679 807,1680 850,1681 892,1684 934,1686 977,1686 1019,1687 1062,1690 1104,1692 1146,1692 1189,1695 1231,1692 1274,1689"/>
                <TextEquiv>
                    <Unicode>benen Gründers des Berliner S. Fischer¬</Unicode>
                </TextEquiv>
            </TextLine>
            <TextLine id="tr_1_tl_30" custom="readingOrder {index:29;}">
                <Coords points="1306,1712 2035,1736 2173,1727 2173,1692 1304,1663"/>
                <Baseline points="1319,1698 1364,1698 1409,1701 1454,1701 1499,1704 1545,1704 1590,1707 1635,1707 1680,1707 1725,1710 1771,1710 1816,1713 1861,1713 1906,1713 1951,1716 1997,1716 2042,1719 2087,1719 2132,1719 2178,1719"/>
                <TextEquiv>
                    <Unicode>Thomas Mann, dem möglicherweise noch ein</Unicode>
                </TextEquiv>
            </TextLine>
            <TextLine id="tr_1_tl_31" custom="readingOrder {index:30;}">
                <Coords points="410,1721 1270,1743 1268,1709 1179,1696 410,1674"/>
                <Baseline points="423,1713 465,1713 508,1713 551,1713 593,1715 636,1716 679,1718 721,1719 764,1721 807,1724 850,1725 892,1726 935,1728 978,1729 1020,1731 1063,1732 1106,1733 1148,1732 1191,1734 1234,1737 1277,1734"/>
                <TextEquiv>
                    <Unicode>Verlages. Er hat das von seinem Schwieger¬</Unicode>
                </TextEquiv>
            </TextLine>
            <TextLine id="tr_1_tl_32" custom="readingOrder {index:31;}">
                <Coords points="1302,1756 2173,1779 2153,1725 1302,1707"/>
                <Baseline points="1313,1743 1356,1746 1399,1746 1442,1749 1485,1749 1528,1751 1571,1752 1615,1754 1658,1755 1701,1755 1744,1755 1787,1757 1830,1760 1873,1761 1917,1761 1960,1762 2003,1765 2046,1767 2089,1767 2132,1767 2176,1764"/>
                <TextEquiv>
                    <Unicode>vierter Band folgen wird. Der Verlag wird</Unicode>
                </TextEquiv>
            </TextLine>
            <TextLine id="tr_1_tl_33" custom="readingOrder {index:32;}">
                <Coords points="406,1758 2180,1832 2177,1770 406,1721"/>
                <Baseline points="417,1752 505,1755 593,1758 682,1761 770,1764 858,1767 947,1769 1035,1773 1123,1773 1212,1778 1300,1784 1388,1792 1477,1796 1565,1799 1653,1802 1742,1805 1830,1807 1918,1808 2007,1808 2095,1813 2184,1811"/>
                <TextEquiv>
                    <Unicode>vater übernommene Unternehmen nun in aber auch junge, vorläufig unbekannte</Unicode>
                </TextEquiv>
            </TextLine>
            <TextLine id="tr_1_tl_34" custom="readingOrder {index:33;}">
                <Coords points="415,1805 1255,1834 1266,1787 412,1761"/>
                <Baseline points="426,1793 468,1796 510,1799 552,1799 595,1799 637,1801 679,1802 721,1804 764,1805 806,1806 848,1808 890,1809 933,1812 975,1814 1017,1814 1059,1814 1102,1817 1144,1814 1186,1817 1228,1820 1271,1820"/>
                <TextEquiv>
                    <Unicode>Berlin verkauft und wird mit einer Reihe</Unicode>
                </TextEquiv>
            </TextLine>
            <TextLine id="tr_1_tl_35" custom="readingOrder {index:34;}">
                <Coords points="1302,1852 2097,1879 2164,1868 2164,1830 1299,1801"/>
                <Baseline points="1313,1832 1355,1838 1398,1841 1441,1841 1484,1841 1527,1843 1570,1844 1612,1846 1655,1847 1698,1849 1741,1850 1784,1850 1827,1851 1870,1853 1912,1854 1955,1857 1998,1858 2041,1858 2084,1861 2127,1858 2170,1856"/>
                <TextEquiv>
                    <Unicode>Schriftsteller und ausländische Dichter pfle¬</Unicode>
                </TextEquiv>
            </TextLine>
            <TextLine id="tr_1_tl_36" custom="readingOrder {index:35;}">
                <Coords points="406,1845 1224,1879 1273,1872 1273,1830 403,1808"/>
                <Baseline points="417,1838 460,1838 503,1841 546,1841 589,1844 632,1844 675,1846 718,1847 761,1849 804,1850 847,1852 890,1855 933,1856 976,1856 1019,1856 1062,1857 1105,1859 1148,1859 1191,1860 1234,1862 1277,1862"/>
                <TextEquiv>
                    <Unicode>von Autoren von jetzt an in Wien arbeiten.</Unicode>
                </TextEquiv>
            </TextLine>
            <TextLine id="tr_1_tl_37" custom="readingOrder {index:36;}">
                <Coords points="417,1886 1217,1917 1268,1912 1266,1870 415,1845"/>
                <Baseline points="426,1883 468,1880 510,1883 553,1885 595,1886 638,1886 680,1888 722,1889 765,1891 807,1892 850,1893 892,1896 934,1898 977,1898 1019,1898 1062,1898 1104,1898 1146,1901 1189,1901 1231,1904 1274,1901"/>
                <TextEquiv>
                    <Unicode>Der alte S. Fischer=Verlag hat bekanntlich in</Unicode>
                </TextEquiv>
            </TextLine>
            <TextLine id="tr_1_tl_38" custom="readingOrder {index:37;}">
                <Coords points="1304,1894 2164,1926 2162,1865 1304,1850"/>
                <Baseline points="1316,1886 1358,1886 1401,1886 1444,1886 1486,1888 1529,1891 1572,1892 1614,1892 1657,1894 1700,1895 1743,1895 1785,1896 1828,1898 1871,1898 1913,1899 1956,1902 1999,1904 2041,1905 2084,1907 2127,1907 2170,1904"/>
                <TextEquiv>
                    <Unicode>gen. So bringt er zum Beispiel die im Laufe</Unicode>
                </TextEquiv>
            </TextLine>
            <TextLine id="tr_1_tl_39" custom="readingOrder {index:38;}">
                <Coords points="401,1923 1195,1961 1268,1955 1268,1912 399,1886"/>
                <Baseline points="414,1922 456,1922 499,1925 542,1928 585,1928 628,1928 671,1930 713,1931 756,1931 799,1933 842,1936 885,1937 928,1938 971,1940 1013,1940 1056,1940 1099,1941 1142,1943 1185,1944 1228,1945 1271,1943"/>
                <TextEquiv>
                    <Unicode>der modernen deutschen Literatur eine ent¬</Unicode>
                </TextEquiv>
            </TextLine>
            <TextLine id="tr_1_tl_40" custom="readingOrder {index:39;}">
                <Coords points="1295,1935 2164,1966 2162,1923 2113,1914 1295,1894"/>
                <Baseline points="1307,1928 1350,1931 1393,1931 1436,1934 1479,1934 1522,1936 1565,1937 1609,1939 1652,1940 1695,1942 1738,1943 1781,1943 1824,1945 1867,1946 1911,1947 1954,1949 1997,1950 2040,1952 2083,1952 2126,1952 2170,1952"/>
                <TextEquiv>
                    <Unicode>der kommenden Saison im Theater in der</Unicode>
                </TextEquiv>
            </TextLine>
            <TextLine id="tr_1_tl_41" custom="readingOrder {index:40;}">
                <Coords points="408,1975 1266,1997 1244,1950 408,1932"/>
                <Baseline points="420,1967 462,1967 505,1967 547,1969 590,1970 632,1972 675,1973 717,1975 760,1977 802,1978 845,1978 888,1978 930,1978 973,1979 1015,1981 1058,1982 1100,1984 1143,1984 1185,1987 1228,1987 1271,1984"/>
                <TextEquiv>
                    <Unicode>scheidende Rolle gespielt. Es seien nur aus</Unicode>
                </TextEquiv>
            </TextLine>
            <TextLine id="tr_1_tl_42" custom="readingOrder {index:41;}">
                <Coords points="1304,1986 2157,2013 2142,1964 1783,1968 1625,1937 1509,1964 1304,1935"/>
                <Baseline points="1316,1978 1358,1978 1400,1981 1443,1978 1485,1983 1528,1984 1570,1984 1612,1984 1655,1986 1697,1987 1740,1987 1782,1988 1824,1991 1867,1993 1909,1993 1952,1994 1994,1996 2036,1996 2079,1999 2121,2002 2164,1996"/>
                <TextEquiv>
                    <Unicode>Josefstadt zur deutschen Uraufführung ge¬</Unicode>
                </TextEquiv>
            </TextLine>
            <TextLine id="tr_1_tl_43" custom="readingOrder {index:42;}">
                <Coords points="406,2013 1266,2042 1264,1999 1157,1988 406,1972"/>
                <Baseline points="417,2005 459,2008 502,2011 545,2011 587,2011 630,2013 673,2014 715,2016 758,2017 801,2019 844,2020 886,2020 929,2021 972,2023 1014,2024 1057,2026 1100,2026 1142,2027 1185,2029 1228,2029 1271,2026"/>
                <TextEquiv>
                    <Unicode>der Fülle der Verlagsautoren die Namen</Unicode>
                </TextEquiv>
            </TextLine>
            <TextLine id="tr_1_tl_44" custom="readingOrder {index:43;}">
                <Coords points="1295,2026 2144,2066 2162,2013 1293,1984"/>
                <Baseline points="1307,2020 1350,2023 1393,2023 1436,2026 1479,2026 1522,2028 1565,2031 1608,2034 1651,2035 1694,2035 1737,2035 1780,2035 1823,2037 1866,2039 1909,2041 1952,2042 1995,2044 2038,2044 2081,2045 2124,2048 2167,2050"/>
                <TextEquiv>
                    <Unicode>langende Komödie „Der Trojanische Krieg</Unicode>
                </TextEquiv>
            </TextLine>
            <TextLine id="tr_1_tl_45" custom="readingOrder {index:44;}">
                <Coords points="399,2059 1268,2093 1266,2048 1215,2035 397,2010"/>
                <Baseline points="411,2047 454,2050 497,2050 540,2053 583,2053 626,2055 669,2056 712,2058 755,2059 798,2061 841,2062 884,2062 927,2064 970,2065 1013,2066 1056,2069 1099,2071 1142,2071 1185,2072 1228,2074 1271,2074"/>
                <TextEquiv>
                    <Unicode>Thomas Mann, Gerhard Hauptmann,</Unicode>
                </TextEquiv>
            </TextLine>
            <TextLine id="tr_1_tl_46" custom="readingOrder {index:45;}">
                <Coords points="1304,2079 2149,2117 2162,2064 1302,2028"/>
                <Baseline points="1316,2071 1358,2068 1401,2071 1443,2074 1486,2074 1528,2076 1571,2077 1613,2079 1656,2080 1698,2082 1741,2083 1784,2083 1826,2084 1869,2087 1911,2089 1954,2090 1996,2092 2039,2092 2081,2095 2124,2095 2167,2092"/>
                <TextEquiv>
                    <Unicode>findet nicht statt..." von Jean Girau¬</Unicode>
                </TextEquiv>
            </TextLine>
            <TextLine id="tr_1_tl_47" custom="readingOrder {index:46;}">
                <Coords points="392,2111 1063,2128 1076,2079 390,2062"/>
                <Baseline points="405,2092 438,2094 472,2095 506,2095 540,2095 574,2097 608,2100 642,2101 676,2101 710,2103 744,2104 777,2104 811,2104 845,2104 879,2106 913,2107 947,2107 981,2107 1015,2109 1049,2111 1083,2110"/>
                <TextEquiv>
                    <Unicode>Artur Schnitzler usw. erwähnt.</Unicode>
                </TextEquiv>
            </TextLine>
            <TextLine id="tr_1_tl_48" custom="readingOrder {index:47;}">
                <Coords points="1288,2133 1845,2151 1843,2093 1288,2082"/>
                <Baseline points="1301,2116 1328,2118 1355,2119 1383,2119 1410,2119 1438,2119 1465,2119 1493,2120 1520,2122 1548,2124 1575,2125 1602,2125 1630,2125 1657,2125 1685,2127 1712,2128 1740,2128 1767,2128 1795,2128 1822,2132 1850,2134"/>
                <TextEquiv>
                    <Unicode>doux in Buchform heraus.</Unicode>
                </TextEquiv>
            </TextLine>
            <TextLine id="tr_1_tl_49" custom="readingOrder {index:48;}">
                <Coords points="394,2200 990,2177 1232,2215 1380,2175 2184,2224 2180,2111 2133,2106 1957,2160 1342,2142 1219,2084 943,2135 392,2111"/>
                <Baseline points="405,2149 494,2149 583,2152 672,2155 761,2155 850,2158 939,2161 1028,2164 1117,2164 1206,2161 1296,2166 1385,2163 1474,2167 1563,2173 1652,2173 1741,2177 1830,2181 1919,2187 2008,2188 2097,2191 2187,2196"/>
                <TextEquiv>
                    <Unicode></Unicode>
                </TextEquiv>
            </TextLine>
            <TextLine id="tr_1_tl_50" custom="readingOrder {index:49;}">
                <Coords points="2563,2585 2982,2590 3011,2585 3013,2512 2929,2478 2868,2525 2831,2503 2764,2505 2746,2521 2563,2516"/>
                <Baseline points="2575,2555 2601,2555 2627,2555 2653,2555 2679,2555 2705,2555 2731,2555 2757,2555 2783,2555 2809,2555 2835,2555 2861,2555 2887,2555 2913,2555 2939,2553 2965,2547 2991,2546 3017,2546"/>
                <TextEquiv>
                    <Unicode>Nr. 39 &amp; 28. Juni 1926</Unicode>
                </TextEquiv>
            </TextLine>
            <TextLine id="tr_1_tl_51" custom="readingOrder {index:50;}">
                <Coords points="1703,2561 1879,2565 1946,2556 1946,2494 1912,2494 1883,2510 1852,2496 1812,2516 1772,2498 1703,2501"/>
                <Baseline points="1716,2555 1741,2555 1767,2555 1793,2553 1819,2552 1845,2552 1871,2553 1897,2555 1923,2555 1949,2555"/>
                <TextEquiv>
                    <Unicode>ZUKUNT</Unicode>
                </TextEquiv>
            </TextLine>
            <TextLine id="tr_1_tl_52" custom="readingOrder {index:51;}">
                <Coords points="1799,2659 3011,2668 2991,2596 1799,2596"/>
                <Baseline points="1811,2647 1871,2647 1931,2647 1991,2650 2051,2647 2111,2647 2171,2647 2232,2647 2292,2647 2352,2647 2412,2647 2472,2647 2532,2647 2592,2650 2653,2648 2713,2647 2773,2647 2833,2647 2893,2647 2953,2648 3014,2650"/>
                <TextEquiv>
                    <Unicode>Klingt harmlos. Und doch meint es nichts anderes als die (im</Unicode>
                </TextEquiv>
            </TextLine>
            <TextLine id="tr_1_tl_53" custom="readingOrder {index:52;}">
                <Coords points="1712,2706 3004,2710 3004,2663 2951,2657 1712,2650"/>
                <Baseline points="1725,2692 1789,2693 1853,2695 1917,2695 1982,2695 2046,2695 2110,2697 2175,2698 2239,2697 2303,2695 2368,2696 2432,2698 2496,2697 2560,2697 2625,2698 2689,2698 2753,2698 2818,2696 2882,2695 2946,2695 3011,2698"/>
                <TextEquiv>
                    <Unicode>selben Blatt bezahlte) Preisgabe zweier fescher, kultivierter</Unicode>
                </TextEquiv>
            </TextLine>
            <TextLine id="tr_1_tl_54" custom="readingOrder {index:53;}">
                <Coords points="1712,2761 3013,2768 2987,2706 1712,2706"/>
                <Baseline points="1725,2743 1789,2743 1854,2743 1918,2746 1983,2746 2048,2746 2112,2746 2177,2746 2241,2746 2306,2746 2371,2746 2435,2746 2500,2746 2564,2746 2629,2746 2693,2746 2758,2746 2823,2745 2887,2746 2952,2745 3017,2746"/>
                <TextEquiv>
                    <Unicode>lebenslustiger Vierzigerinnen“, die jüd. Gentlemen als Freunde</Unicode>
                </TextEquiv>
            </TextLine>
            <TextLine id="tr_1_tl_55" custom="readingOrder {index:54;}">
                <Coords points="758,2797 1090,2775 1163,2799 1248,2779 1250,2686 1094,2695 1074,2679 894,2688 860,2674 762,2703"/>
                <Baseline points="773,2772 798,2772 823,2772 848,2772 874,2770 899,2769 924,2769 949,2769 975,2769 1000,2769 1025,2769 1050,2768 1076,2767 1101,2765 1126,2764 1151,2762 1177,2759 1202,2756 1227,2755 1253,2755"/>
                <TextEquiv>
                    <Unicode>OBSERVER</Unicode>
                </TextEquiv>
            </TextLine>
            <TextLine id="tr_1_tl_56" custom="readingOrder {index:55;}">
                <Coords points="1712,2806 3004,2802 2949,2753 1712,2766"/>
                <Baseline points="1725,2793 1789,2793 1853,2793 1917,2796 1982,2793 2046,2793 2110,2793 2175,2794 2239,2794 2303,2793 2368,2793 2432,2790 2496,2791 2560,2793 2625,2793 2689,2793 2753,2793 2818,2793 2882,2793 2946,2791 3011,2787"/>
                <TextEquiv>
                    <Unicode>suchen“, „Chiffre materiell desinteressiert. Hauptpostlagernd ge¬</Unicode>
                </TextEquiv>
            </TextLine>
            <TextLine id="tr_1_tl_57" custom="readingOrder {index:56;}">
                <Coords points="1716,2855 3011,2855 2989,2804 1716,2804"/>
                <Baseline points="1728,2844 1792,2841 1856,2841 1921,2842 1985,2842 2050,2841 2114,2841 2179,2844 2243,2841 2308,2844 2372,2841 2436,2843 2501,2843 2565,2843 2630,2844 2694,2843 2759,2841 2823,2841 2888,2841 2952,2841 3017,2844"/>
                <TextEquiv>
                    <Unicode>gen Schein.“ Indessen, das tut sich in Prag. Weht im Wiener</Unicode>
                </TextEquiv>
            </TextLine>
            <TextLine id="tr_1_tl_58" custom="readingOrder {index:57;}">
                <Coords points="740,2853 816,2871 887,2855 927,2871 947,2855 1275,2857 1277,2806 1152,2788 1105,2806 1010,2797 983,2819 887,2797 869,2813 742,2802"/>
                <Baseline points="752,2847 778,2849 804,2849 831,2847 857,2847 884,2847 910,2847 936,2846 963,2844 989,2844 1016,2844 1042,2844 1068,2844 1095,2844 1121,2844 1148,2844 1174,2844 1200,2844 1227,2844 1253,2842 1280,2838"/>
                <TextEquiv>
                    <Unicode>Erstes österreichisches be¬</Unicode>
                </TextEquiv>
            </TextLine>
            <TextLine id="tr_1_tl_59" custom="readingOrder {index:58;}">
                <Coords points="1718,2902 3011,2902 3011,2853 2933,2848 1718,2855"/>
                <Baseline points="1731,2889 1795,2889 1859,2889 1923,2890 1988,2892 2052,2892 2116,2892 2181,2892 2245,2892 2309,2892 2374,2892 2438,2892 2502,2894 2566,2892 2631,2889 2695,2891 2759,2889 2824,2889 2888,2889 2952,2892 3017,2892"/>
                <TextEquiv>
                    <Unicode>Blätterwald reinere Luft? Kaum. Da gibt es dunkle Winkel, in</Unicode>
                </TextEquiv>
            </TextLine>
            <TextLine id="tr_1_tl_60" custom="readingOrder {index:59;}">
                <Coords points="740,2902 849,2920 925,2902 949,2917 1284,2902 1284,2859 1232,2853 947,2855 929,2871 740,2857"/>
                <Baseline points="752,2898 778,2898 805,2898 832,2898 859,2897 886,2895 913,2895 939,2895 966,2895 993,2895 1020,2895 1047,2895 1074,2895 1101,2895 1127,2895 1154,2895 1181,2895 1208,2894 1235,2893 1262,2892 1289,2892"/>
                <TextEquiv>
                    <Unicode>hördlich konzessioniertes</Unicode>
                </TextEquiv>
            </TextLine>
            <TextLine id="tr_1_tl_61" custom="readingOrder {index:60;}">
                <Coords points="1716,2944 3007,2960 2975,2897 1716,2900"/>
                <Baseline points="1728,2934 1792,2937 1856,2940 1920,2940 1984,2940 2048,2937 2112,2940 2177,2940 2241,2940 2305,2940 2369,2940 2433,2940 2497,2942 2561,2940 2626,2940 2690,2940 2754,2940 2818,2940 2882,2940 2946,2939 3011,2937"/>
                <TextEquiv>
                    <Unicode>die kein Kulturwärter die Nase steckt. Wie wäre es sonst mög¬</Unicode>
                </TextEquiv>
            </TextLine>
            <TextLine id="tr_1_tl_62" custom="readingOrder {index:61;}">
                <Coords points="747,2958 791,2953 818,2966 849,2953 949,2964 1041,2958 1041,2906 949,2917 925,2902 863,2920 829,2906 809,2920 785,2904 747,2904"/>
                <Baseline points="758,2946 784,2946 810,2946 836,2946 863,2946 889,2946 915,2946 941,2944 968,2943 994,2943 1020,2942 1047,2940"/>
                <TextEquiv>
                    <Unicode>Unternehmen</Unicode>
                </TextEquiv>
            </TextLine>
            <TextLine id="tr_1_tl_63" custom="readingOrder {index:62;}">
                <Coords points="1716,2995 2418,3000 2403,2949 1716,2949"/>
                <Baseline points="1728,2987 1762,2987 1797,2987 1832,2987 1867,2987 1901,2987 1936,2987 1971,2987 2006,2987 2040,2987 2075,2987 2110,2987 2145,2987 2179,2987 2214,2987 2249,2987 2284,2987 2318,2987 2353,2987 2388,2987 2423,2987"/>
                <TextEquiv>
                    <Unicode>lich, daß folgendes inseriert wird:</Unicode>
                </TextEquiv>
            </TextLine>
            <TextLine id="tr_1_tl_64" custom="readingOrder {index:63;}">
                <Coords points="742,2998 791,3024 845,3009 865,3029 925,3007 990,3024 1134,2998 1286,3022 1286,2946 1197,2958 1157,2929 1005,2964 742,2958"/>
                <Baseline points="755,2996 781,2994 808,2993 835,2993 862,2994 889,2996 916,2996 942,2996 969,2996 996,2995 1023,2993 1050,2993 1077,2993 1104,2993 1130,2992 1157,2990 1184,2990 1211,2990 1238,2990 1265,2989 1292,2987"/>
                <TextEquiv>
                    <Unicode>für Zeitungsausschnitte</Unicode>
                </TextEquiv>
            </TextLine>
            <TextLine id="tr_1_tl_65" custom="readingOrder {index:64;}">
                <Coords points="1868,3038 3013,3047 2995,2982 1868,2995"/>
                <Baseline points="1880,3032 1936,3033 1993,3035 2050,3033 2107,3032 2164,3033 2221,3035 2277,3032 2334,3035 2391,3034 2448,3034 2505,3035 2562,3035 2619,3035 2675,3033 2732,3032 2789,3034 2846,3032 2903,3032 2960,3032 3017,3035"/>
                <TextEquiv>
                    <Unicode>Distinguierter Gentleman, 40 Jahre alt, ledig, gutsituiert,</Unicode>
                </TextEquiv>
            </TextLine>
            <TextLine id="tr_1_tl_66" custom="readingOrder {index:65;}">
                <Coords points="519,3071 559,3071 588,3087 608,3071 633,3080 644,3069 704,3085 715,3076 740,3087 787,3080 785,3027 758,3027 744,3015 722,3011 702,3022 620,2991 604,3007 584,2998 517,3009"/>
                <Baseline points="531,3062 556,3060 582,3059 608,3059 633,3059 659,3059 685,3062 710,3065 736,3065 762,3066 788,3068"/>
                <TextEquiv>
                    <Unicode>WIEN, I.,</Unicode>
                </TextEquiv>
            </TextLine>
            <TextLine id="tr_1_tl_67" custom="readingOrder {index:66;}">
                <Coords points="1799,3091 3011,3085 2931,3040 1799,3047"/>
                <Baseline points="1811,3077 1871,3076 1931,3076 1991,3077 2052,3077 2112,3077 2172,3077 2233,3076 2293,3076 2353,3077 2414,3077 2474,3077 2534,3077 2594,3077 2655,3077 2715,3077 2775,3077 2836,3077 2896,3077 2956,3075 3017,3071"/>
                <TextEquiv>
                    <Unicode>sucht auf diesem Wege wirklich schöne, große, fabelhaft ge¬</Unicode>
                </TextEquiv>
            </TextLine>
            <TextLine id="tr_1_tl_68" custom="readingOrder {index:67;}">
                <Coords points="513,3136 753,3160 811,3127 1284,3145 1284,3076 1253,3062 1139,3078 1076,3047 1034,3078 956,3049 809,3089 513,3069"/>
                <Baseline points="525,3125 563,3123 601,3122 639,3122 677,3122 716,3121 754,3119 792,3122 830,3122 868,3122 907,3121 945,3120 983,3122 1021,3119 1059,3119 1098,3119 1136,3119 1174,3118 1212,3116 1250,3116 1289,3116"/>
                <TextEquiv>
                    <Unicode>Wollzeile 11. Telephon R 23-0-43</Unicode>
                </TextEquiv>
            </TextLine>
            <TextLine id="tr_1_tl_69" custom="readingOrder {index:68;}">
                <Coords points="1799,3134 3011,3131 3011,3089 2920,3082 1799,3094"/>
                <Baseline points="1811,3122 1871,3119 1931,3121 1991,3119 2051,3120 2111,3122 2171,3122 2232,3122 2292,3122 2352,3122 2412,3122 2472,3122 2532,3122 2592,3120 2653,3119 2713,3119 2773,3119 2833,3119 2893,3119 2953,3119 3014,3119"/>
                <TextEquiv>
                    <Unicode>pflegte, gesunde jüdische Dame im Alter von 25 bis 30 Jahren,</Unicode>
                </TextEquiv>
            </TextLine>
            <TextLine id="tr_1_tl_70" custom="readingOrder {index:69;}">
                <Coords points="1799,3172 3011,3178 2980,3127 1799,3134"/>
                <Baseline points="1811,3164 1871,3164 1931,3164 1991,3164 2051,3164 2111,3164 2171,3164 2232,3164 2292,3164 2352,3164 2412,3164 2472,3164 2532,3164 2592,3164 2653,3164 2713,3164 2773,3164 2833,3164 2893,3164 2953,3162 3014,3164"/>
                <TextEquiv>
                    <Unicode>Rubensfigur bevorzugt, als Freundin ehrbar kennen zu lernen.</Unicode>
                </TextEquiv>
            </TextLine>
            <TextLine id="tr_1_tl_71" custom="readingOrder {index:70;}">
                <Coords points="1790,3212 2681,3214 2637,3172 1790,3176"/>
                <Baseline points="1802,3205 1846,3208 1890,3208 1934,3208 1978,3208 2023,3208 2067,3208 2111,3208 2155,3208 2199,3208 2244,3208 2288,3205 2332,3207 2376,3206 2420,3207 2465,3208 2509,3206 2553,3207 2597,3208 2641,3208 2686,3211"/>
                <TextEquiv>
                    <Unicode>Zuschriften unter Rubens-Dauerfreundschaft</Unicode>
                </TextEquiv>
            </TextLine>
            <TextLine id="tr_1_tl_72" custom="readingOrder {index:71;}">
                <Coords points="1805,3272 3007,3285 3007,3218 2951,3200 1805,3216"/>
                <Baseline points="1817,3256 1876,3258 1936,3259 1996,3259 2055,3259 2115,3259 2175,3259 2234,3259 2294,3259 2354,3259 2414,3259 2473,3259 2533,3259 2593,3259 2652,3259 2712,3258 2772,3256 2831,3256 2891,3258 2951,3256 3011,3253"/>
                <TextEquiv>
                    <Unicode>Oder daß dieselbe Inseratenplantage mit folgendem Markt¬</Unicode>
                </TextEquiv>
            </TextLine>
            <TextLine id="tr_1_tl_73" custom="readingOrder {index:72;}">
                <Coords points="506,3265 588,3307 698,3310 756,3278 1277,3301 1275,3218 1250,3209 956,3238 800,3198 756,3223 622,3203 506,3225"/>
                <Baseline points="519,3262 557,3262 595,3262 633,3262 671,3261 710,3260 748,3262 786,3259 824,3261 862,3266 901,3270 939,3272 977,3274 1015,3274 1053,3274 1092,3272 1130,3271 1168,3270 1206,3268 1244,3269 1283,3268"/>
                <TextEquiv>
                    <Unicode>Ausschnitt aus der Zukunft Me¬</Unicode>
                </TextEquiv>
            </TextLine>
            <TextLine id="tr_1_tl_74" custom="readingOrder {index:73;}">
                <Coords points="1718,3325 2732,3319 2732,3278 2654,3265 1718,3281"/>
                <Baseline points="1731,3307 1781,3307 1831,3307 1881,3307 1932,3307 1982,3307 2032,3307 2083,3307 2133,3307 2183,3307 2234,3309 2284,3307 2334,3307 2384,3307 2435,3307 2485,3307 2535,3307 2586,3307 2636,3307 2686,3307 2737,3310"/>
                <TextEquiv>
                    <Unicode>schrei lebendige Ware zum Angebot locken darf</Unicode>
                </TextEquiv>
            </TextLine>
            <TextLine id="tr_1_tl_75" custom="readingOrder {index:74;}">
                <Coords points="1877,3365 3011,3368 3011,3323 2933,3301 2824,3334 1877,3319"/>
                <Baseline points="1889,3355 1945,3352 2001,3352 2057,3354 2114,3352 2170,3353 2226,3353 2282,3352 2339,3352 2395,3352 2451,3354 2507,3353 2564,3352 2620,3352 2676,3352 2732,3352 2789,3349 2845,3352 2901,3350 2957,3349 3014,3355"/>
                <TextEquiv>
                    <Unicode>Als erster Freund Deines Lebens will ich Du, hübsches,</Unicode>
                </TextEquiv>
            </TextLine>
            <TextLine id="tr_1_tl_76" custom="readingOrder {index:75;}">
                <Coords points="760,3412 831,3421 880,3397 1003,3428 1181,3417 1183,3316 1039,3339 954,3310 876,3334 840,3316 762,3319"/>
                <Baseline points="773,3390 798,3391 824,3393 850,3393 876,3393 902,3391 928,3391 954,3392 980,3393 1005,3393 1031,3393 1057,3393 1083,3391 1109,3389 1135,3385 1161,3384 1187,3384"/>
                <TextEquiv>
                    <Unicode>283</Unicode>
                </TextEquiv>
            </TextLine>
            <TextLine id="tr_1_tl_77" custom="readingOrder {index:76;}">
                <Coords points="1801,3408 3002,3394 2944,3359 1801,3359"/>
                <Baseline points="1814,3396 1873,3396 1933,3396 1993,3396 2052,3396 2112,3396 2172,3394 2231,3396 2291,3393 2351,3395 2411,3395 2470,3396 2530,3392 2590,3392 2649,3393 2709,3393 2769,3393 2828,3393 2888,3393 2948,3393 3008,3390"/>
                <TextEquiv>
                    <Unicode>gut erzogenes, fesches Mädel von 18 bis 22 Jahren — auch arm -</Unicode>
                </TextEquiv>
            </TextLine>
            <TextLine id="tr_1_tl_78" custom="readingOrder {index:77;}">
                <Coords points="513,3414 526,3414 553,3439 564,3443 571,3437 582,3446 591,3437 600,3441 617,3426 637,3426 635,3354 595,3350 571,3368 546,3354 524,3372 510,3370"/>
                <Baseline points="525,3405 554,3407 584,3408 614,3408 644,3411"/>
                <TextEquiv>
                    <Unicode>vom</Unicode>
                </TextEquiv>
            </TextLine>
            <TextLine id="tr_1_tl_79" custom="readingOrder {index:78;}">
                <Coords points="1796,3446 3002,3448 3002,3394 1796,3408"/>
                <Baseline points="1808,3441 1868,3439 1928,3438 1988,3438 2048,3438 2108,3438 2168,3438 2228,3438 2288,3438 2348,3438 2408,3438 2468,3438 2528,3438 2588,3438 2648,3438 2708,3438 2768,3436 2828,3435 2888,3435 2948,3435 3008,3435"/>
                <TextEquiv>
                    <Unicode>im Auto Italiens Schönheit zeigen. Drei Märchenwochen wie im</Unicode>
                </TextEquiv>
            </TextLine>
            <TextLine id="tr_1_tl_80" custom="readingOrder {index:79;}">
                <Coords points="1801,3497 3004,3486 2958,3439 1801,3448"/>
                <Baseline points="1814,3483 1873,3481 1933,3483 1993,3481 2053,3483 2113,3480 2173,3481 2232,3481 2292,3483 2352,3481 2412,3483 2472,3480 2532,3480 2592,3482 2651,3480 2711,3480 2771,3480 2831,3480 2891,3480 2951,3478 3011,3477"/>
                <TextEquiv>
                    <Unicode>Film und später liebevolle Kameradschaft verspricht seriöser</Unicode>
                </TextEquiv>
            </TextLine>
            <TextLine id="tr_1_tl_81" custom="readingOrder {index:80;}">
                <Coords points="1796,3528 3009,3555 2995,3486 1796,3495"/>
                <Baseline points="1808,3525 1868,3525 1928,3525 1988,3525 2049,3527 2109,3525 2169,3525 2230,3525 2290,3525 2350,3525 2411,3525 2471,3525 2531,3525 2591,3527 2652,3525 2712,3525 2772,3525 2833,3525 2893,3522 2953,3522 3014,3525"/>
                <TextEquiv>
                    <Unicode>eleganter Dreißiger. Sofortige ausführliche Zuschrift mit voller</Unicode>
                </TextEquiv>
            </TextLine>
            <TextLine id="tr_1_tl_82" custom="readingOrder {index:81;}">
                <Coords points="377,3535 1415,3546 1386,3479 377,3486"/>
                <Baseline points="388,3525 439,3525 491,3525 542,3526 594,3528 646,3528 697,3528 749,3528 800,3528 852,3528 904,3528 955,3528 1007,3528 1058,3528 1110,3528 1162,3528 1213,3529 1265,3531 1316,3531 1368,3531 1420,3531"/>
                <TextEquiv>
                    <Unicode>Liebesmarkt mit polizeilicher Genehmigung.</Unicode>
                </TextEquiv>
            </TextLine>
            <TextLine id="tr_1_tl_83" custom="readingOrder {index:82;}">
                <Coords points="1805,3577 2572,3579 2572,3537 1805,3535"/>
                <Baseline points="1817,3566 1855,3569 1893,3569 1931,3567 1969,3567 2007,3569 2045,3569 2083,3569 2121,3569 2159,3569 2197,3569 2235,3569 2273,3569 2311,3569 2349,3569 2387,3569 2425,3569 2463,3569 2501,3569 2539,3569 2578,3569"/>
                <TextEquiv>
                    <Unicode>Adresse und letztem Lichtbild unter.</Unicode>
                </TextEquiv>
            </TextLine>
            <TextLine id="tr_1_tl_84" custom="readingOrder {index:83;}">
                <Coords points="470,3584 1672,3591 1672,3528 1627,3524 470,3535"/>
                <Baseline points="483,3572 542,3575 602,3575 661,3575 721,3573 780,3575 840,3575 899,3576 959,3578 1018,3578 1078,3577 1138,3575 1197,3575 1257,3575 1316,3577 1376,3578 1435,3576 1495,3578 1554,3578 1614,3578 1674,3581"/>
                <TextEquiv>
                    <Unicode>Die „Kultur“ bekämpft in Genf zwar den Mädchenhandel,</Unicode>
                </TextEquiv>
            </TextLine>
            <TextLine id="tr_1_tl_85" custom="readingOrder {index:84;}">
                <Coords points="1808,3626 3009,3622 2987,3566 1808,3577"/>
                <Baseline points="1820,3614 1879,3614 1939,3617 1999,3617 2058,3617 2118,3617 2178,3617 2237,3617 2297,3617 2357,3617 2417,3615 2476,3614 2536,3614 2596,3614 2655,3614 2715,3613 2775,3613 2834,3614 2894,3614 2954,3614 3014,3611"/>
                <TextEquiv>
                    <Unicode>Das ist die noch dazu fettgedruckte Anatol-Poesie jener Frei¬</Unicode>
                </TextEquiv>
            </TextLine>
            <TextLine id="tr_1_tl_86" custom="readingOrder {index:85;}">
                <Coords points="381,3628 1672,3635 1607,3586 961,3611 381,3559"/>
                <Baseline points="394,3620 458,3622 522,3623 586,3623 650,3623 714,3623 778,3623 842,3626 906,3626 970,3626 1034,3626 1098,3626 1162,3626 1226,3626 1290,3626 1354,3624 1418,3623 1482,3624 1546,3628 1610,3626 1674,3629"/>
                <TextEquiv>
                    <Unicode>befördert ihn aber, wenn er „auf dem nicht mehr ungewöhnlichen</Unicode>
                </TextEquiv>
            </TextLine>
            <TextLine id="tr_1_tl_87" custom="readingOrder {index:86;}">
                <Coords points="1718,3680 3004,3671 2975,3619 1718,3626"/>
                <Baseline points="1731,3665 1795,3662 1859,3663 1923,3665 1987,3665 2051,3665 2115,3665 2179,3665 2243,3668 2307,3665 2371,3665 2435,3665 2499,3663 2563,3662 2627,3665 2691,3662 2755,3664 2819,3662 2883,3662 2947,3660 3011,3659"/>
                <TextEquiv>
                    <Unicode>beuter des Eros, die sich tagsüber als Verkaufskanonen, Textil¬</Unicode>
                </TextEquiv>
            </TextLine>
            <TextLine id="tr_1_tl_88" custom="readingOrder {index:87;}">
                <Coords points="381,3677 1656,3695 1656,3644 1585,3637 381,3628"/>
                <Baseline points="394,3668 457,3667 520,3670 584,3671 647,3671 711,3674 774,3672 837,3674 901,3674 964,3674 1028,3674 1091,3674 1154,3674 1218,3674 1281,3674 1345,3674 1408,3674 1471,3674 1535,3677 1598,3677 1662,3674"/>
                <TextEquiv>
                    <Unicode>Wege“ des Inserats seine Opfer sucht. Es ist also verboten, jung¬</Unicode>
                </TextEquiv>
            </TextLine>
            <TextLine id="tr_1_tl_89" custom="readingOrder {index:88;}">
                <Coords points="1712,3726 3009,3720 3009,3671 1712,3680"/>
                <Baseline points="1725,3713 1789,3713 1853,3713 1918,3713 1982,3713 2047,3713 2111,3713 2176,3713 2240,3713 2305,3713 2369,3713 2433,3713 2498,3713 2562,3713 2627,3713 2691,3713 2756,3710 2820,3710 2885,3713 2949,3710 3014,3713"/>
                <TextEquiv>
                    <Unicode>reisende oder sonstwie händlerisch der bürgerlichen Gesellschaft</Unicode>
                </TextEquiv>
            </TextLine>
            <TextLine id="tr_1_tl_90" custom="readingOrder {index:89;}">
                <Coords points="381,3722 1520,3744 1672,3738 1672,3689 379,3677"/>
                <Baseline points="394,3719 458,3719 522,3719 586,3720 650,3722 714,3719 778,3721 842,3722 906,3722 970,3722 1034,3723 1098,3725 1162,3722 1226,3722 1290,3725 1354,3724 1418,3725 1482,3723 1546,3725 1610,3725 1674,3722"/>
                <TextEquiv>
                    <Unicode>Tänzerinnen nach Rio de Janeiro zu locken und sie dann ins</Unicode>
                </TextEquiv>
            </TextLine>
            <TextLine id="tr_1_tl_91" custom="readingOrder {index:90;}">
                <Coords points="1723,3778 3002,3780 3002,3724 2942,3718 1723,3726"/>
                <Baseline points="1734,3763 1797,3760 1861,3760 1924,3760 1988,3760 2051,3760 2115,3760 2178,3760 2242,3760 2305,3760 2369,3760 2433,3760 2496,3759 2560,3760 2623,3760 2687,3760 2750,3760 2814,3760 2877,3760 2941,3760 3005,3760"/>
                <TextEquiv>
                    <Unicode>nützlich machen, um das anständig erworbene Geld für Italien¬</Unicode>
                </TextEquiv>
            </TextLine>
            <TextLine id="tr_1_tl_92" custom="readingOrder {index:91;}">
                <Coords points="381,3778 1672,3784 1672,3738 1614,3729 381,3726"/>
                <Baseline points="394,3769 458,3769 522,3769 586,3769 650,3769 714,3772 778,3769 843,3769 907,3770 971,3772 1035,3772 1099,3772 1163,3772 1227,3772 1292,3772 1356,3772 1420,3772 1484,3772 1548,3772 1612,3774 1677,3775"/>
                <TextEquiv>
                    <Unicode>Freudenhaus zu sperren; es ist aber in einzelnen Ländern erlaubt,</Unicode>
                </TextEquiv>
            </TextLine>
            <TextLine id="tr_1_tl_93" custom="readingOrder {index:92;}">
                <Coords points="1723,3818 3009,3822 2969,3767 1723,3782"/>
                <Baseline points="1734,3811 1798,3808 1862,3808 1926,3810 1990,3808 2054,3808 2118,3808 2182,3808 2246,3808 2310,3808 2374,3808 2438,3808 2502,3808 2566,3808 2630,3808 2694,3808 2758,3808 2822,3808 2886,3808 2950,3808 3014,3811"/>
                <TextEquiv>
                    <Unicode>reisen in „liebevoller Kameradschaft“ unanständig zu verjubeln.</Unicode>
                </TextEquiv>
            </TextLine>
            <TextLine id="tr_1_tl_94" custom="readingOrder {index:93;}">
                <Coords points="379,3827 1669,3831 1654,3780 379,3778"/>
                <Baseline points="391,3814 455,3817 519,3817 583,3817 647,3817 711,3817 775,3817 840,3820 904,3820 968,3820 1032,3820 1096,3820 1160,3820 1224,3820 1289,3820 1353,3822 1417,3820 1481,3820 1545,3822 1609,3822 1674,3817"/>
                <TextEquiv>
                    <Unicode>daß die Presse sich als Vermittlerin auf dem Liebesmarkt be¬</Unicode>
                </TextEquiv>
            </TextLine>
            <TextLine id="tr_1_tl_95" custom="readingOrder {index:94;}">
                <Coords points="1712,3869 2991,3874 2991,3825 2846,3816 1712,3822"/>
                <Baseline points="1725,3856 1788,3856 1852,3858 1915,3856 1979,3856 2042,3856 2106,3856 2169,3858 2233,3856 2296,3857 2360,3859 2424,3858 2487,3856 2551,3856 2614,3856 2678,3856 2741,3856 2805,3856 2868,3856 2932,3855 2996,3853"/>
                <TextEquiv>
                    <Unicode>Ja, unanständig; denn der Preis, den dieser Liebeshändler ver</Unicode>
                </TextEquiv>
            </TextLine>
            <TextLine id="tr_1_tl_96" custom="readingOrder {index:95;}">
                <Coords points="377,3880 1660,3889 1660,3831 1605,3827 377,3833"/>
                <Baseline points="388,3865 451,3865 515,3868 579,3865 643,3865 707,3868 771,3868 834,3868 898,3868 962,3868 1026,3866 1090,3870 1154,3868 1218,3868 1281,3868 1345,3868 1409,3868 1473,3868 1537,3868 1601,3871 1665,3865"/>
                <TextEquiv>
                    <Unicode>tätigt und unter „Vermischtes“ im Anzeigenteil folgenden Rei¬</Unicode>
                </TextEquiv>
            </TextLine>
            <TextLine id="tr_1_tl_97" custom="readingOrder {index:96;}">
                <Coords points="1718,3918 2998,3927 2998,3871 2953,3858 1718,3867"/>
                <Baseline points="1731,3904 1794,3907 1858,3906 1921,3907 1985,3907 2048,3907 2112,3907 2175,3904 2239,3904 2302,3905 2366,3907 2430,3907 2493,3905 2557,3904 2620,3904 2684,3904 2747,3904 2811,3904 2874,3904 2938,3904 3002,3901"/>
                <TextEquiv>
                    <Unicode>langt, ist nicht gering: er will der erste Freund Deines Le¬</Unicode>
                </TextEquiv>
            </TextLine>
            <TextLine id="tr_1_tl_98" custom="readingOrder {index:97;}">
                <Coords points="370,3932 1565,3936 1542,3880 370,3880"/>
                <Baseline points="382,3919 441,3916 500,3914 560,3916 619,3916 679,3916 738,3916 797,3917 857,3917 916,3919 976,3916 1035,3916 1094,3919 1154,3919 1213,3919 1273,3919 1332,3919 1391,3919 1451,3919 1510,3919 1570,3919"/>
                <TextEquiv>
                    <Unicode>gen (schlimmer als der Arthur Schnitzlers) aufführen läßt:</Unicode>
                </TextEquiv>
            </TextLine>
            <TextLine id="tr_1_tl_99" custom="readingOrder {index:98;}">
                <Coords points="1718,3965 2802,3994 3002,3963 2940,3918 1718,3916"/>
                <Baseline points="1731,3955 1794,3955 1858,3955 1922,3955 1986,3955 2050,3956 2114,3955 2177,3955 2241,3955 2305,3955 2369,3955 2433,3955 2497,3952 2561,3955 2624,3954 2688,3955 2752,3955 2816,3953 2880,3949 2944,3952 3008,3952"/>
                <TextEquiv>
                    <Unicode>bens sein. Läßt sich die Säuberung des Inseratenteils gewisser</Unicode>
                </TextEquiv>
            </TextLine>
            <TextLine id="tr_1_tl_100" custom="readingOrder {index:99;}">
                <Coords points="533,3976 1587,3989 1672,3983 1669,3929 530,3927"/>
                <Baseline points="543,3960 599,3960 656,3960 713,3960 769,3960 826,3960 883,3960 939,3960 996,3960 1053,3960 1110,3960 1166,3963 1223,3963 1280,3963 1336,3963 1393,3963 1450,3963 1506,3963 1563,3963 1620,3963 1677,3966"/>
                <TextEquiv>
                    <Unicode>Bin Jude, 31 Jahre alt, suche Skikameradin. Antworten</Unicode>
                </TextEquiv>
            </TextLine>
            <TextLine id="tr_1_tl_101" custom="readingOrder {index:100;}">
                <Coords points="1716,4025 2255,4012 2255,3960 2240,3958 2220,3978 2071,3960 2046,3981 2021,3963 1988,3976 1908,3960 1872,3981 1716,3965"/>
                <Baseline points="1728,4002 1754,4004 1781,4005 1808,4005 1834,4005 1861,4005 1888,4005 1914,4005 1941,4005 1968,4005 1995,4005 2021,4005 2048,4005 2075,4005 2101,4004 2128,4002 2155,4002 2181,4002 2208,4004 2235,4004 2262,4002"/>
                <TextEquiv>
                    <Unicode>Blätter nicht durchsetzen?</Unicode>
                </TextEquiv>
            </TextLine>
            <TextLine id="tr_1_tl_102" custom="readingOrder {index:101;}">
                <Coords points="452,4003 1455,4021 1455,3974 1366,3965 452,3976"/>
                <Baseline points="465,4002 514,4002 564,4003 614,4004 664,4003 714,4005 764,4005 813,4005 863,4005 913,4005 963,4005 1013,4005 1063,4005 1113,4005 1162,4005 1212,4005 1262,4005 1312,4008 1362,4005 1412,4005 1462,4008"/>
                <TextEquiv>
                    <Unicode>unter „Nicht groß“ hauptpostlagernd gegen Schein.</Unicode>
                </TextEquiv>
            </TextLine>
            <TextEquiv>
                <Unicode></Unicode>
            </TextEquiv>
        </TextRegion>
    </Page>
</PcGts>
