3392 4256
144 279 235 382 1.
291 268 963 380 Miscellaneous
1150 273 1577 370 box 42/2
343 605 1063 707 Vossische Zeitung, Berlin
710 758 853 856 .
1205 803 1306 887 Der
177 811 1179 886 Schnitzer=Ehrung durch den Kultusminister.
153 866 1300 923 Preußische Minister für Wissenschaft, Kunst und Volksbildung,
147 914 1306 965 Professor Dr. Becker, und Frau Becker hatten gestern nachmittag
141 953 1300 1000 anläßlich der Anwesenheit Arthur Schnitzlers in Berlin
141 991 1303 1043 zu einem Tee in den schönen Empfangsräumen des Ministeriums
141 1030 1303 1075 eingeladen. Eine große Anzahl von bedeutsamen Vertretern des
144 1064 1302 1112 Schrifttums, der Kunst, der Presse waren der Einladung gefolgt.
141 1109 1303 1152 Der österreichische Gesandte Dr. Frank, Professor Jeßner,
144 1141 1303 1192 Wiktor Barnowsky, Hermann Sudermann, Ludwig
147 1182 1309 1238 Fulda, Fedor v. Zobeltin und viele andere Träger guter
2536 1201 2712 1283 se
150 1219 1297 1274 Namen huldigten dem Wiener Dichter durch ihr Erscheinen. Al¬
1419 1193 1889 1299 dem
144 1254 1306 1305 einzige Dame außer der Gattin des Ministers wurde Elisabeth
1405 1259 1495 1333 keine
141 1296 1306 1350 Pergner, die wirksame Interpretin Schnitzlerscher Kunst, von
1385 1320 1488 1387 deren
146 1336 926 1407 den Verehrern ihrer Persönlichkeit umringt.
1558 1293 2657 1452 Artur Schnitzler in Berlin.
1409 1421 1489 1495 vor.
1553 1407 2653 1523 Ein offizieller Empfang zu Ehren des Wiener
1999 1471 2215 1540 Dichters.
1748 1501 2455 1607 (Privattelegramm des „Neuen Wiener Journals.")
2174 1556 2651 1650 Berlin, 13. Februar,
1402 1592 1479 1675 il
1610 1610 2689 1697 Der preußische Minister für Wissenschaft, Kunst und Volks¬
1500 1650 2692 1757 bildung Professor Dr. Becker und seine Frau hatten anläßlich
337 1659 1012 1769 Berliner Börsen-Courier
1500 1708 2692 1798 der Anwesenheit Artur Schnitzlers in Berlin zu einem
1500 1754 2686 1849 Tee in den Empfangsräumen des Ministerpräsidenten geladen.
1494 1803 2686 1902 Eine große Anzahl von bedeutsamen Vertretern des Schrifttums,
534 1795 893 1896 13. fol. 1928
1494 1850 2686 1947 der Kunst und der Presse waren der Einladung gefolgt. Der
1500 1898 2686 1992 österreichische Gesandte Dr. Frank, Professor Jeßner,
336 1910 1162 1987 Zu Ehren Arthur Schnitzlers fand im
1491 1941 2686 2036 Direktor Barnowski, Hermann Sudermann, Ludwig
285 1950 1162 2035 Kultusministerium am Freitag nachmittag ein
1491 1986 2674 2084 Fulda, Fedor v. Zobelitz und viele andere Träger
284 2012 1156 2070 Empfang statt. Die Honneurs machte Minister
284 2057 1162 2109 Dr. Becker und Gemahlin, die einen größeren
1492 2051 2675 2133 großer Namen huldigten dem Wiener Dichter durch ihr Erscheinen.
284 2102 1161 2155 Kreis von Schriftstellern, Kritikern, Bühnenleitern
1492 2091 2671 2183 Als einzige Dame außer der Gattin des Ministers war Elisabeth
287 2145 1162 2201 und Künstlern vereinigten. Auch der österreichische
1485 2131 2665 2234 Bergner, die wirksame Interpretin Schnitzlerscher Kunst,
1479 2179 1663 2271 anwesend.
284 2194 1159 2256 Gesandte Dr. Frank war erschienen. Von Büh¬
282 2249 1167 2307 nenleitern sah man Intendant Jessner, Direktor
284 2278 1162 2345 Barnowsky. Georg Engel, Ludwig Fulda, Rudolf
1864 2265 2522 2396 Wäre es an
284 2327 1159 2385 Presber, Walter Bloom vertraten den Verband
278 2371 1161 2436 deutscher Erzähler. Vom Kultusministerium waren
282 2420 1156 2482 Geheimrat Wetzold, Ministerialdirektor Nentwig,
287 2461 1162 2528 Prof. Questenberg und Dr. Seelig anwesend. Die
281 2515 1162 2576 Schauspielkunst war durch Frl. Elisabeth Bergner
278 2552 1171 2611 vertreten. Die Teegesellschaft blieb in angeregter
1720 2541 1813 2663 5
284 2599 936 2671 Stimmung zwei Stunden beisammen
1948 2568 2564 2674 Dr. Max Goldschmidt
1946 2660 2555 2745 Büro für Zeitungsausschnitte
1763 2717 2030 2797 BERLINNA
2307 2727 2720 2806 Telefon: Norden 305
2157 2834 2531 2928 J.
2053 2916 2455 3017 Danziger Zeitung
2021 3008 2378 3105 27. Feb. 1926
464 3082 1014 3179 Berliner Tageblatt
1819 3075 2567 3188 Meergemelde den Ruhe¬
1786 3136 2571 3236 tausend“. In einer Versammlung von
1792 3184 2574 3277 Schriftstellern und Teaterdirektoren in
635 3172 959 3279 3 Feb 1979
1795 3221 2577 3319 Wien wurde auf Antrag des Kritikers
218 3215 1345 3337 XX Der Kultusminister Professor Dr. Becker und seine
1794 3267 2577 3360 Dr. Schreyvogel die Bildung einer
172 3292 1339 3381 Gattin versammelten gestern in ihren Räumen das literarische Berlin
1798 3313 2577 3415 „Theatergemeinde der Zehn¬
171 3332 1341 3421 der Schriftsteller= und Universitätswelt nebst den leitenden Persönlich¬
1803 3351 2579 3454 tausend" beschlossen, die beabsichtigt
174 3380 1351 3464 keiten des Kultusministeriums zu einigen sehr angeregten Plauder¬
1809 3398 2589 3494 Uraufführungen von Werken österreichi¬
183 3430 1370 3511 stunden. Die Veranstaltung war besonders zu Ehren Arthur.
1816 3445 2595 3546 scher und deutscher Dichter in muster¬
177 3470 1348 3546 Schnitzlers gedacht, der nach dem neulichen schönen Vortragsabend
1816 3482 2604 3589 gültiger und hervorragender Besetzung
183 3513 1348 3592 im Verband deutscher Erzähler noch für einige Zeit in Berlin geblieben
1827 3533 2607 3626 in die Wege zu leiten. Dem Vorstand
180 3551 1352 3635 ist. So bedeutete der Nachmittag auch einen Gruß an das geistbefreun¬
1815 3574 2608 3667 der Theatergemeinde gehören u. a. an:
177 3586 1361 3675 dete Deutschösterreich, das durch seinen Gesandten Dr. Frank und
1827 3625 2613 3722 Artur Schnitzler, Hugo von Hoffmanns¬
183 3641 1217 3760 durch die anmutige Elisabeth Bergner vertreten war,
1830 3677 2617 3765 thal, Anton Wildgans, Unterrichts¬
1830 3695 2628 3803 minister Dr. Schneider und der Präsi¬
1833 3754 2585 3852 dent der Bundestheater Dr. Prüger.
