3392 4256
336 248 1007 355 Miscellaneous
1193 251 1616 347 box 42/2
1248 1591 1862 1673 Dr. Max Goldschmidt
1244 1661 1853 1739 Büro für Zeitungsausschnitte
1063 1720 1333 1802 BERLIN N4
1606 1730 2025 1797 Telefoon: Norden 3051
1333 1832 1844 1942 Die Wahrheit, Verlin
1549 2013 1886 2123 26. Juni 1926
882 2123 2057 2248 Die Kaiser. Heute Nachrichten brachen die Re¬
911 2235 2050 2295 sprechung eines Buches, das Samuel Fischer in Berlin heraus
911 2263 2060 2330 gegeben hat und aus der Feder des ihm völkisch“ nahestehenden
905 2301 2067 2361 Literaten Schnitzler stammt. Man urteile, ob das Buch in die
902 2337 2059 2394 deutsche Gegenmaßt: „Es ist, als ob seine geheimsten
904 2374 2062 2443 erotischen Wünsche überquellend Wirklichkeit wurden." Der
914 2409 2062 2475 Breslauer Kindermörder hat auch seinen geheimsten
905 2451 2059 2507 erotischen Wünschen überquellend Wirklichkeit verliehen! Es wird
920 2500 2075 2555 ferner die „subtile Geistigkeit" erwähnt, und auch die „sensitiven
911 2540 1637 2599 Finger“ des Verfassers wurden gerühmt.
988 2570 2072 2629 Zum Teufel mit dieser Weichlichkeit! Wir brauchen Fäuste
905 2600 2073 2660 von Eisen und keine „sensitiven Finger“! Wir haben die „sub¬
904 2641 1768 2726 tile Geistigkeit" satt und wollen Taten sehen!
