3344 4320
1162 271 1609 365 box 42/2
321 278 995 365 Miscellaneous
860 1356 2155 1440 NOS GRANDES ENQUETES
2375 1401 2469 1455 fini¬
2375 1445 2484 1498 l'ab
2375 1515 2508 1583 bleau
1624 1479 2213 1631 littéraire
809 1459 1573 1629 L’influence
2378 1571 2515 1629 donna
2378 1612 2508 1660 cal et
2380 1643 2525 1703 scanda
2380 1691 2523 1737 nus —
657 1672 2349 1759 de la France à l'Etranger
2385 1730 2520 1783 femme
2375 1771 2530 1822 critique
1160 1752 1870 1839 SUITE
2385 1810 2527 1861 néant
691 1807 2356 1875 19 Quel est l'état présent de l’influence, ont surgi en France au cours de ces derniè¬
2385 1851 2527 1904 du ma¬
655 1873 2351 1916 qu'exerce sur la littérature de votre pays la res années, notamment dans la littérature
2416 1892 2535 1955 Bapt.
660 1906 2361 1955 littérature française d'aujourd'hui ? Cette in narrative. Parmi eux se trouvent des noms
664 1928 2547 1986 fluence est-elle en régression ou on progrès qui me paraissent destinés non seulement à d'un dé¬
684 1969 2549 2020 2° Dans quel domaine se manifeste-t-elle continuer et à garder la grande tradition et qui
655 2005 2356 2056 avec le plus de vigueur ; roman, théâtre, pé¬ française, mais aussi à la marquer d'un nou¬
2385 2010 2564 2066 guère pi¬
1525 2039 2356 2085 vel esprit. J'ai particulièrement remarque
713 2049 909 2095 essais ?
2385 2049 2583 2105 aux Cha¬
713 2078 2358 2121 3. Quelle « école » ou quelle « manière » que les productions les plus notables sont
660 2092 2585 2155 représente le plus exactement l'esprit fran¬ animées d'un esprit social - je ne dis pas recte reg¬
2387 2119 2610 2187 qui, ayant
1520 2143 2356 2189 socialiste à très prononcé et qu’on n’y trou¬
667 2150 1010 2213 çais à vos yeux ?
1527 2172 2607 2225 ve guère trace de tendances nationalistes. Je donner, en
693 2158 1500 2221 4. Quels sont, enfin, les écrivains et les œu¬
1529 2206 2583 2254 crois pouvoir affirmer en outre que votre complétée
664 2213 1496 2262 vres que vous apprécier le plus et qui jouis
664 2245 2602 2298 sent du plus grand renom auprès du public tradition a préservé la littérature française titre Au
1520 2281 2356 2327 moderne de certaines erreurs et exagérations
664 2288 1085 2349 lettre de votre pays
2419 2293 2600 2351 Depuis
1520 2317 2351 2368 plus efficacement que dans d'autres pays.
2382 2322 2612 2387 dont la vie
1010 2339 1169 2402 ..
1520 2351 2351 2402 est à signaler enfin que les ouvrages de vos
684 2349 916 2428 AUTRICHE
1525 2375 2614 2433 auteurs les plus originaux ne sont pas sans venue plus
693 2409 2595 2462 Il serait vain, en quelques lignes, de prévoir subi l'influence du génie et des ten nalisme
655 2450 2158 2496 tendre enfermer l'essence du talent de M. Ar- dances intellectuelles allemandes.
2385 2445 2602 2508 dispensab¬
655 2486 1498 2527 thur Schnitzler. Une ample production l'a
1556 2462 2600 2549 Vous n'ignorez pas qu'en Autriche, sur simpli¬
660 2515 1503 2566 imposé depuis plus de trente ans aux lec¬
1527 2515 2358 2568 tout, les livres français furent, de tout temps
2385 2535 2547 2583 qualités
664 2556 2358 2600 teurs de langue allemande et au publie lettre plus répandus que ne l'étaient les livres al¬
2385 2573 2554 2626 droiture
657 2588 1500 2634 européen. Sa double floraison garde encore
1529 2588 2358 2639 lemands en France. Les frontières à peine
655 2622 1498 2670 sa vigueur et son parfum, floraison ma
1527 2600 2573 2672 rouvertes et les ressentiments de la guerre très ave¬
660 2653 1503 2701 nesque — qui va de ce Mourir (1892) dont on
1529 2646 2573 2704 apaisés, nous fûmes entrer en masse vos li¬ de ses
660 2689 1503 2733 vient de publier une remarquable traduc¬
1537 2684 2554 2738 vre jaunes et verts tant regrettés. J'ai le réflexion
657 2726 2370 2767 tion, à Mademoiselle Else (1925) — floraison ferme espoir qu'avec le temps, ces relations
2423 2735 2556 2803 Il a
655 2759 1331 2803 dramatique étagée du Conte (1893)
1527 2762 2358 2813 mutuelles ne feront que s'étendre et qu'elle¬
2392 2774 2515 2822 trines,
655 2774 1498 2834 médie de la séduction (1924). Au tota: ante
1532 2796 2356 2842 s'établiront sur une base moins unilatérale
2387 2817 2547 2866 Rédacte
660 2829 2242 2873 quatre ouvres attestant la puissance créa¬ ue ce n'était le cas avant la guerre.
660 2866 1353 2924 tice du grand écrivain autrichien,
1556 2844 2561 2904 Est-il besoin de souligner combien les gé¬ au beso
2395 2897 2549 2948 Travail,
703 2897 2358 2957 Votre aimable questionnaire me parait un nies allemand et français se doivent récipro¬
1529 2938 2554 2989 quement et combien cette interpénétration l'organ¬
660 2950 1503 2996 peu prématuré. Pendant plusieurs années, il
1527 2977 2361 3011 doit encore se développer dans l'avenir
2390 2974 2542 3025 qués de
669 2984 1500 3028 nous a été difficile de suivre la production
1529 3001 2363 3049 La connaissance réciproque augmente la ri¬
2387 3011 2549 3069 des «
664 3023 1500 3066 littéraire moderne de la France et ce n'es
1529 3035 2368 3081 chesse du monde, la compréhension récipro¬
664 3052 1503 3098 que peu à peu que je me rends compte des
2387 3049 2554 3107 mené,
1529 3066 2356 3112 que en accroît le bonheur. De notre côté
667 3090 1503 3139 progrès extraordinaires accomplis par votre
2385 3093 2530 3146 ves, à
1537 3105 2358 3148 nous ferons tout notre possible pour que
669 3119 1503 3165 littérature. Vous désigner dans ces condi¬
1537 3134 2561 3185 deux peuples créés pour se compléter et pour sait ma¬
667 3153 1503 3199 tions les ouvrages par lesquels j'aurais été
1537 3173 2549 3216 collaborer à l'évolution de l'humanité, ne loureus
664 3189 1503 3235 influencé le plus fortement, serait faire
669 3206 2542 3296 preuve d'un esprit superficiel. Le nombre des méconnaissent plus leurs rôles dans l'avenir, son pro¬
2390 3243 2535 3298 a con¬
669 3260 1513 3303 livres que j'ai déjà lus est infime par rap¬
1861 3264 2332 3337 Arthur SCHNITZLER.
2390 3286 2532 3342 qu'est
660 3298 1515 3337 port à ceux que je me propose de lire pro¬
664 3330 1515 3376 chainement. Mais d'ores et déjà, je puis dire
2392 3322 2527 3378 qu'il e
1856 3313 2337 3383 Réponses recueillies par
667 3366 1513 3404 que je suis véritablement surpris par l'abon¬
2387 3366 2523 3419 de la
1882 3371 2286 3448 Edouard Ramond.
664 3395 1537 3448 dance des talents originaux et féconds qui
2395 3402 2532 3467 prits
2428 3443 2515 3501 Ce
2395 3489 2515 3542 point
2395 3533 2525 3581 sister,
1056 3511 2015 3600 ON PAYSAN ROMANCIER
2390 3571 2523 3620 quart
2395 3607 2518 3656 où la
2395 3646 2525 3707 l'outil
1793 3639 2327 3791 II
732 3620 1716 3813 EMILE GUIL
