<?xml version="1.0" encoding="UTF-8" standalone="yes"?>
<PcGts xmlns="http://schema.primaresearch.org/PAGE/gts/pagecontent/2013-07-15" xmlns:xsi="http://www.w3.org/2001/XMLSchema-instance" xsi:schemaLocation="http://schema.primaresearch.org/PAGE/gts/pagecontent/2013-07-15 http://schema.primaresearch.org/PAGE/gts/pagecontent/2013-07-15/pagecontent.xsd">
    <Metadata>
        <Creator>prov=READ-COOP:name=PyLaia@TranskribusPlatform:version=2.12.1:model_id=39995:lm=provided:date=28_03_2024_20:24</Creator>
        <Created>2019-10-07T20:37:07.728+02:00</Created>
        <LastChange>2024-03-28T20:24:05.003+01:00</LastChange>
        <TranskribusMetadata docId="224456" pageId="9578394" pageNr="27" tsid="156371866" status="IN_PROGRESS" userId="40391" imgUrl="https://files.transkribus.eu/Get?id=UZXLHVUAYTBRGGHEBDCMTUIB&amp;fileType=view" xmlUrl="https://files.transkribus.eu/Get?id=UTBHAEAFDSKKYAUPOYBQXCWQ" imageId="6208083"/>
    </Metadata>
    <Page imageFilename="224456_0027.jpeg" imageWidth="3344" imageHeight="4384">
        <ReadingOrder>
            <OrderedGroup id="ro_1712662124788" caption="Regions reading order">
                <RegionRefIndexed index="0" regionRef="tr_1"/>
                <RegionRefIndexed index="1" regionRef="tr_2"/>
                <RegionRefIndexed index="2" regionRef="tr_3"/>
                <RegionRefIndexed index="3" regionRef="tr_4"/>
            </OrderedGroup>
        </ReadingOrder>
        <TextRegion orientation="0.0" id="tr_1" custom="readingOrder {index:0;}">
            <Coords points="146,273 146,426 232,426 232,273"/>
            <TextLine id="tr_1_tl_1" custom="readingOrder {index:0;}">
                <Coords points="138,386 146,384 166,401 178,401 192,392 209,397 217,391 229,391 226,307 191,316 175,316 169,310 135,312"/>
                <Baseline points="146,373 174,375 203,376 232,376"/>
                <TextEquiv>
                    <Unicode>1.</Unicode>
                </TextEquiv>
            </TextLine>
            <TextEquiv>
                <Unicode></Unicode>
            </TextEquiv>
        </TextRegion>
        <TextRegion orientation="0.0" id="tr_2" custom="readingOrder {index:1;}">
            <Coords points="274,2274 274,2433 352,2433 352,2274"/>
            <TextLine id="tr_2_tl_1" custom="readingOrder {index:0;}">
                <Coords points="264,2393 274,2395 279,2392 279,2395 299,2384 308,2387 344,2361 352,2361 355,2328 347,2328 339,2334 307,2311 287,2317 273,2314"/>
                <Baseline points="274,2383 300,2378 326,2376 352,2374"/>
                <TextEquiv>
                    <Unicode></Unicode>
                </TextEquiv>
            </TextLine>
            <TextEquiv>
                <Unicode></Unicode>
            </TextEquiv>
        </TextRegion>
        <TextRegion orientation="0.0" id="tr_3" custom="readingOrder {index:2;}">
            <Coords points="307,353 307,3512 1579,3512 1579,353"/>
            <TextLine id="tr_3_tl_1" custom="readingOrder {index:0;}">
                <Coords points="1141,384 1237,398 1310,378 1335,403 1418,389 1469,405 1516,388 1550,403 1575,386 1575,330 1528,308 1480,329 1392,315 1338,346 1170,310 1141,324"/>
                <Baseline points="1149,376 1174,374 1199,373 1224,373 1250,374 1275,375 1300,376 1326,376 1351,376 1376,376 1401,376 1427,377 1452,378 1477,378 1503,376 1528,375 1553,373 1579,376"/>
                <TextEquiv>
                    <Unicode>box 42/2</Unicode>
                </TextEquiv>
            </TextLine>
            <TextLine id="tr_3_tl_2" custom="readingOrder {index:1;}">
                <Coords points="299,411 958,403 958,332 938,326 299,316"/>
                <Baseline points="307,376 339,376 372,376 405,377 437,379 470,377 503,376 535,376 568,376 601,378 634,379 666,379 699,377 732,376 764,376 797,376 830,376 862,376 895,376 928,379 961,388"/>
                <TextEquiv>
                    <Unicode>Miscellaneous</Unicode>
                </TextEquiv>
            </TextLine>
            <TextLine id="tr_3_tl_3" custom="readingOrder {index:2;}">
                <Coords points="636,913 792,935 862,922 1071,969 1192,964 1187,910 631,862"/>
                <Baseline points="642,901 669,903 697,905 724,909 752,913 780,916 807,918 835,920 862,922 890,925 918,929 945,933 973,936 1000,940 1028,942 1056,944 1083,948 1111,950 1138,952 1166,954 1194,958"/>
                <TextEquiv>
                    <Unicode>Dr. Max Goldschmidt</Unicode>
                </TextEquiv>
            </TextLine>
            <TextLine id="tr_3_tl_4" custom="readingOrder {index:3;}">
                <Coords points="594,956 1164,1025 1207,1017 1203,970 587,902"/>
                <Baseline points="600,949 630,951 660,953 691,955 721,959 752,963 782,967 813,969 843,973 874,976 904,978 934,982 965,985 995,987 1026,990 1056,992 1087,996 1117,1000 1148,1004 1178,1006 1209,1009"/>
                <TextEquiv>
                    <Unicode>Büro für Zeitungsausschnitte</Unicode>
                </TextEquiv>
            </TextLine>
            <TextLine id="tr_3_tl_5" custom="readingOrder {index:4;}">
                <Coords points="411,990 431,980 501,995 507,987 533,1001 564,990 600,1003 629,995 656,1001 654,969 597,952 564,956 541,938 513,949 480,930 454,944 406,935"/>
                <Baseline points="418,976 444,978 471,980 498,981 525,983 551,985 578,987 605,989 632,993 659,997"/>
                <TextEquiv>
                    <Unicode>BERLINNA</Unicode>
                </TextEquiv>
            </TextLine>
            <TextLine id="tr_3_tl_6" custom="readingOrder {index:5;}">
                <Coords points="921,1034 1345,1074 1339,1026 1296,1031 1260,1004 1237,1028 1008,992 918,1006"/>
                <Baseline points="928,1024 954,1026 980,1028 1006,1031 1033,1035 1059,1038 1085,1042 1112,1045 1138,1047 1164,1050 1191,1053 1217,1055 1243,1057 1270,1061 1296,1064 1322,1068 1349,1072"/>
                <TextEquiv>
                    <Unicode>Telefoon: Norden 30.</Unicode>
                </TextEquiv>
            </TextLine>
            <TextLine id="tr_3_tl_7" custom="readingOrder {index:6;}">
                <Coords points="708,1094 738,1085 865,1108 942,1104 1009,1127 1059,1110 1057,1082 1023,1068 959,1073 897,1051 804,1043 795,1054 746,1035 705,1054"/>
                <Baseline points="716,1078 742,1080 769,1082 796,1083 822,1086 849,1090 876,1092 902,1094 929,1097 956,1100 982,1104 1009,1106 1036,1108 1063,1110"/>
                <TextEquiv>
                    <Unicode>Ausschnitt aus;</Unicode>
                </TextEquiv>
            </TextLine>
            <TextLine id="tr_3_tl_8" custom="readingOrder {index:7;}">
                <Coords points="580,1153 632,1139 930,1159 992,1186 1166,1183 1159,1127 1118,1118 987,1125 899,1102 873,1121 739,1080 572,1079"/>
                <Baseline points="585,1119 614,1123 643,1127 672,1131 701,1133 730,1135 759,1139 788,1142 817,1144 846,1145 876,1149 905,1153 934,1157 963,1161 992,1164 1021,1166 1050,1168 1079,1170 1108,1172 1137,1174 1167,1176"/>
                <TextEquiv>
                    <Unicode>Leipziger Tageblatt</Unicode>
                </TextEquiv>
            </TextLine>
            <TextLine id="tr_3_tl_9" custom="readingOrder {index:8;}">
                <Coords points="897,1269 950,1273 956,1266 990,1282 1018,1262 1031,1269 1052,1257 1066,1266 1085,1256 1105,1269 1128,1265 1125,1183 1070,1178 987,1197 936,1176 894,1198"/>
                <Baseline points="904,1242 929,1245 954,1248 979,1246 1004,1246 1030,1247 1055,1249 1080,1251 1105,1251 1131,1251"/>
                <TextEquiv>
                    <Unicode>Jan 1925</Unicode>
                </TextEquiv>
            </TextLine>
            <TextLine id="tr_3_tl_10" custom="readingOrder {index:9;}">
                <Coords points="504,1386 1424,1424 1410,1350 1021,1372 865,1327 502,1322"/>
                <Baseline points="513,1373 558,1379 604,1385 650,1388 695,1391 741,1391 787,1394 832,1394 878,1397 924,1398 970,1400 1015,1401 1061,1403 1107,1404 1152,1407 1198,1409 1244,1410 1289,1413 1335,1415 1381,1415 1427,1412"/>
                <TextEquiv>
                    <Unicode>Schnitzler über Alfred Kerr. Wir lesen im „Tage¬</Unicode>
                </TextEquiv>
            </TextLine>
            <TextLine id="tr_3_tl_11" custom="readingOrder {index:10;}">
                <Coords points="493,1426 1418,1469 1429,1423 491,1400"/>
                <Baseline points="501,1424 547,1424 594,1425 640,1427 687,1427 734,1428 780,1431 827,1435 873,1436 920,1438 967,1439 1013,1439 1060,1441 1106,1444 1153,1445 1200,1445 1246,1448 1293,1451 1339,1451 1386,1451 1433,1454"/>
                <TextEquiv>
                    <Unicode>buch, Berlin: In den Weihnachtstagen wurden</Unicode>
                </TextEquiv>
            </TextLine>
            <TextLine id="tr_3_tl_12" custom="readingOrder {index:11;}">
                <Coords points="496,1469 1421,1499 1420,1465 1277,1449 496,1428"/>
                <Baseline points="504,1463 550,1463 596,1463 642,1466 688,1469 734,1469 780,1469 826,1472 872,1473 918,1475 964,1476 1010,1478 1056,1479 1102,1481 1148,1483 1194,1487 1240,1487 1286,1488 1332,1490 1378,1492 1424,1490"/>
                <TextEquiv>
                    <Unicode>Bruchstücke aus einem ungedruckten Buch von Ar¬</Unicode>
                </TextEquiv>
            </TextLine>
            <TextLine id="tr_3_tl_13" custom="readingOrder {index:12;}">
                <Coords points="496,1502 1406,1542 1418,1504 494,1468"/>
                <Baseline points="504,1499 550,1499 596,1502 642,1502 688,1505 734,1508 780,1508 826,1509 872,1511 918,1512 964,1517 1010,1518 1056,1520 1102,1520 1148,1520 1194,1522 1240,1526 1286,1526 1332,1527 1378,1529 1424,1532"/>
                <TextEquiv>
                    <Unicode>thur Schnitzler über Kunst und Kritik ver¬</Unicode>
                </TextEquiv>
            </TextLine>
            <TextLine id="tr_3_tl_14" custom="readingOrder {index:13;}">
                <Coords points="490,1548 1417,1573 1415,1541 1344,1531 488,1507"/>
                <Baseline points="498,1537 544,1537 590,1540 636,1540 682,1543 728,1546 774,1544 821,1549 867,1550 913,1553 959,1555 1005,1555 1051,1556 1097,1558 1144,1559 1190,1561 1236,1561 1282,1564 1328,1567 1374,1570 1421,1573"/>
                <TextEquiv>
                    <Unicode>öffentlicht. Da las ich: „Des Kritikers erste Frage</Unicode>
                </TextEquiv>
            </TextLine>
            <TextLine id="tr_3_tl_15" custom="readingOrder {index:14;}">
                <Coords points="496,1581 1353,1614 1352,1581 1282,1569 496,1545"/>
                <Baseline points="504,1576 546,1579 589,1579 631,1581 674,1582 716,1582 759,1584 801,1587 844,1590 886,1589 929,1589 972,1591 1014,1593 1057,1598 1099,1600 1142,1600 1184,1600 1227,1600 1269,1603 1312,1603 1355,1609"/>
                <TextEquiv>
                    <Unicode>müßte sein: Was hast du mir zu sagen, Werk</Unicode>
                </TextEquiv>
            </TextLine>
            <TextLine id="tr_3_tl_16" custom="readingOrder {index:15;}">
                <Coords points="493,1620 1420,1652 1373,1606 491,1584"/>
                <Baseline points="501,1615 547,1615 593,1615 639,1618 685,1621 731,1621 777,1624 824,1625 870,1627 916,1627 962,1629 1008,1633 1054,1634 1100,1637 1147,1638 1193,1637 1239,1640 1285,1642 1331,1644 1377,1647 1424,1648"/>
                <TextEquiv>
                    <Unicode>Aber das kümmert ihn im allgemeinen wenig.</Unicode>
                </TextEquiv>
            </TextLine>
            <TextLine id="tr_3_tl_17" custom="readingOrder {index:16;}">
                <Coords points="490,1658 1415,1690 1414,1654 1277,1641 490,1623"/>
                <Baseline points="498,1651 544,1654 590,1657 636,1657 682,1660 728,1660 774,1663 820,1664 866,1667 912,1669 958,1669 1004,1669 1050,1670 1096,1673 1142,1676 1188,1678 1234,1679 1280,1681 1326,1682 1372,1686 1418,1684"/>
                <TextEquiv>
                    <Unicode>Seine erste Regung ist vielmehr: Nun, Werk, gib</Unicode>
                </TextEquiv>
            </TextLine>
            <TextLine id="tr_3_tl_18" custom="readingOrder {index:17;}">
                <Coords points="487,1696 1381,1736 1417,1730 1415,1690 485,1657"/>
                <Baseline points="495,1693 541,1693 587,1696 633,1696 680,1699 726,1699 772,1702 819,1703 865,1706 911,1708 958,1709 1004,1711 1050,1711 1096,1712 1143,1715 1189,1717 1235,1719 1282,1720 1328,1724 1374,1724 1421,1720"/>
                <TextEquiv>
                    <Unicode>Acht, was ich dir zu sagen habe!“ Schnitzler hat</Unicode>
                </TextEquiv>
            </TextLine>
            <TextLine id="tr_3_tl_19" custom="readingOrder {index:18;}">
                <Coords points="484,1736 1415,1773 1404,1727 484,1694"/>
                <Baseline points="492,1735 538,1735 584,1735 630,1735 677,1735 723,1735 769,1739 816,1741 862,1742 908,1745 955,1748 1001,1749 1047,1748 1093,1751 1140,1754 1186,1754 1232,1754 1279,1757 1325,1760 1371,1761 1418,1758"/>
                <TextEquiv>
                    <Unicode>zu diesem klaren Satz keinen Namen genannt. Aber</Unicode>
                </TextEquiv>
            </TextLine>
            <TextLine id="tr_3_tl_20" custom="readingOrder {index:19;}">
                <Coords points="480,1775 1418,1807 1417,1775 1302,1756 479,1742"/>
                <Baseline points="489,1770 535,1770 582,1770 628,1773 675,1773 722,1776 768,1777 815,1780 861,1782 908,1782 955,1783 1001,1785 1048,1788 1094,1790 1141,1790 1188,1793 1234,1794 1281,1796 1327,1799 1374,1800 1421,1800"/>
                <TextEquiv>
                    <Unicode>welcher erfahrene Leser hat nicht unwillkürlich die</Unicode>
                </TextEquiv>
            </TextLine>
            <TextLine id="tr_3_tl_21" custom="readingOrder {index:20;}">
                <Coords points="480,1818 1410,1841 1409,1809 1352,1804 479,1782"/>
                <Baseline points="489,1806 535,1809 581,1809 627,1815 674,1812 720,1815 766,1818 813,1818 859,1819 905,1822 952,1824 998,1825 1044,1827 1090,1828 1137,1830 1183,1830 1229,1832 1276,1835 1322,1836 1368,1836 1415,1833"/>
                <TextEquiv>
                    <Unicode>Adresse hinzugefügt, an die diese Kritik einer uner¬</Unicode>
                </TextEquiv>
            </TextLine>
            <TextLine id="tr_3_tl_22" custom="readingOrder {index:21;}">
                <Coords points="467,1869 1217,1886 1252,1882 1251,1837 465,1826"/>
                <Baseline points="474,1851 513,1851 552,1851 591,1853 630,1855 669,1857 708,1857 748,1857 787,1857 826,1860 865,1860 904,1862 943,1863 982,1864 1022,1866 1061,1866 1100,1866 1139,1869 1178,1869 1217,1872 1257,1872"/>
                <TextEquiv>
                    <Unicode>träglich selbstgefälligen Kritik gerichtet ist?</Unicode>
                </TextEquiv>
            </TextLine>
            <TextLine id="tr_3_tl_23" custom="readingOrder {index:22;}">
                <Coords points="924,1927 1339,1953 1445,1919 1440,1818 1296,1889 1021,1866 921,1877"/>
                <Baseline points="931,1899 956,1901 982,1902 1008,1900 1034,1900 1060,1902 1086,1905 1111,1908 1137,1908 1163,1909 1189,1910 1215,1911 1241,1911 1267,1912 1292,1914 1318,1914 1344,1914 1370,1914 1396,1915 1422,1917 1448,1917"/>
                <TextEquiv>
                    <Unicode></Unicode>
                </TextEquiv>
            </TextLine>
            <TextLine id="tr_3_tl_24" custom="readingOrder {index:23;}">
                <Coords points="518,2469 1046,2434 1082,2427 1087,2368 888,2395 852,2370 612,2426 522,2401"/>
                <Baseline points="528,2457 557,2456 586,2455 616,2454 645,2453 675,2449 704,2447 733,2445 763,2443 792,2441 822,2438 851,2435 881,2432 910,2430 939,2428 969,2426 998,2424 1028,2420 1057,2418 1087,2418"/>
                <TextEquiv>
                    <Unicode>Dr. Max Goldschmidt</Unicode>
                </TextEquiv>
            </TextLine>
            <TextLine id="tr_3_tl_25" custom="readingOrder {index:24;}">
                <Coords points="491,2516 640,2506 691,2526 794,2496 1113,2475 1107,2421 846,2458 496,2460"/>
                <Baseline points="501,2511 531,2508 562,2506 593,2504 624,2502 654,2500 685,2498 716,2496 747,2494 777,2492 808,2490 839,2488 870,2484 900,2480 931,2478 962,2475 993,2471 1023,2469 1054,2469 1085,2468 1116,2466"/>
                <TextEquiv>
                    <Unicode>Büro für Zeitungsausschnitte</Unicode>
                </TextEquiv>
            </TextLine>
            <TextLine id="tr_3_tl_26" custom="readingOrder {index:25;}">
                <Coords points="843,2533 1279,2505 1271,2447 1176,2474 1145,2464 846,2494"/>
                <Baseline points="851,2532 876,2526 901,2524 926,2523 952,2521 977,2519 1002,2518 1028,2515 1053,2512 1078,2511 1103,2511 1129,2507 1154,2504 1179,2503 1205,2501 1230,2499 1255,2498 1281,2496"/>
                <TextEquiv>
                    <Unicode>Telefon: Norden 3051</Unicode>
                </TextEquiv>
            </TextLine>
            <TextLine id="tr_3_tl_27" custom="readingOrder {index:26;}">
                <Coords points="335,2571 386,2581 479,2561 507,2571 544,2554 591,2564 595,2513 479,2523 432,2509 408,2522 374,2508 360,2519 339,2514"/>
                <Baseline points="343,2568 368,2565 393,2563 418,2562 443,2560 468,2558 493,2557 518,2554 543,2551 568,2550 594,2550"/>
                <TextEquiv>
                    <Unicode>BERLINNA</Unicode>
                </TextEquiv>
            </TextLine>
            <TextLine id="tr_3_tl_28" custom="readingOrder {index:27;}">
                <Coords points="648,2624 777,2626 818,2612 907,2621 963,2606 978,2615 981,2567 905,2554 890,2568 832,2559 725,2582 693,2570 651,2578"/>
                <Baseline points="657,2619 682,2618 707,2616 732,2613 757,2610 782,2608 807,2607 832,2605 857,2603 882,2602 907,2600 932,2598 957,2598 982,2598"/>
                <TextEquiv>
                    <Unicode>Ausschnitt aus:</Unicode>
                </TextEquiv>
            </TextLine>
            <TextLine id="tr_3_tl_29" custom="readingOrder {index:28;}">
                <Coords points="363,2706 699,2720 1063,2652 1159,2691 1274,2635 1277,2581 1060,2578 902,2621 369,2632"/>
                <Baseline points="373,2696 418,2691 463,2690 508,2688 554,2684 599,2679 644,2675 689,2672 735,2669 780,2666 825,2663 870,2660 916,2657 961,2654 1006,2651 1051,2645 1097,2642 1142,2639 1187,2636 1232,2630 1278,2628"/>
                <TextEquiv>
                    <Unicode>Vogtländischer Anzeiger, Plauen</Unicode>
                </TextEquiv>
            </TextLine>
            <TextLine id="tr_3_tl_30" custom="readingOrder {index:29;}">
                <Coords points="1330,2711 1359,2706 1372,2711 1384,2705 1404,2716 1420,2709 1431,2716 1445,2714 1437,2581 1406,2579 1369,2609 1348,2598 1339,2606 1322,2602"/>
                <Baseline points="1337,2684 1364,2682 1391,2682 1418,2686 1445,2690"/>
                <TextEquiv>
                    <Unicode>192</Unicode>
                </TextEquiv>
            </TextLine>
            <TextLine id="tr_3_tl_31" custom="readingOrder {index:30;}">
                <Coords points="1201,2695 1221,2689 1242,2705 1265,2695 1282,2708 1291,2703 1300,2705 1299,2637 1286,2640 1276,2630 1269,2637 1248,2633 1238,2635 1217,2658 1209,2650 1200,2652"/>
                <Baseline points="1209,2687 1240,2687 1271,2688 1302,2690"/>
                <TextEquiv>
                    <Unicode>an</Unicode>
                </TextEquiv>
            </TextLine>
            <TextLine id="tr_3_tl_32" custom="readingOrder {index:31;}">
                <Coords points="921,2830 1011,2816 1083,2829 1113,2809 1159,2815 1209,2799 1273,2818 1280,2730 1130,2717 1059,2757 992,2719 928,2720"/>
                <Baseline points="931,2810 957,2808 984,2807 1011,2807 1037,2807 1064,2806 1091,2804 1117,2799 1144,2792 1171,2790 1197,2788 1224,2787 1251,2790 1278,2795"/>
                <TextEquiv>
                    <Unicode>1. Jan. 1925</Unicode>
                </TextEquiv>
            </TextLine>
            <TextLine id="tr_3_tl_33" custom="readingOrder {index:32;}">
                <Coords points="516,2923 1442,2911 1442,2861 1372,2841 1066,2885 882,2886 835,2852 516,2864"/>
                <Baseline points="525,2902 571,2905 617,2914 663,2914 709,2914 755,2916 801,2911 847,2911 893,2911 939,2911 985,2910 1031,2909 1077,2910 1123,2908 1169,2908 1215,2908 1261,2908 1307,2907 1353,2905 1399,2905 1445,2905"/>
                <TextEquiv>
                    <Unicode>Artur Schnitzler über eine gewisse Kritik. Die</Unicode>
                </TextEquiv>
            </TextLine>
            <TextLine id="tr_3_tl_34" custom="readingOrder {index:33;}">
                <Coords points="484,2965 1420,2950 1445,2911 485,2919"/>
                <Baseline points="492,2950 539,2949 587,2950 634,2950 682,2950 730,2947 777,2944 825,2944 873,2944 920,2944 968,2944 1016,2944 1063,2944 1111,2944 1159,2942 1206,2939 1254,2938 1302,2940 1349,2941 1397,2941 1445,2938"/>
                <TextEquiv>
                    <Unicode>angesehene Zeitschrift „Das Tagebuch“=Berlin hat</Unicode>
                </TextEquiv>
            </TextLine>
            <TextLine id="tr_3_tl_35" custom="readingOrder {index:34;}">
                <Coords points="513,3057 1442,3049 1442,3012 1290,3013 1238,2978 806,2981 747,3027 513,3026"/>
                <Baseline points="522,3049 568,3052 614,3051 660,3049 706,3049 752,3049 798,3047 845,3048 891,3049 937,3047 983,3048 1029,3047 1075,3046 1121,3046 1168,3046 1214,3043 1260,3046 1306,3043 1352,3043 1398,3043 1445,3043"/>
                <TextEquiv>
                    <Unicode>Kern unter Zierung eines treffenden Ausspruches</Unicode>
                </TextEquiv>
            </TextLine>
            <TextLine id="tr_3_tl_36" custom="readingOrder {index:35;}">
                <Coords points="491,3102 1438,3084 1438,3049 1237,3043 493,3071"/>
                <Baseline points="501,3090 548,3087 595,3084 642,3084 689,3084 736,3083 783,3081 830,3081 877,3080 924,3079 971,3081 1018,3081 1065,3081 1112,3079 1159,3078 1206,3078 1253,3078 1300,3078 1347,3078 1394,3078 1442,3078"/>
                <TextEquiv>
                    <Unicode>des Wiener Dichters Artur Schnitzler Stellung ge¬</Unicode>
                </TextEquiv>
            </TextLine>
            <TextLine id="tr_3_tl_37" custom="readingOrder {index:36;}">
                <Coords points="513,3125 1438,3114 1438,3083 1393,3078 513,3094"/>
                <Baseline points="522,3123 568,3120 614,3120 660,3120 706,3118 752,3117 798,3115 844,3116 890,3115 936,3114 982,3114 1028,3114 1074,3114 1120,3112 1166,3114 1212,3111 1258,3114 1304,3111 1350,3111 1396,3111 1442,3111"/>
                <TextEquiv>
                    <Unicode>nommen. Es heißt da u. a.: In den Weihnachts¬</Unicode>
                </TextEquiv>
            </TextLine>
            <TextLine id="tr_3_tl_38" custom="readingOrder {index:37;}">
                <Coords points="510,3159 1438,3148 1429,3114 510,3125"/>
                <Baseline points="519,3150 565,3153 611,3153 657,3153 703,3151 749,3150 795,3150 842,3150 888,3150 934,3150 980,3148 1026,3147 1072,3147 1118,3147 1165,3147 1211,3147 1257,3147 1303,3147 1349,3144 1395,3144 1442,3141"/>
                <TextEquiv>
                    <Unicode>tagen wurden Bruchstücke aus einem ungedruckten</Unicode>
                </TextEquiv>
            </TextLine>
            <TextLine id="tr_3_tl_39" custom="readingOrder {index:38;}">
                <Coords points="513,3198 1445,3190 1445,3145 513,3179"/>
                <Baseline points="522,3192 568,3189 614,3189 660,3188 707,3187 753,3189 799,3187 846,3186 892,3186 938,3186 985,3186 1031,3186 1077,3186 1123,3184 1170,3183 1216,3181 1262,3180 1309,3180 1355,3180 1401,3180 1448,3180"/>
                <TextEquiv>
                    <Unicode>auch von Artur Schnitzler über Kunst und Kriti¬</Unicode>
                </TextEquiv>
            </TextLine>
            <TextLine id="tr_3_tl_40" custom="readingOrder {index:39;}">
                <Coords points="516,3227 1442,3221 1420,3181 518,3196"/>
                <Baseline points="525,3225 571,3222 617,3222 663,3222 709,3220 755,3221 801,3220 847,3219 893,3219 939,3217 985,3218 1031,3219 1077,3219 1123,3217 1169,3216 1215,3216 1261,3216 1307,3216 1353,3216 1399,3213 1445,3213"/>
                <TextEquiv>
                    <Unicode>veröffentlicht. Da las ich: „Des Kritikers erste</Unicode>
                </TextEquiv>
            </TextLine>
            <TextLine id="tr_3_tl_41" custom="readingOrder {index:40;}">
                <Coords points="519,3261 1440,3252 1440,3218 1362,3213 519,3227"/>
                <Baseline points="528,3255 573,3258 619,3258 665,3258 710,3258 756,3254 802,3252 847,3252 893,3250 939,3251 985,3252 1030,3252 1076,3252 1122,3249 1167,3249 1213,3249 1259,3249 1304,3249 1350,3249 1396,3249 1442,3243"/>
                <TextEquiv>
                    <Unicode>Frage müßte sein: Was hast du mir zu sagen</Unicode>
                </TextEquiv>
            </TextLine>
            <TextLine id="tr_3_tl_42" custom="readingOrder {index:41;}">
                <Coords points="516,3297 1442,3288 1421,3250 518,3260"/>
                <Baseline points="525,3290 571,3293 617,3293 663,3290 709,3290 755,3289 801,3288 847,3288 893,3286 939,3287 985,3288 1031,3288 1077,3286 1123,3285 1169,3282 1215,3285 1261,3285 1307,3285 1353,3285 1399,3282 1445,3282"/>
                <TextEquiv>
                    <Unicode>Werk —? Aber das kümmert ihn im allgemeinen</Unicode>
                </TextEquiv>
            </TextLine>
            <TextLine id="tr_3_tl_43" custom="readingOrder {index:42;}">
                <Coords points="516,3332 1445,3317 1387,3283 516,3298"/>
                <Baseline points="525,3326 571,3326 617,3327 663,3326 709,3323 755,3323 801,3321 848,3320 894,3322 940,3323 986,3321 1032,3320 1078,3320 1124,3318 1171,3319 1217,3320 1263,3317 1309,3317 1355,3317 1401,3317 1448,3314"/>
                <TextEquiv>
                    <Unicode>wenig. Seine erste Regung ist vielmehr: Nun</Unicode>
                </TextEquiv>
            </TextLine>
            <TextLine id="tr_3_tl_44" custom="readingOrder {index:43;}">
                <Coords points="519,3364 1440,3356 1440,3317 519,3329"/>
                <Baseline points="528,3362 573,3359 619,3359 665,3359 710,3359 756,3357 802,3356 847,3356 893,3356 939,3356 985,3356 1030,3356 1076,3354 1122,3353 1167,3353 1213,3353 1259,3353 1304,3353 1350,3353 1396,3353 1442,3347"/>
                <TextEquiv>
                    <Unicode>Werk, gib Acht, was ich dir zu sagen habe!</Unicode>
                </TextEquiv>
            </TextLine>
            <TextLine id="tr_3_tl_45" custom="readingOrder {index:44;}">
                <Coords points="516,3401 1445,3391 1445,3357 1335,3351 516,3365"/>
                <Baseline points="525,3395 571,3395 617,3395 663,3395 709,3393 755,3392 801,3390 848,3389 894,3391 940,3390 986,3389 1032,3389 1078,3387 1124,3386 1171,3386 1217,3386 1263,3386 1309,3386 1355,3383 1401,3386 1448,3380"/>
                <TextEquiv>
                    <Unicode>Schnitzler hat zu diesem klaren Satz keinen Namer</Unicode>
                </TextEquiv>
            </TextLine>
            <TextLine id="tr_3_tl_46" custom="readingOrder {index:45;}">
                <Coords points="519,3438 1407,3426 1449,3390 519,3402"/>
                <Baseline points="528,3434 574,3430 620,3428 666,3428 712,3428 758,3426 804,3425 851,3425 897,3425 943,3425 989,3425 1035,3423 1081,3422 1127,3422 1174,3422 1220,3422 1266,3422 1312,3419 1358,3419 1404,3419 1451,3416"/>
                <TextEquiv>
                    <Unicode>genannt. Aber welcher erfahrene Leser hat nicht un¬</Unicode>
                </TextEquiv>
            </TextLine>
            <TextLine id="tr_3_tl_47" custom="readingOrder {index:46;}">
                <Coords points="519,3475 1451,3458 1435,3418 519,3438"/>
                <Baseline points="528,3467 574,3464 620,3464 666,3463 713,3461 759,3460 805,3458 852,3458 898,3458 944,3458 991,3458 1037,3458 1083,3458 1129,3456 1176,3457 1222,3456 1268,3455 1315,3458 1361,3458 1407,3455 1454,3449"/>
                <TextEquiv>
                    <Unicode>willkürlich die Adresse hinzugefügt, an die diese Kriti¬</Unicode>
                </TextEquiv>
            </TextLine>
            <TextLine id="tr_3_tl_48" custom="readingOrder {index:47;}">
                <Coords points="519,3529 1327,3542 1358,3532 1359,3463 519,3470"/>
                <Baseline points="528,3500 569,3501 611,3502 652,3500 694,3500 736,3500 777,3497 819,3497 861,3497 902,3497 944,3497 986,3497 1027,3495 1069,3494 1111,3494 1152,3493 1194,3492 1236,3493 1277,3491 1319,3491 1361,3494"/>
                <TextEquiv>
                    <Unicode>einer allen selbstgefälligen Kritik gerichtet ist?</Unicode>
                </TextEquiv>
            </TextLine>
            <TextEquiv>
                <Unicode></Unicode>
            </TextEquiv>
        </TextRegion>
        <TextRegion orientation="0.0" id="tr_4" custom="readingOrder {index:3;}">
            <Coords points="1711,254 1711,2960 2968,2960 2968,254"/>
            <TextLine id="tr_4_tl_1" custom="readingOrder {index:0;}">
                <Coords points="2034,308 2054,299 2075,308 2091,307 2096,302 2106,308 2133,299 2133,214 2108,211 2099,220 2085,222 2071,215 2055,228 2034,229"/>
                <Baseline points="2042,277 2073,275 2104,275 2135,277"/>
                <TextEquiv>
                    <Unicode></Unicode>
                </TextEquiv>
            </TextLine>
            <TextLine id="tr_4_tl_2" custom="readingOrder {index:1;}">
                <Coords points="1973,1626 2551,1612 2571,1604 2575,1542 2458,1534 2390,1567 2362,1541 2196,1575 2144,1547 2086,1570 1975,1566"/>
                <Baseline points="1982,1618 2011,1617 2041,1615 2071,1615 2101,1614 2130,1612 2160,1612 2190,1610 2220,1606 2249,1606 2279,1605 2309,1603 2339,1603 2368,1603 2398,1603 2428,1601 2458,1599 2487,1597 2517,1597 2547,1596 2577,1594"/>
                <TextEquiv>
                    <Unicode>Dr. Max Goldschmidt</Unicode>
                </TextEquiv>
            </TextLine>
            <TextLine id="tr_4_tl_3" custom="readingOrder {index:2;}">
                <Coords points="1979,1674 2094,1691 2215,1668 2310,1688 2370,1658 2570,1658 2571,1604 1981,1628"/>
                <Baseline points="1988,1669 2017,1669 2046,1669 2075,1669 2105,1667 2134,1666 2163,1666 2193,1666 2222,1666 2251,1664 2281,1662 2310,1659 2339,1655 2368,1654 2398,1654 2427,1652 2456,1651 2486,1651 2515,1649 2544,1648 2574,1648"/>
                <TextEquiv>
                    <Unicode>Büro für Zeitungsausschnitte</Unicode>
                </TextEquiv>
            </TextLine>
            <TextLine id="tr_4_tl_4" custom="readingOrder {index:3;}">
                <Coords points="2350,1708 2740,1697 2759,1691 2762,1649 2688,1637 2581,1662 2351,1663"/>
                <Baseline points="2359,1702 2384,1698 2409,1696 2435,1696 2460,1695 2485,1694 2511,1693 2536,1693 2562,1692 2587,1690 2612,1688 2638,1687 2663,1687 2688,1686 2714,1684 2739,1684 2765,1684"/>
                <TextEquiv>
                    <Unicode>Telefon: Norden 3051</Unicode>
                </TextEquiv>
            </TextLine>
            <TextLine id="tr_4_tl_5" custom="readingOrder {index:4;}">
                <Coords points="1838,1727 1862,1734 1934,1722 1961,1731 2023,1713 2046,1722 2068,1717 2069,1674 1982,1677 1962,1663 1947,1677 1913,1683 1894,1679 1868,1655 1841,1665"/>
                <Baseline points="1848,1723 1876,1719 1904,1716 1932,1714 1960,1712 1988,1711 2016,1711 2044,1711 2072,1711"/>
                <TextEquiv>
                    <Unicode>ERLINN 4</Unicode>
                </TextEquiv>
            </TextLine>
            <TextLine id="tr_4_tl_6" custom="readingOrder {index:5;}">
                <Coords points="2130,1789 2158,1798 2173,1787 2248,1795 2274,1786 2286,1795 2347,1779 2420,1795 2447,1781 2449,1738 2407,1731 2358,1747 2316,1730 2282,1744 2251,1733 2131,1739"/>
                <Baseline points="2138,1782 2164,1780 2190,1779 2216,1779 2242,1778 2268,1776 2294,1776 2320,1776 2346,1774 2372,1773 2398,1773 2424,1772 2451,1770"/>
                <TextEquiv>
                    <Unicode>Ausschnitt aus:</Unicode>
                </TextEquiv>
            </TextLine>
            <TextLine id="tr_4_tl_7" custom="readingOrder {index:6;}">
                <Coords points="1877,1866 2299,1837 2334,1862 2463,1832 2571,1862 2711,1846 2714,1776 2660,1756 2148,1803 2128,1779 2071,1806 2012,1781 1945,1815 1880,1790"/>
                <Baseline points="1887,1851 1928,1850 1970,1848 2011,1847 2053,1845 2094,1845 2136,1842 2177,1842 2219,1839 2260,1837 2302,1836 2343,1834 2385,1833 2426,1832 2468,1830 2509,1829 2551,1826 2592,1823 2634,1821 2675,1818 2717,1818"/>
                <TextEquiv>
                    <Unicode>Hamburgischer Correspondent</Unicode>
                </TextEquiv>
            </TextLine>
            <TextLine id="tr_4_tl_8" custom="readingOrder {index:7;}">
                <Coords points="2455,2026 2526,2054 2575,2040 2686,2049 2771,2079 2813,2069 2809,1976 2716,1976 2674,1992 2629,1990 2578,1961 2452,1970"/>
                <Baseline points="2463,2030 2488,2032 2513,2033 2538,2035 2563,2037 2589,2038 2614,2040 2639,2042 2664,2042 2689,2042 2715,2044 2740,2046 2765,2047 2790,2048 2816,2048"/>
                <TextEquiv>
                    <Unicode>18. Feb. 1925</Unicode>
                </TextEquiv>
            </TextLine>
            <TextLine id="tr_4_tl_9" custom="readingOrder {index:8;}">
                <Coords points="1973,2134 2243,2150 2367,2125 2404,2151 2443,2131 2519,2150 2669,2125 2669,2088 2637,2068 2547,2052 1973,2048"/>
                <Baseline points="1982,2123 2016,2122 2051,2120 2085,2117 2120,2119 2154,2120 2189,2120 2223,2120 2258,2120 2292,2120 2327,2120 2361,2120 2396,2118 2430,2117 2465,2117 2499,2117 2534,2117 2568,2115 2603,2115 2637,2117 2672,2117"/>
                <TextEquiv>
                    <Unicode>Kleines Feuilleton.</Unicode>
                </TextEquiv>
            </TextLine>
            <TextLine id="tr_4_tl_10" custom="readingOrder {index:9;}">
                <Coords points="1806,2212 2840,2203 2819,2139 1807,2154"/>
                <Baseline points="1815,2206 1866,2203 1917,2204 1969,2204 2020,2203 2072,2203 2123,2203 2174,2200 2226,2200 2277,2200 2329,2200 2380,2198 2431,2197 2483,2197 2534,2194 2586,2196 2637,2194 2688,2194 2740,2194 2791,2194 2843,2194"/>
                <TextEquiv>
                    <Unicode>Das Deutsche Drama der Gegenwart.</Unicode>
                </TextEquiv>
            </TextLine>
            <TextLine id="tr_4_tl_11" custom="readingOrder {index:10;}">
                <Coords points="1786,2268 2939,2251 2897,2198 1786,2209"/>
                <Baseline points="1794,2263 1851,2260 1908,2260 1966,2260 2023,2260 2080,2258 2138,2257 2195,2257 2252,2257 2310,2254 2367,2254 2424,2254 2482,2254 2539,2254 2596,2253 2654,2251 2711,2248 2768,2248 2826,2249 2883,2249 2941,2245"/>
                <TextEquiv>
                    <Unicode>Auf Einladung der Volksbühne sprach Julius Bab von</Unicode>
                </TextEquiv>
            </TextLine>
            <TextLine id="tr_4_tl_12" custom="readingOrder {index:11;}">
                <Coords points="1708,2308 2933,2294 2920,2249 1710,2263"/>
                <Baseline points="1717,2305 1778,2302 1839,2302 1900,2300 1961,2300 2022,2300 2083,2299 2144,2299 2205,2299 2266,2296 2327,2296 2388,2294 2449,2293 2510,2293 2571,2293 2632,2290 2693,2293 2754,2290 2815,2289 2876,2287 2938,2284"/>
                <TextEquiv>
                    <Unicode>der Idee des Dramas, von den geheimen Kräften des Lebens</Unicode>
                </TextEquiv>
            </TextLine>
            <TextLine id="tr_4_tl_13" custom="readingOrder {index:12;}">
                <Coords points="1714,2348 2937,2340 2937,2297 2796,2286 1714,2316"/>
                <Baseline points="1723,2344 1783,2341 1844,2341 1905,2341 1966,2340 2027,2338 2088,2338 2149,2338 2210,2338 2271,2338 2332,2336 2392,2338 2453,2335 2514,2335 2575,2335 2636,2332 2697,2332 2758,2335 2819,2331 2880,2329 2941,2329"/>
                <TextEquiv>
                    <Unicode>und dem in diesen Kräften sich spiegelnden Geist der Zeit. Den</Unicode>
                </TextEquiv>
            </TextLine>
            <TextLine id="tr_4_tl_14" custom="readingOrder {index:13;}">
                <Coords points="1705,2396 2928,2372 2909,2330 1705,2358"/>
                <Baseline points="1714,2386 1774,2386 1835,2383 1896,2380 1957,2380 2018,2380 2079,2380 2140,2378 2201,2380 2262,2380 2323,2377 2383,2375 2444,2374 2505,2374 2566,2374 2627,2374 2688,2374 2749,2371 2810,2371 2871,2369 2932,2365"/>
                <TextEquiv>
                    <Unicode>Begriff Gegenpartsdrama zog Bab von der geistig unproduk¬</Unicode>
                </TextEquiv>
            </TextLine>
            <TextLine id="tr_4_tl_15" custom="readingOrder {index:14;}">
                <Coords points="1720,2429 2937,2415 2937,2364 1720,2389"/>
                <Baseline points="1729,2424 1789,2423 1850,2421 1910,2421 1971,2418 2032,2420 2092,2418 2153,2418 2213,2420 2274,2418 2335,2417 2395,2415 2456,2415 2516,2415 2577,2415 2638,2415 2698,2413 2759,2410 2819,2410 2880,2410 2941,2407"/>
                <TextEquiv>
                    <Unicode>tiven Zeit des siebziger Nachkriegsjahre, dem Einsetzen des</Unicode>
                </TextEquiv>
            </TextLine>
            <TextLine id="tr_4_tl_16" custom="readingOrder {index:15;}">
                <Coords points="1702,2483 2761,2469 2934,2457 2936,2415 1702,2434"/>
                <Baseline points="1711,2466 1772,2463 1833,2463 1895,2463 1956,2463 2017,2460 2079,2458 2140,2460 2201,2458 2263,2457 2324,2457 2385,2457 2447,2457 2508,2456 2569,2452 2631,2451 2692,2451 2753,2451 2815,2449 2876,2449 2938,2448"/>
                <TextEquiv>
                    <Unicode>Naturalismus, als Folgerscheinung der Theorien eines Arno</Unicode>
                </TextEquiv>
            </TextLine>
            <TextLine id="tr_4_tl_17" custom="readingOrder {index:16;}">
                <Coords points="1708,2511 2931,2488 2908,2451 1708,2480"/>
                <Baseline points="1717,2505 1777,2505 1838,2503 1899,2502 1960,2501 2021,2501 2082,2502 2143,2499 2204,2501 2265,2499 2326,2496 2386,2496 2447,2496 2508,2495 2569,2493 2630,2492 2691,2490 2752,2490 2813,2489 2874,2487 2935,2484"/>
                <TextEquiv>
                    <Unicode>Holtz bis zur Jetztzeit. Aus dem Naturalismus heraus¬</Unicode>
                </TextEquiv>
            </TextLine>
            <TextLine id="tr_4_tl_18" custom="readingOrder {index:17;}">
                <Coords points="1711,2553 2936,2544 2917,2489 1713,2516"/>
                <Baseline points="1720,2550 1781,2544 1842,2543 1903,2543 1964,2541 2025,2541 2086,2541 2147,2538 2208,2538 2269,2535 2330,2535 2391,2535 2452,2532 2513,2535 2574,2535 2635,2535 2696,2532 2757,2529 2818,2529 2879,2529 2941,2526"/>
                <TextEquiv>
                    <Unicode>gewachsen, finden wir den Gestalter Gerhart Hauptmann,</Unicode>
                </TextEquiv>
            </TextLine>
            <TextLine id="tr_4_tl_19" custom="readingOrder {index:18;}">
                <Coords points="1711,2588 2939,2576 2858,2528 1713,2553"/>
                <Baseline points="1720,2586 1781,2583 1842,2583 1903,2581 1964,2580 2026,2580 2087,2580 2148,2578 2209,2578 2270,2577 2332,2577 2393,2575 2454,2574 2515,2571 2576,2571 2638,2571 2699,2571 2760,2571 2821,2570 2882,2568 2944,2568"/>
                <TextEquiv>
                    <Unicode>den eigentlichen Schöpfer des deutschen Dramas der Gegenwart,</Unicode>
                </TextEquiv>
            </TextLine>
            <TextLine id="tr_4_tl_20" custom="readingOrder {index:19;}">
                <Coords points="1710,2630 2934,2612 2934,2571 2866,2567 1711,2588"/>
                <Baseline points="1720,2622 1780,2625 1841,2625 1902,2622 1963,2619 2024,2621 2085,2622 2146,2619 2207,2619 2268,2619 2329,2616 2389,2616 2450,2613 2511,2613 2572,2615 2633,2612 2694,2608 2755,2610 2816,2609 2877,2607 2938,2604"/>
                <TextEquiv>
                    <Unicode>ohne gleichwertige Nachfolger. Arthur Schnitzler, den Bab</Unicode>
                </TextEquiv>
            </TextLine>
            <TextLine id="tr_4_tl_21" custom="readingOrder {index:20;}">
                <Coords points="1711,2666 2937,2655 2914,2607 1711,2629"/>
                <Baseline points="1720,2663 1781,2660 1842,2660 1903,2660 1964,2659 2025,2657 2086,2660 2147,2660 2208,2658 2269,2657 2330,2654 2391,2654 2452,2651 2513,2653 2574,2649 2635,2648 2696,2646 2757,2648 2818,2647 2879,2645 2941,2639"/>
                <TextEquiv>
                    <Unicode>in der Folge heranzog, kann als Verfasser von Gesellschafts¬</Unicode>
                </TextEquiv>
            </TextLine>
            <TextLine id="tr_4_tl_22" custom="readingOrder {index:21;}">
                <Coords points="1720,2711 2940,2694 2942,2649 1722,2669"/>
                <Baseline points="1729,2705 1789,2702 1850,2702 1911,2702 1972,2699 2032,2697 2093,2699 2154,2697 2215,2699 2275,2696 2336,2696 2397,2694 2458,2693 2518,2693 2579,2690 2640,2690 2701,2688 2761,2687 2822,2687 2883,2687 2944,2687"/>
                <TextEquiv>
                    <Unicode>stücken für die Betrachtung deutschen Dramatiker nicht in Frage</Unicode>
                </TextEquiv>
            </TextLine>
            <TextLine id="tr_4_tl_23" custom="readingOrder {index:22;}">
                <Coords points="1714,2747 2937,2737 2937,2699 2843,2689 1714,2706"/>
                <Baseline points="1723,2741 1783,2744 1844,2743 1905,2744 1966,2738 2027,2738 2088,2738 2149,2736 2210,2738 2271,2735 2332,2735 2392,2735 2453,2732 2514,2733 2575,2733 2636,2731 2697,2729 2758,2729 2819,2726 2880,2726 2941,2720"/>
                <TextEquiv>
                    <Unicode>kommen. Mit Paul Ernst kennzeichnet sich die Gegenbewe¬</Unicode>
                </TextEquiv>
            </TextLine>
            <TextLine id="tr_4_tl_24" custom="readingOrder {index:23;}">
                <Coords points="1717,2790 2943,2778 2906,2728 1719,2757"/>
                <Baseline points="1726,2786 1787,2786 1848,2785 1909,2781 1970,2780 2031,2778 2092,2780 2153,2777 2214,2777 2275,2777 2336,2777 2397,2775 2458,2774 2519,2774 2580,2769 2641,2771 2702,2769 2763,2768 2824,2768 2885,2766 2947,2765"/>
                <TextEquiv>
                    <Unicode>gung gegen das naturalistische Weltgefühl. Ernst löst alles in</Unicode>
                </TextEquiv>
            </TextLine>
            <TextLine id="tr_4_tl_25" custom="readingOrder {index:24;}">
                <Coords points="1711,2832 2908,2816 2943,2776 1711,2792"/>
                <Baseline points="1720,2822 1781,2822 1842,2822 1903,2822 1964,2822 2026,2819 2087,2819 2148,2819 2209,2817 2270,2816 2332,2815 2393,2813 2454,2816 2515,2813 2576,2811 2638,2810 2699,2808 2760,2810 2821,2807 2882,2807 2944,2807"/>
                <TextEquiv>
                    <Unicode>den moralischen Kern des Menschen auf, während sein Antipode</Unicode>
                </TextEquiv>
            </TextLine>
            <TextLine id="tr_4_tl_26" custom="readingOrder {index:25;}">
                <Coords points="1724,2868 2883,2858 2945,2812 1724,2829"/>
                <Baseline points="1732,2860 1792,2862 1853,2860 1914,2860 1975,2857 2035,2857 2096,2857 2157,2857 2218,2857 2278,2857 2339,2854 2400,2854 2461,2854 2521,2854 2582,2851 2643,2849 2704,2849 2764,2849 2825,2849 2886,2849 2947,2849"/>
                <TextEquiv>
                    <Unicode>Wedekind das Tier in seinen Gestalten zum Ausdruck bringt.</Unicode>
                </TextEquiv>
            </TextLine>
            <TextLine id="tr_4_tl_27" custom="readingOrder {index:26;}">
                <Coords points="1719,2914 2598,2898 2875,2951 2964,2902 2964,2838 1720,2868"/>
                <Baseline points="1729,2905 1794,2903 1859,2902 1924,2902 1989,2899 2055,2899 2120,2896 2185,2898 2250,2899 2315,2897 2381,2899 2446,2896 2511,2894 2576,2895 2641,2893 2707,2892 2772,2890 2837,2887 2902,2887 2968,2887"/>
                <TextEquiv>
                    <Unicode>Aus den Talenten der Nachkriegszeit ragt Ernst Barlach als¬</Unicode>
                </TextEquiv>
            </TextLine>
            <TextLine id="tr_4_tl_28" custom="readingOrder {index:27;}">
                <Coords points="1711,2951 2223,2953 2224,2914 2175,2903 1713,2914"/>
                <Baseline points="1720,2950 1745,2947 1770,2947 1796,2947 1821,2947 1846,2946 1872,2944 1897,2944 1922,2944 1948,2944 1973,2943 1998,2941 2024,2941 2049,2941 2074,2941 2100,2941 2125,2941 2150,2941 2176,2941 2201,2943 2227,2947"/>
                <TextEquiv>
                    <Unicode>elementare Kraft hervor.</Unicode>
                </TextEquiv>
            </TextLine>
            <TextEquiv>
                <Unicode></Unicode>
            </TextEquiv>
        </TextRegion>
    </Page>
</PcGts>
