3344 4320
1322 85 2500 195 gen sich vor mich die
1185 142 1295 198 inten
1190 175 1631 247 Heimat „Liebelei“ wäre.
1444 192 2527 273 Das ist eine Auszeichnung, vielleicht sogar eine Schmeichelei,
1225 229 1303 292 muß
1197 273 2171 331 luttes aber sicherlich kein Vergnügen. Wirklich nicht.
1444 300 2532 375 Es ist nicht angenehm, wenn man den Leuten immer
1337 342 2534 419 wieder versichern muß, daß man nur mit sich selbst identich
1339 403 2544 464 ist. Dieses „nur“ ist besonders unsympathisch. Einem
1190 439 2548 515 chieden Minister macht es vielleicht Spaß, wenn man ihn für seinen
1193 486 2544 566 rselben Hofrat hält. Aber der Hofrat fährt unweigerlich zusammen, wenn
1193 549 2537 620 n auf ein schmeichlerisches „Exzellenz", seine subalternen Ohren um¬
1349 602 1478 670 flüstert.
1186 603 1309 671 Gefühl,
1454 603 2542 710 Dabei ist es weder Artur Schnitzler noch mir, noch irgend
1232 661 1312 722 sind,
1342 683 2544 758 jemandem, der uns genau kennt, jemals klar geworden, warum
1193 705 1312 766 emein¬
1220 727 2542 802 Plan uns die Leute verwechseln. Schnitzler hat wundervolle blaue Augen,
1349 776 2546 844 schönes, ach, noch so blondes Haar, ein ausgesprochen französisch
1202 793 1309 859 iemal
1197 831 2553 909 ir alle konturiertes Gesicht — es ist rätselhaft, daß sich die Leute da
1349 868 2558 942 auf eine Aehnlichkeit kaprizieren. Ich kann es mir nur mit dem
1205 934 2548 1000 häuser begreiflichen Wunsche erklären, daß sie mit einem Schnitzlei
1342 980 1826 1064 nicht genug haben wollen.
1453 1007 2556 1095 Immerhin, bis vor kurzem konnte man sich solche Unfälle
1197 1080 2556 1148 hat es gefallen lassen. Sie waren nicht gar so aufregend. Es war aller¬
1349 1122 2563 1195 dings nicht sehr angenehm für den Dichter, wenn er plötzlich
1203 1164 2559 1258 ttelbar von der Volksoper angerufen wurde, was er von der Direktion
1349 1205 2561 1285 wünsche und er sich absolut nicht entsinnen konnte, jemals
1200 1254 2559 1341 fehlte etwas von ihr gewünscht zu haben. Er konnte freilich nicht
1225 1302 2556 1383 sich in wissen, daß ich in den Vormittagsstunden desselben Tages den
1212 1353 2559 1427 de Be¬ Direktor Markowsky vergebens gesucht hatte, weil ich ihn für
1358 1403 2561 1475 einen Freund interessieren wollte. Noch verdrießlicher mag es ihm
1232 1412 1324 1480 durch
1203 1442 2556 1524 unächst gewesen sein, als er eines Tages aus Schärding, einem lieben,
1220 1498 2558 1575 Masse verrunzelten Städchen am Inn, einen vorwurfsvollen Brief
1217 1558 2565 1632 te den erhielt, es sei nicht schön von ihm, daß er einmal in einen so
1214 1592 2566 1675 halten weltfernen Winkel verschlagen, für seine alten Freunde dort nicht
1241 1649 2563 1712 man eine Viertelstunde übrig habe. Was wußte ich, als ich den ein¬
1239 1688 2563 1771 dafür samen Platz der Stadt durchquerte, daß mich hinter den ge¬
1366 1737 2337 1832 schlossenen Fensterläden grollende Blicke verfolgten —
1220 1758 1337 1824 ignete,
1464 1776 2568 1864 Das waren noch harmlose Mißverständnisse. Die kann jeder
1214 1809 1336 1887 der die
1366 1841 2566 1922 halbwegs geübte Schwankautor erfinden. Bedenklicher wurde es
1244 1859 1336 1919 dazu
1215 1885 2570 1976 allende als der Dichter selbst anfing, mich mit sich zu verwechseln. Wenn
1366 1946 2570 2015 er das Parkett eines Theaters betrat und mir mit einem höchst
1364 1990 2571 2083 erstaunten Lächeln die Hand gab: „Oh, ich bin schon da? Das
1364 2037 2571 2110 hab' ich gar nicht gewußt. Oder, wenn ich ihm auf der
1224 2088 2573 2153 n und Elektrischen meinen Platz respektvoll abtreten wollte und er mit
1220 2127 2575 2229 mittel wohlwollender Logik ablehnte: „Ob Sie oder ich sitzen, das ist
1217 2193 1336 2263 Frank¬
1368 2192 1649 2278 doch ganz egal.
1480 2205 2573 2304 Es gibt eine reizende Novelle aus dem Quattrocento, die
1373 2271 2568 2353 einen verwegenen Künstlerstreich schildert. Ein paar übermütige
1232 2290 1341 2356 Kriege
1214 2339 1339 2400 hin¬
1378 2336 2576 2407 junge Leute wollen einem braven Holzschnitzer einreden, er sei ein
1234 2375 2575 2449 Kaffee anderer; er sei nicht er selbst. Sie tun das mit einem so syste¬
1232 2426 2575 2524 sin matischen Raffinement, daß der arme Teufel ganz verwirrt wird.
1225 2481 1339 2559 ander
1378 2480 1905 2549 Er wehrt sich und wehrt sich
1476 2505 2580 2609 Ich wehre mich auch. Ich lasse mir nicht einreden, daß ich
1229 2581 1342 2646 ganter
1376 2593 2585 2651 nicht mehr ich bin. Das sind Grundtatsachen des Lebens, von
1234 2634 1344 2702 ädten
1378 2626 2583 2698 denen sich ein ordentlicher Mensch nicht loslösen will. Es ist ja
1273 2676 1351 2751 stets
1378 2676 2583 2753 sehr unklug, gewiß, es ist entschieden viel vorteilhafter, Artur
1381 2724 2583 2798 Schnitzler zu sein — aber in solchen Dingen ist man nun einmal
1225 2773 2581 2854 anten, unverständig konservativ. Obwohl es einem manchmal wirklich
1281 2824 1361 2888 vor
1387 2819 2583 2910 schwer gemacht wird, noch an seine eigene Existenz zu glauben.
1237 2876 1346 2939 de und
1487 2871 2587 2948 Vor einigen Wochen erhielt ich von Artur Schnitzler einen
1236 2917 1354 2992 listen.
1381 2922 2585 2992 Brief. Seinem Blatt lag ein zierliches Kuvert bei, das die Visiten¬
1239 2968 1349 3034 en und
1381 2973 2588 3036 karte einer Dame umschloß. Das Kuvert trug die genaue Adresse
1248 3017 1346 3082 Höh.
1376 3012 2592 3085 des Dichters: Herrn Dr. Artur Schnitzler, Wien, rc. rc.; und
1231 3068 1344 3126 melten
1376 3066 2588 3132 auf der Karte stand unter dem Namen der Dame mit sehr deut¬
1246 3112 1348 3176 liebe.
1376 3110 2597 3219 lichen und unableugbaren Buchstaben: ... bittet Herrn Dr. Leo
1248 3165 1351 3227 schen,
1385 3170 1851 3239 Feld um ein Autogramm.
1237 3214 1348 3271 ürfen
1488 3198 2590 3280 Als ich das las, begann mein Hirn sich etwas zu drehen.
1383 3258 2595 3336 Eine Bitte an Artur Schnitzler, die an mich um ein Autogramm
1237 3302 1354 3365 re der
1376 3307 2590 3383 gerichtet war —? Die Welt ist doch noch schwerer zu erklären,
1242 3353 1339 3422 trois
1376 3363 1905 3443 als die Philosophen meinen.
1495 3382 2595 3504 Und bei diesem Billett lag ein ebenso ratloses Blatt des
1381 3459 1558 3539 Dichters:
1237 3490 1353 3560 ersuch,
1781 3490 2181 3583 Lieber Doktor Feld!
1287 3551 1363 3602 den
1492 3539 2600 3624 Das — geht denn doch schon zu weit. Bin ich ein
1397 3612 2185 3704 Pseudonym von Ihnen oder Sie von mir?
1244 3637 1356 3714 Kamp
1961 3639 2558 3739 Herzlichst Ihr Artur Schnitzler.
1253 3692 1356 3753 würde
1498 3709 2597 3795 Ich gestehe, daß ich vor diesem Problem ganz hilflos war.
1254 3741 1366 3800 er als
1249 3776 2600 3854 ariser Ungefähr wie der Held der Renaissancenovelle, der die Schliche
1381 3824 2049 3905 immer näher um seinen Hals fühlt.
1500 3863 2607 3934 Und dann mit dem Aufgebot eines fabelhaften Scharfsions
1253 3854 1364 3948 Fran¬
1249 3909 2497 3990 r und und eines grandiosen Erinnerungsvermögens kombinierte ich:
1498 3949 2604 4034 Ich hatte auf einer Redoute einer Dame, die mich als
1249 3982 1370 4044 i sich,
1248 4007 2595 4082 0 Uhr Artur Schnitzler ansprach, gewissenhaft meinen Namen genannt¬
