3392 4384
1174 340 1604 457 box 42/1
313 343 1012 466 Miscellaneous
2278 632 2821 760 III.
1751 730 2165 816 2. November 1920
2744 767 2941 828 Seite 5
1837 819 2956 908 Das süße Mädel ist jetzt verschwunden mit der ganzen
1726 877 2953 947 Mittelstandsschichte, aus der es stammt. Noch immer kommt das
1729 938 2956 993 Vorstadtmädel, wie die Motte zum Licht, in die innere Stadt
1726 987 2950 1039 mit ihren Kabaretts und Bars, Nachtlokalen und Luxus¬
1729 1030 2956 1089 restaurants, aber neben ihm ist nicht mehr ein Student oder Leut¬
1726 1082 2953 1135 nant, ein Fabrikantenssohn oder ein Bankbeamter, sondern meist ein
1729 1125 2956 1184 dicker Herr von ungarischer Herkunft mit fetten Fingern oder ei¬
1735 1177 2950 1233 fahles Vorstadtbürscherl mit „Schiebergürtel oder ein Lebe¬
1732 1220 2956 1282 jüngling, der vor kurzer Zeit sich erst von einer Maniküre, einem
1735 1272 2953 1325 Schneider und einem Schuster aus einer Rohform in einen
1732 1309 2956 1374 Menschen verwandeln ließ. Sie sitzt, ohne zu plaudern, müde
497 1315 2956 1450 Glossen über Kunst und Kultur. aus den dunkel umrandeten Augen blickend, die Zigarette lässig
1735 1410 2950 1472 zum Munde führend, neben ihrem Begleiter, der in seinem Notiz¬
849 1410 1368 1518 Vorstadtmädel.
1735 1453 2953 1512 buch Ziffern nachprüft oder mit einem Vorübergehenden ein
1052 1493 1162 1561 Den
1732 1502 2959 1564 Gespräch führt, aus dem man in der Entfernung nur das Wort
1742 1558 2953 1607 „Waggons hört. Sie trägt auch nicht das einfache kleinbürgerliche
966 1536 1263 1631 Max Graf.
1735 1607 2953 1659 Kleid, das mit irgendeiner Masche aufgeputzt wird, sondern hat
598 1585 1708 1677 Kleine Koketten, Kinder der Wiener Vorstadt, sitzen in allen
1732 1650 2956 1711 nach großer Kokottenart einen pelzbesetzten Cape über ihre Schultern
491 1656 1714 1729 Kaffeehäusern, das Kleid bis knapp über die Knie, die Beine mit
1739 1702 2953 1754 geworfen und trägt ein sackartiges, oben und unten kurzes Kleid,
491 1720 1708 1772 den dünnen Seidenstrümpfen eines über das andere gelegt, in der
1735 1748 2959 1797 das fließend und wallend die Geschlechtsmerkmale verwischt und die
497 1766 1705 1827 Hand die Zigarette; sie gehen über die Kärntnerstraße, füllen die
1735 1794 2959 1852 Frau als ein Mittelding zwischen einem Mädchen und einem Buben
491 1818 2956 1892 Restaurants, Bars und Tanzlokale, den Cavaliere di grazia an scheinen läßt. Am schmalen Handgelenk klappern die Goldreifen.
491 1861 1717 1916 der Seite, der entweder ein ausländischer Offizier in Zivil, ein
1742 1886 2956 1941 Seidenstrümpfe und hohe, spitze Schuhe lassen das Bein schmal
494 1910 1711 1972 Kaufmann aus Jugoslawien oder Italien, ein Schieber oder ein
1742 1941 2956 1996 erscheinen. Das Vorstadtmädel hat sich eben zur Kokotte verwandelt,
491 1956 1708 2011 Ottakringer Schliefert ist, der seine Brieftasche mit Tausenden
1742 1987 2956 2036 zu einem modischen Instrument der Lust für solche, die es in
491 2015 1705 2067 gespickt hat. Es hat ihrer in Wien wohl niemals so viele gegeben
1739 2030 2953 2085 Restaurants und Bars, in Theater und Tanzlokale führen können
494 2054 1708 2110 als in diesen Tagen, wo der Reiz schnell erworbenen Reichtum
1735 2082 2953 2137 und rasch erworbenes Geld auf den Tisch werfen wollen. Es ist
494 2107 2953 2189 lockt und in den kleinen und mittleren Bürgerhäusern die Armut nicht mehr wienerisch, nicht mehr ein fröhliches Kind der natür¬
494 2156 2959 2226 und die Not eingezogen ist. In der verarmten, hungernden Stadt lichen Sinnlichkeit, das etwas vom Leben genießen will, sondern
488 2202 1702 2260 aber hat das Rascheln der Banknoten einen verführerischen Klang
1739 2223 2953 2275 trägt in den Augen und um die Lippen die Züge einer Zeit, in
488 2251 2956 2333 dem junge und alte Weiblein nachziehen, wie die Mäuse den welcher man mit gierigem Gelderwerb, schamlosem Erraffen schnell reich
491 2290 1705 2349 Ton der Pfeife des Rattensängers von Hameln; in den Kaffee
1735 2321 2950 2370 werden möchte mit trüben Geschäften, mit Börsenspekulationen, mit
491 2340 1714 2392 häusern klingt der Ton der Geigen, in den Tanzlokalen tanzen
1735 2361 2947 2416 Hasardspiel, und von Genuß zu Genuß taumelt, während Tausende
491 2395 1708 2441 in einer von Wein= und Schnapsgeruch, von Zigaretten- und
1735 2413 2950 2462 Existenzen zugrunde gehen. Bei diesem Bacchantenzug der ordi¬
491 2435 1708 2487 Bratendunst erfüllten Luft Tänzerpaare die neuesten Fortroits, in
1739 2456 2953 2520 nären Instinkte wird auch das Wiener Vorstadtmädel mitgeschleift,
484 2478 1711 2536 den Auslagen hängt Pelzwerk, glitzert der Schmuck. Es ist
1732 2508 2950 2560 und sie tanzt hastig genießend mit, aber wenn sie auch kostbare
497 2530 1708 2582 schwer, zu widerstehen, wo der Gegensatz zwischen Armut und
1735 2554 2959 2609 Kleider und Pelzwerk trägt, ihr unbefangenes Lachen, dieser
491 2576 1708 2640 Reichtum riesengroß geworden und die alte bürgerliche Mittel¬
1735 2597 2950 2686 Naturlaut der Wienerin, an dem man sie sofort erkennt, ist schon
494 2628 1058 2689 schichte zugrunde gegangen ist.
1735 2646 2054 2729 lange verstummt.
613 2646 1708 2735 Das „süße Mädel“ Wiens hat in vielen Hungerjahren
500 2704 1723 2775 seine Formen verloren, und muß, da die frische Farbe geschwunden
2272 2732 2416 2824 Die
484 2772 1708 2830 ist, Rot auflegen. Will es noch etwas vom Leben genießen, so
491 2821 1708 2873 muß es sich eben den neuen Schiederzeiten anpassen, denn die
497 2861 1711 2922 Zeit der süßen Mädel, die Artur Schnitzler mit elegischer Zäri¬
491 2910 1714 2968 lichkeit besungen hat, ist vorbei. Es waren eben andere Zeiten,
484 2962 1720 3020 als noch an jeder Straßenecke nach Geschäfts= oder Bureauschluß
491 3008 1717 3069 jene hübschen Gestalten auftauchten mit echt wienerischen Gesichtern
484 3060 1714 3112 unter dem einfachen Hütchen, ein Band im Haar, Lebenslust in
484 3106 1708 3161 den Augen, die gerne lachten, mit jener natürlichen Anmut,
484 3152 1714 3207 die auch in einfachem Kleid sich zur Geltung gebracht
484 3195 1714 3253 hat. Viel war es nicht, wonach ihr der Sinn stand: ein netter
494 3247 1717 3305 Freund, der auch ein wenig bemittelter Student sein konnte, man
484 3299 1708 3351 war nicht ehrgeizig und wollte nur vergnügt plaudern und gut¬
484 3336 1717 3400 mütig beisammen sein, ein Ausflug auf den Kahlenberg oder
494 3391 1640 3450 zum Heurigen, bei dem man sich zum „Du zusammenfand,
484 3440 1711 3489 Nachtmahl im bürgerlichen Vorstadtgasthaus, eine Operetten¬
484 3480 1714 3548 vorstellung mit der Niese de der Kartonsch. Man strebte aus dem
491 3538 1717 3591 kleinbürgerlichen Milieu selten heraus und blieb auch bei
494 3575 1717 3643 Küssen und beim Lieben kleinbürgerlich und mußte schon
491 3630 1708 3686 ein Ballettmädchen sein, die ebenfalls aus Vorstadt¬
494 3670 1717 3735 häusern ihre natürliche Liebenswürdigkeit mitgebracht haben,
491 3722 1702 3778 wenn man den Ehrgeiz hatte, mit einem „Kavalier
491 3775 1717 3830 beim Sacher zu soupieren oder im Fiaker zur Freudenau
491 3824 1720 3879 zu fahren. Das war sozusagen das höchste Avancement des
491 3867 1717 3925 Wiener süßen Mädels". Wer nicht so hoch hinausstrebte
491 3916 1714 3977 und nicht in Kavallerieoffizieren, jungen Adligen oder reichen
497 3965 1720 4020 Jünglingen aus Bank= oder Industriekreisen sein Ideal sah, blieb
491 4014 1717 4072 in seinem bürgerlichen Kreis, aß, wienerisch plaudernd, seinen
494 4060 1717 4115 Zwiebelrostbraten oder sein Schnitzel, trank seinen Achtel Gespritzten,
491 4112 1714 4167 saß im Hinterstüchen von Zuckerbäckereien und knabberte an einem
494 4158 1711 4204 Baiser mit Obersschaum, ging Hand in Hand auf den Kahlen¬
488 4201 1717 4253 berg, oder wenn es hoch ging auf den Anninger oder spazierte in
