3344 4256
157 264 248 350 1.
305 271 965 360 Miscellaneous
1153 260 1586 350 box 42/2
200 773 355 844 onntag
821 777 1531 895 Neue Freie Presse.
206 861 497 932 noch vermehren,
533 874 1668 958 herein. „Sin ja noch gar nicht aufgestellt!
216 918 488 978 viele Anzeichen
536 921 1501 992 Also zu vorschnell geurteilt, liest man am Rande.
213 962 488 1024 in Eigenschaft
627 973 1664 1034 Keine liebenswürdige Bemerkung seinem hohen Ahnen
216 1009 488 1071 nige besonders
541 1024 1660 1084 gegenüber macht Wilhelm II. bei Otto dem Faulen.
216 1051 480 1132 Lambridge ur¬
533 1057 1664 1134 In dem Aufsatz heißt es: „Wenn man nicht den Namen
541 1111 1661 1183 läse, wenn man nur die Beine sähe, man müßte wissen, daß
217 1119 482 1220 umfassen neben
531 1149 1656 1230 diese Figur Otto den Faulen darstellt." Se. Majestät unter¬
217 1196 482 1258 erbarkeit auch
536 1199 1659 1281 streicht: nur die Beine sähe — und kritzelt
216 1243 484 1310 i Masse der
524 1248 1659 1319 daneben: „Aber das Gesichte (!) doch noch
227 1288 474 1352 die ein hohes
528 1291 1659 1365 viel mehr. Da bricht die Neigung zum Burschikosen
167 1318 482 1399 nen bisher nur
529 1335 1663 1400 durch, die andernorts manchmal Unheil anrichtete. Wenn
176 1382 477 1446 Atomfragmenten
536 1383 1653 1456 h. Sch. schreibt: „Denn im allgemeinen sind mehr ver¬
183 1430 478 1498 nal den sicheren
535 1429 1653 1500 schiedene Charaktere als verschiedene Beinstellungen vor¬
187 1471 478 1538 Tatsache, daß
526 1477 1660 1535 handen", so bemerkt Se. Majestät: „Sehr natürlich, da
192 1522 477 1588 enden Partikel
526 1518 1656 1599 der Mensch nur zwei Gebrüder Beenekens
526 1561 629 1639 hat
194 1571 484 1634 rsuche wird zur
619 1572 1643 1676 Und verzeihen Sie, Herr Landgerichtsrat oder
197 1617 477 1684 en der Materie
525 1639 1650 1731 Geheimer Oberpostrat Th. Sch., daß ich Ihr altes Aufsatz¬
525 1702 1653 1776 heft durchstöberte. Ohne Wilhelms Marginalien wären die
197 1698 477 1775 chstücke durch¬
522 1758 1650 1826 gelben Hefte längst der Zentralheizung zum Opfer gefallen.
218 1761 474 1825 einigen Zenti¬
518 1800 1474 1873 So aber — sehen Sie: so wird man „unsterblich
1545 1816 1626 1874 28.
213 1805 471 1870 zahlreiche Zu=
214 1853 471 1918 eschwindigkeit
227 1900 474 1961 stoffatome in
531 1888 1637 2015 Popper-Lynkens im Gespräch.
227 1945 471 2010 lekeln unter.
278 1989 471 2059 geradlinige
568 1998 1598 2070 Gedankenaustausch mit Einstein, Schnitzler,
230 2040 475 2100 ner von dem
827 2052 1312 2120 Bahr, Ida Roland.
233 2087 472 2152 ode sichtbar
854 2098 1304 2176 Von Kurt Sonnenfeld.
243 2135 468 2198 jener Schule
599 2139 1641 2237 Letzter Besuch bei einem Todgeweihten. Man fühlt,
245 2181 464 2243 Umstand
511 2216 1640 2276 man weiß es: diesen Menschen werd' ich nie wiedersehen.
245 2227 465 2296 eine solchen
518 2259 1647 2335 Und mit unersättlichen Blicken, in denen das Abschiedsweh
248 2277 471 2335 machen, um
514 2307 1637 2369 brennt, trinkt man die Umrisse der Gestalt in sich hinein,
244 2322 471 2386 seit Bahnen
508 2352 1634 2412 die man lieb gehabt hat und die bald unwiederbringlich
279 2369 471 2433 einem in
518 2405 1640 2470 zerstört sein wird, und man sucht als Erinnerungsbild und
248 2416 460 2483 an infolge
514 2454 1637 2506 Abglanz festzuhalten, was sich im Entschwinden festhalten
248 2460 461 2531 strahlung
518 2494 1636 2559 läßt. Und noch nach Jahren, wenn der Tod schon längst
224 2504 461 2574 er als auf
521 2548 1629 2609 ein Werk getan hat, sieht man ihn greifbar und lebendig
221 2555 463 2635 hotographien
508 2592 1629 2646 vor sich, den leicht nach vorne geneigten Greisenkörper
505 2639 1640 2698 mühsam atmend inmitten der weißen Kissen im Lehnstuhl.
238 2646 460 2713 derten mehr
505 2684 1639 2745 Man sieht die mächtig gewölbte, von Gedankenrunen zer¬
241 2697 455 2764 ößten Teile
514 2728 1632 2791 pflügte Stirn und den tiefen Glanz der strahlenden Augen,
248 2747 455 2811 von Board,
499 2772 1636 2846 das klare und edle Gesicht, in dem sich alle Linien zu freier
250 2789 450 2857 derwärtige
501 2829 1632 2891 und heiterer Harmonie fügen. Und man hört die Stimme,
247 2840 461 2903 hoffen, daß
499 2864 1627 2933 die tonlos und brüchig ist und oft genug zum Keuchen wird
262 2890 461 2969 Oesterreich
499 2916 1630 2995 und die dennoch so herrliche Worte zu sagen weiß, daß man
274 2938 392 3001 wird.
504 2960 783 3035 sie nie vergißt.
594 2996 1629 3069 Plato unter seinen Schülern. War dies nicht der
502 3049 1619 3124 Eindruck, den man von Popper-Lynkeus empfing
275 3052 447 3172 chul¬
498 3108 1626 3167 wenn seine Freunde und Freundinnen im Gespräch bei ihm
505 3145 1630 3218 saßen? Eigenartigen Menschen ist man bei ihm begegnet,
494 3199 1629 3266 Schriftstellern, Schauspielern, Politikern, Trägern berühmter
492 3235 1627 3314 Namen und auch solchen, die man nur in diesem Freundes¬
492 3284 1629 3361 kreise kannte, und einigen interessanten Frauen. Aus den
487 3344 1623 3395 verschiedensten Bezirken des geistigen Lebens waren sie
292 3341 450 3418 Berliner
492 3385 1629 3443 gekommen und saßen nun in vertrauter Gemeinsamkeit
287 3405 448 3473 gegeben:
492 3435 1627 3514 plaudernd bei dem alten Manne wie im Schatten eines
287 3452 444 3509 ig der
487 3476 1423 3534 mächtigen Baumes. Plato unter seinen Schülern.
359 3494 447 3548 den
576 3516 1619 3591 Und wird nicht dieser Eindruck bestätigt, wenn man
291 3533 447 3604 scher
489 3550 1626 3625 die „Gespräche liest, die Poppers treue Freunde
487 3608 1616 3686 Margit Ornstein und Dr. Heinrich Löwy im Löwit¬
278 3625 445 3689 rigierten
485 3655 1616 3733 Verlag, Wien und Leipzig, veröffentlicht haben? Diese Ge¬
275 3679 444 3737 n Rand¬
492 3702 1616 3780 spräche, denen ein schönes Geleitwort von Poppers seither
281 3723 440 3781 ser Hefte
485 3758 1623 3826 auch schon heimgegangenem Freunde Dr. Julius Ofner
278 3771 447 3826 rimaners
487 3798 1623 3869 vorangestellt ist, sind keineswegs in jedem Satze und in jeder
287 3815 441 3886 leicht ist
494 3842 1616 3924 Wendung bedeutungsschwer und vom Tiefsinn gesättigt, ja
281 3863 437 3923 ich eine
485 3897 1610 3970 man hat mitunter den Eindruck, als ob sub specia aeterni¬
287 3907 438 3970 Gegensatz
489 3937 1610 4015 tatis die eine oder andere beiläufige Bemerkung ohne Rück¬
314 3955 438 4018 blauen
492 3981 1609 4053 sich darauf, daß das schmale Buch dann noch schmäler
272 3992 441 4059 macht
494 4036 1617 4099 geworden wäre, getrost hätte wegbleiben können. Der
281 4046 437 4109 scheint
492 4090 1616 4156 Freundespietät schien eben jeder noch im Gedächtnis
287 4093 437 4154 schauung
491 4137 1610 4194 haftende Ausspruch des großen Toten so ehrwürdig und
284 4140 438 4197 räftigen.
1911 787 2210 897 25. Juli 1926
2547 819 2789 887 Nr. 22220
1793 894 2822 980 Einmal wird über die hakenkreuzlerischen Kund¬
1707 943 2822 1023 gebungen gegen Einstein gesprochen. Dr. Löwy erzählt, daß
1698 1000 2816 1067 Einstein trotzdem Berlin die Treue bewahre. Er habe an der
1702 1039 2830 1111 Kultusminister Hänisch geschrieben, daß er sich durch
1705 1088 2822 1146 menschliche und wissenschaftliche Beziehungen an keine Stadt
1705 1128 2822 1206 so sehr gebunden fühle wie an Berlin, und daß er nur dann
1700 1186 2823 1261 ins Ausland gehen werde, wenn ihn die äußeren Umständ¬
1701 1219 1986 1285 dazu zwingen.
1788 1241 2822 1332 Popper: „Einstein ist mutig. Wenn er sich damals in
1691 1302 2826 1396 der Versammlung in der Berliner Philharmonie durch einen
1691 1361 2816 1447 rückwärtigen Ausgang zurückgezogen hätte, so hätten ihn
1700 1405 2537 1473 die alldeutschen Studenten sicher attackiert.
1796 1447 2822 1539 Für Arthur Schnitzler waren die Besuche bei
1687 1500 2823 1571 Popper-Lynkeus eine liebe Gewohnheit. Traf man ihn am
1688 1549 2823 1630 Sonntag vormittags in Schönbrunn und wunderte man
1700 1592 2828 1661 sich, daß er dem Sommerheidenweg und seinen anderen
1695 1643 2816 1714 Lieblingsspaziergängen auf der Türkenschanze untreu ge¬
1688 1688 2826 1772 worden war, so antwortete er wohl: „Ich gehe zu Popper¬
1688 1727 2710 1809 Lynkeus" oder: „Ich komme von Popper-Lynkeus.
1775 1781 2819 1856 Josef Popper hat nur wenige Menschen so sehr geliebt
1684 1823 2819 1880 wie Schnitzler, dessen Besuche ihm immer ein Fest be¬
1680 1863 2818 1945 deuteten. Und sie waren auch ein Fest, da Schnitzler,
1681 1905 2819 1979 bekanntlich ein Künstler des Gesprächs, den Gedanken¬
1680 1962 2811 2037 austausch mit Popper manchmal zu Hochgipfeln des Geistes
1683 2009 2808 2091 emporführte, daß das zuckende Hin und Her der Unter¬
1676 2054 2473 2121 redung in diamantenen Blitzen flammte.
1769 2087 2816 2186 Darum ist es schade, daß das Buch von Schnitzlers
1680 2141 2816 2232 Besuchen eigentlich nichts anderes festhält, als ein
1681 2198 2561 2266 Gesprächsfragment und eine kleine Anekdote.
1779 2246 2813 2320 Popper im Bett. Arthur Schnitzler erzählt, daß
1680 2300 2819 2368 er jetzt Plutarch und die „Griechische Kulturgeschichte" von
1678 2341 2808 2408 Jakob Burckhardt lese. Er bewundert die unübertreffliche
1677 2388 2812 2460 Kürze und Prägnanz der Ausdrucksweise Burckhardts
1676 2447 2802 2494 und vergleicht sie mit dem Stil des „Michael Kohlhaas":
1678 2483 2816 2571 „Jeder Satz ist von Bedeutung, es gibt keine Ruhepausen
1677 2524 1912 2601 beim Lesen.
1776 2567 2806 2649 Popper nickt zustimmend. Das Gespräch kommt auf
1674 2595 1931 2690 die Griechen.
1771 2673 2815 2735 „Die großen Wohltäter der Menschheit", sagt Popper,
1670 2701 2088 2771 „waren keine Genies.
1768 2754 2473 2826 Schnitzler: „Wie meinen Sie das?“
1773 2808 2816 2872 Popper: „Es bedarf nicht des Genie eines Newton,
1670 2856 2463 2913 um ein Wohltäter der Menschen zu sein.
1764 2903 2813 2965 Schnitzler: „Wen halten Sie für einen Wohltäter
1668 2924 1956 3003 der Menschen?
1771 2979 2459 3063 Popper: „Hippokrates, Euripides."
1764 3036 2806 3106 Das Gespräch wendet sich dem Kriege zu. Schnitzler
1674 3069 2798 3167 bemerkt, daß die Millionenheere, die jetzt an einem Kriege
1670 3143 2798 3199 teilnehmen, eine ganz neue Erscheinung seien. Popper nicht zu¬
1685 3184 2792 3269 stimmend: „Man berichtet von den Riesenheeren des Terres.
1680 3236 2794 3306 Voltaire war der erste, der aufmerksam gemacht hat, daß
1668 3273 2798 3348 diese großen Zahlenangaben nicht richtig sein können. Nach
1674 3324 2792 3396 ihm hat in neuerer Zeit Delbrück das gleiche getan. Tamerlan
1670 3374 2805 3442 zum Beispiel hätte mit so großen Heeren wegen der Ver¬
1670 3428 2551 3479 pflegung nicht durch die Wüste hindurchkonnen.
1762 3438 2795 3540 Ein kleines Scherz. Arthur Schnitzler und die
1671 3499 2795 3609 Schauspielerin am Deutschen Volkstheater Fräulein Else
1673 3562 2517 3626 Schilling sind da. Popper liegt im Bette.
1758 3591 2801 3699 Es wird viel gelacht. Fräulein Schilling scherzt mit
1670 3666 2788 3736 Popper und sagt, daß sie das Spitzbübische an ihm erst jetzt
1673 3719 2786 3781 bemerke. Wir lachen so viel, daß Fräulein Schilling sagt,
1670 3761 2791 3826 sie möchte wissen, ob irgendwo in Wien jetzt so viel gelacht
1661 3812 2786 3885 werde wie hier. Sie erzählt, daß Anton Wildgans
1663 3863 2792 3951 wieder in Mönichkirchen sei, tausend Meter hoch, um zu
1657 3902 1823 3963 arbeiten.
1758 3917 2789 4035 Popper lachend: „Tausend Meter, was ist das?
1666 3985 2551 4058 So viel wie der Semmering. Das ist gar nichts.
1756 4042 2802 4130 Fräulein Schilling lachend): „Natürlich, für Sie ist.
1661 4073 2389 4168 das gar nichts. Hietzing liegt viel höher.
1755 4121 2798 4194 Als sie weggeht, sagt Popper: „Wissen Sie, ich habe
