3344 4352
161 322 282 425 1.
1649 208 2860 257 Schicksal erleiden, ist nicht so entsetzlich, wie es unter der
2987 180 3294 263 Ganz frei, ganz
1636 220 3306 304 Kontrolle seines Denkens und Fühlens vorerleben müssen vorher, nie denke ich
1645 291 2860 359 Das bringt die Nerven dem Abgrund um so viel näter! Aber
2888 304 3294 363 gar den Titel schreibe
1642 335 2646 425 da es keinerlei Hilfe gibt, wozu klagen?!
2882 341 3316 421 etwas machen, was mit
1171 316 1580 425 box 42/1
307 316 979 418 Miscellaneous
1757 384 2863 446 Die Millionärinnen, die mich verehren, halten dennoch ihre
2993 387 3309 456 Man muß sich a
1645 425 2866 493 Taschen zu. Es ist eine Welt von Lüge und Betrug Angeb¬
2882 431 3313 508 tan, sich entsetzlich frei
1649 477 2869 539 liche tiefste Verehrung, und dann lassen sie uns „am Mist
2993 483 3319 548 Was dabei herau
1645 505 3331 589 krepieren" und schmeißen das Geld für aller Wertlosestes zief in mir war. Kom¬
1642 570 2857 635 hinaus! Und markieren Mitgefühl!!! Nur Helga ist opfer
2888 586 3309 648 lich und tief darin und
1652 623 2863 682 freudig! Ich habe sie dazu erzogen! Und so triumphiert sie über
2990 632 3328 694 Ich betrachte Sch
1649 672 3297 744 ihre egoistischen Mitschwestern, die von ihren positiven Genüssen fassung eines vollen,
2879 722 3189 799 Fehler, Blässen.
1652 728 2213 803 gar nichts, gar nichts haben!
1763 731 2860 824 Liegen und schlafen ist meine einzige Erlösung! Aber wie
2990 744 3313 840 Ich hasse die Re
1649 809 2860 902 lange kann man so als Lebendiger sterben?!? Dein unglück
2888 793 3319 874 schlecht! Was macht
2888 871 3319 923 kein Anderer, Dein he
1658 871 1924 948 seliger Bruder
2507 880 2817 989 Peter Altenberg.
2888 911 3319 992 wirklich außerordentlich
2891 967 3000 1029 finder
1757 979 2848 1078 Technik der „Schlafmittel, damit sie nicht als „Gif¬
2996 982 3288 1072 Meine Sachen
1649 1029 2863 1125 wirken: Vollkommen leerer Darm Leichtest verdaulich
2891 1047 3331 1125 kleine Proben betrachte
3009 1106 3316 1168 was ich überha
1645 1112 2216 1181 Kranken kost am Abend!
2897 1109 2975 1165 sind,
1763 1112 3331 1215 Schlaf von 10 Uhr abends bis 7 Uhr früh, nicht macht es? Ob ich sch
3000 1199 3309 1270 Wichtiger ist, de
1652 1199 1952 1286 geweckt werden
2894 1249 3272 1317 jungen Leuten zeige,
1760 1227 2151 1339 Medinal 0.5
2256 1264 2671 1363 Dr. Peter Altenberg.
2897 1298 3319 1354 kommt man sich so ged
2110 1323 2854 1432 Honorar: Bruderliebe
2900 1345 3306 1416 geblinzelt. Ich bin so
2891 1394 3313 1460 Brief hat mich sehr,
2894 1438 3331 1506 liebenswürdig gegen
1763 1419 2219 1518 Aus Steinhof:
1766 1447 3331 1568 Ich schreie zum letzten Male gellend und verzweifelt um mir aber wirklich wun
1652 1500 3291 1611 Hilfe, da ich nur infolge einer ganz momentanen Erregung, „Selbstlicher eben.
2996 1587 3288 1652 Ich bitte Sie,
1649 1587 2879 1680 wie sie Künstlerorganisationen zu Tausenden in ihrem Leben
2904 1599 3328 1692 Position und schon sehr
1838 1633 2876 1726 durch Dich und Deine Unvorsichtigkeit hieher
1664 1645 1788 1707 haben,
2897 1683 3297 1748 erkennung von einem
1658 1686 1962 1779 gebracht wurde !
3003 1726 3282 1788 Deshalb bin
1769 1698 2882 1800 Ich bin gerade so normal, wie ich, bei meiner
2919 1738 3272 1841 Muster ohne Wert
2327 1776 2876 1853 es gleich tausend Andern,
1655 1766 2274 1862 künstlerischen Impressionabilität,
1649 1816 3319 1906 mein Leben lang gewesen bin, und mich hier fest= bin so ein kleiner Har
1655 1875 2807 1946 halten, heißt: wissentlich ein Verbrechen begehen!
533 1853 1540 1992 Letzte Briefe von Peter
2513 1927 2845 1999 Peter Altenberg.
803 1974 1240 2101 Altenberg.
1754 1980 2795 2085 Heißgeliebter, vergötterter Bruder.
1766 2058 2885 2138 Ich allein, ich allein bin schuld an diesem Entsetzlichsten,
799 2070 1274 2157 An seinen Bruder.
1664 2135 2882 2191 das ich nun seit Wochen tragen muß, und weiter mit mir schleppe,
524 2110 1639 2213 Die Wiener Wochenschrift „Die Wage" veröffentlicht in
394 2175 2888 2281 ihrer eben zur Ausgabe gelangten letzten Nummer einige inter- bis dieser zerstörte Organismus stille steht und seine schwere Arbeit
415 2231 2095 2305 essante letzte Briefe Peter Altenbergs. Sie wurden dem Blatt zu leben ganz einstellt
1772 2259 2885 2333 Du hast mich fort und fort in brüderlichster ernstester Art
415 2284 1652 2361 zum Vorabdruck vom Verlage der Graphischen Werkstätte, Wien,
406 2318 2888 2414 überlassen, wo ein von Egon Friedell herausgegebenes gewarnt und gewarnt, hast mir seit Jahren es vorausgesagt, was
418 2367 2677 2485 „Peter Altenberg-Buch" nächstens erscheint. Die rührenden Briefe nun rascher als man es denken konnte, eingetreten ist.
1772 2395 2891 2485 Die tödliche Schwäche in meinem Rückenmark nimmt von
415 2439 778 2525 und alle undatiert.
1661 2464 2888 2532 Tag zu Tag zu und jede wache Stunde ist eine Ewigkeit von
778 2460 1085 2569 Liebste Georg
1670 2510 2882 2584 Folterqualen. Ich sehne mich nach Morphium, um das Entsetzlich¬
530 2504 1642 2609 Habe vernommen, daß Du, Getreuester, den Sonntag Nach¬
1673 2560 2885 2662 nicht mehr zu spüren! Habe doch wenigstens ein Atom Mitleid
415 2591 1639 2656 mittag im „Kiost" auf nich gewartet hat! Ich konnte nicht auf¬
412 2609 2333 2718 stehen vor Erschöpfung, stand erst um 8 Uhr auf, ging ins mit Deinem unglückseligen Bruder!
1782 2640 2894 2721 Es kann nur mehr noch Wochen dauern, und Du bist dann
415 2680 1649 2761 „Löwenbräu, und dann gleich wieder ins Bett. Am ärgsten sind
409 2702 2894 2829 aber die Melancholia. Sie zehren an mir wie ein Gist. Ich bin für immer befreit. Ich habe eine grenzenlose Liebe und Ver¬
1661 2749 2885 2817 ehrung für Dich und ich dereue es unsagbar, Dir, Bestem,
400 2786 861 2860 verdüstert und verstört.
1667 2795 2894 2866 Weisesten, nie, nie gefolgt zu haben! Ich möchte Dich so gerne
536 2792 1639 2907 Meine Energielosigkeit ist bereits vollkommen patho
1670 2845 2891 2916 sehen, sprechen. Di. solltest diese letzten Zeiten, da ich noch lebend
589 2876 1639 2956 Waschen und Anziehen sind Heldentaten der Ueber¬
406 2869 561 2950 logisch.
1664 2894 2900 2959 bin, sanftmütig und milde mit mir verkehren. Es würde Dir
400 2931 598 3015 windung.
533 2938 2888 3037 Wenn ich mich überwinden könnte, nach Kritzendorf zu sonst später sicherlich leid tun. Was nützt es, wenn man sich
1664 2990 2897 3077 dann sagt: „Ja, wenn ich gewußt hätte, daß es so rasch sein
406 3015 1642 3089 ziehen oder rah Baden! In beiden Orten wären die Bäder im
1965 3049 2098 3114 212
415 3058 1754 3145 Freien, die Sonnenbäder! Ich bin körperlich und seelisch voll¬
1766 3052 2897 3161 Lasse mich ruhig hin werden und verkehre mit mir wie mit
418 3120 1636 3186 kommen zerrüttet. Ich baute auf meine Lunge wie auf ein Boll
1664 3133 2894 3204 einem unglückseligen, zum Martertod Verurteilten! Ich werde dann
418 3161 1639 3232 werk gegen alle „lebensfeindlichen Mächte. Nun ist auch dies¬
1664 3186 2900 3285 in unsagbarer Dankbarkeit von Dir, Geliebtester, Vergötterter,
412 3213 1633 3319 letzte Festung zerstört! Daher meine schrecklichen Melancholien über
1661 3235 2346 3331 Aller, Allerbester, Abschied nehmen!
406 3272 1100 3340 meine endgültige Niederlage!
2089 3263 2464 3365 Dein, Dein, Dein
530 3285 1645 3375 Daß Du den Feiertag in diesem einsamen Kiosk mir zu¬
2513 3313 2835 3406 Peter Altenberg.
412 3365 1645 3430 liebe verbrachtest, hat mich tief ergriffen. Du gefällst Bessie sehr.
412 3402 1642 3477 Sie sagte, wie hätten, für den Fremden, soviel versteckte Aehn¬
1996 3424 2243 3498 Schurke!!!
421 3452 1658 3517 lichkeiten! Hoffentlich hat sie Dir nicht allzusehr mißfallen. Sie
1766 3446 2885 3539 Obzwar ich Dir durch fünf Monate in tödlicher Verzweif¬
421 3492 1642 3564 ist eine englische Puppe, und dennoch unglücklich und melancholisch.
415 3529 2879 3629 Die „verwöhnte eitle Tänzerin“ in ihr ist nicht zu heilen durch lung erklärt habe, daß der Primarius es auf mein körperliches,
1664 3579 2882 3644 seelisches und geistiges Verderben abgesehen habe, hast Du Dich
415 3595 1636 3669 „geordnete Verhältnisse, die außerdem gar nicht geordnet sind
418 3622 2882 3715 Sie braucht wenigstens „seelische Verehrer", die sie haben dennoch jetzt, im äußersten Augenblicke meiner möglichen Er¬
412 3672 2894 3749 möchten, und denen sie sich refusiert, um ihnen rettung, an ihn gewendet, obzwar er mir aus freien Stücken er¬
409 3718 2888 3818 Respekt einzuflößen. Also das doppelte klärt hatte: „Von uns Aerzten aus sind Sie natürlich als voll¬
415 3774 2885 3846 Geschäft! Eine Engländerin und eine verwöhnte kommen geheilt entlassen, es bedarf nur der bloßen Formalität,
406 3818 2885 3895 Tänzerin, in einer Person! Von Herrn B. nicht er, daß der, der Sie hergebracht hat, Sie abholt und uns mitteilt,
1633 3864 2904 3982 daß Sie wieder auf Ihren so heißgeliebten Semmering gehen!"
400 3892 1546 4004 sondern ihr aus Spiel allein
