3296 4352
1358 86 3274 191 Dichtungen Trostes, weiche als Anlagewerte gegen Gassenen gegen denen ge¬
849 140 1335 218 bald erscheint Rochard¬
156 144 736 218 sten Tanten. Und wirklich
2647 167 3277 241 hätte es wohl noch weit
884 187 1335 261 die Cavallini, diesen
1358 175 2553 237 Westkulturen entstanden, fanden in Japan lebhafte Verbreitung
350 187 845 265 Geliebte. Er beschwört
156 191 311 265 malige
2577 206 3246 280 Gegend, wo sich heute der
1012 230 1343 288 sofortige Abreise
1355 230 2557 284 Sie bereiteten den Weg für Gerhart Hauptmann, dessen sozial¬
872 230 977 296 ihre
156 237 821 304 zu ernsten Abenteuer durch
2577 249 3246 323 ausdehnt, wo ungezählte Rauchfänge
1358 276 2561 366 Dramen gleichzeitig mit den Schöpfungen Ibsens an allen Theatern
156 276 1339 339 in Ende zu machen. Sie verspricht es, schon gebrochen durch den
2573 304 3277 381 abends ein gewaltiges Lied der Mens¬
156 323 1339 385 gedanken an die Trennung. Armstrong stürmt herein. Da er die
1362 335 2001 397 Japans zur Aufführung gelangten.
2581 358 3274 416 war um das Jahr 1830 noch unend
156 374 1339 440 avallini als seine Braut betrachtet — bittet er Rochard ihn
1464 350 2561 444 Und das eine bleibt bemerkenswert: als Japan in künst¬
2581 405 3281 471 die Felder und Wiesen. Von der Spi
152 416 1335 490 ne Weile mit der Freundin allein zu lassen. Ein Liebes=Du¬
1358 428 2553 494 lerischer Beziehung seine Ansichten änderte, waren es hauptsächlich
1370 448 3281 545 germanische Dichter, die den größten Einfluß auf die neue einen herrlichen Rundblick, denn kein
160 471 1335 533 gt, märchenhaft geführt und gesteigert. Der junge Pastor versuch
1358 498 3246 588 emporsprießende japanische Literatur ausübten und wahllos gebäude störte die Fernsicht. Wenn
156 522 1339 576 r Cavallini ihr Ja=Wort zu entreißen. Aber dem seliger
2581 545 3281 619 klaren Abend Auslug hielt, dann sah
156 572 1339 623 lauben des Jünglings — daß er nur die Frau, die seiner
1798 568 2557 634 Neben den bereits Erwähnten, den
1362 576 1771 642 nachgeahmt wurden.
2589 596 3277 658 Lichtschein, der von einer hohen, höl¬
152 607 1573 681 dert ist, heimführen wird, kann sie nicht in Lüge gegenüberstehen. Nordländer
1791 615 2565 685 dem Deutschen Gerhart Hauptmann
1600 631 1732 693 Ibsen,
2947 638 3281 720 ausging. Dort
2589 646 2896 720 alten Landgut"
152 662 1339 736 und mit der heroischen Geste einer Verzweifelten, die sich der
1358 670 2565 736 begegneten auch die englischen Romane der Tagesmode einen
2589 670 3285 771 Kaffeesieder Leander Prasch das
144 712 1335 782 gelischen Tod gibt — bricht das Geständnis ihres Lebens ver
1366 716 2569 775 uns geradezu unglaublichen Interesse. Auch sie dienten unzählige
2589 743 3277 802 gestellt und mit zahllosen, b
152 759 1339 825 erend hervor. Armstrong blickt stumm, betäubt, vernichtet, de
1366 767 2561 829 Male als Vorbilder, stets neu ausgeschrieben, wurden sie ger¬
2589 782 3274 868 Dieser Leander Prasch war überha¬
156 817 852 895 frau nach, die er für immer verloren.
1362 810 2569 876 nen gelesen. Wenig Erfolg dagegen war der französischen Literatur
1366 837 3277 923 beschieden. Während die germanischen Literaturen selbständig von Der bekannte altwienerische Dialek
241 833 1347 907 Der dritte Akt spielt im Palacehotel. Im Zimmer der
1362 884 3274 973 den Japanern ausgerissen wurde, was es bei den Franzosen ein Großonkel von mir, dürfte ihn
156 884 1339 958 avallini, die von der begeisterten Menge nach ihrer Abschieds
1366 930 3274 1012 nicht der Fall. Erst nach dem Weltkrieg, seit Paul Claudel, der er hat oft von jenem erfindungsreich
144 950 1339 1028 rstellung akklamiert wird. Eine Auskleideszene, während der di
2596 989 3281 1035 und wann im Sommer machten an¬
152 993 1347 1055 avallini mit echt italienischem Temperament ihre geliebte
1362 1000 2565 1067 berühmte französische Dichter, als Gesandter der gallischen Republi
1366 1024 3274 1113 am Hofe der kaiserlichen Majestät in Japan weilte, ändern sich Beamtenleut einmal einen Aussi
156 1035 1347 1102 Duenna beinahe durchprügelt, bringt eine heitere Note in das
2596 1074 3281 1137 dem alten Landgut. Einst ward
156 1086 1347 1152 istere Gemälde. Endlich bleibt sie allein. Und während si¬
1370 1098 2573 1183 die Verhältnisse. Frankreich, besorgt, als ideeller Einflußfaktor in
2604 1121 3242 1187 Ziegelei und die Gegend hieß
144 1137 1347 1207 r einem kleinen Hausaltar vor ihrem Gott die Kraft der
1370 1148 2573 1207 Japan gänzlich auszuscheiden, griff in letzter Stunde zu einen
2600 1168 3242 1238 Einmal machte auch Leander Pra¬
152 1183 1347 1253 Trennung erfleht, schleicht Armstrong herein. Von Fieber geschüttelt
1374 1187 2577 1253 kühnen Plan. Die Franzosen gründeten selber unter der zielsicheren
152 1214 3281 1316 von Schnee bedeckt. Er ist die ganze Nacht herumgeirrt. Er hat Zeitung Paul Clandels einen Verlag in Japan, ausschließlich zu und besah sich das zum B.
1370 1273 3281 1394 dem Zweck, französische Autoren dem japanischen Publikum in Es war ein weitausgedehntes,
156 1281 1343 1343 dlich zu sich selbst gefunden. Er — dessen Aufgabe es ist
2592 1312 3285 1374 Räume. Große Säle. Aber alles war
156 1331 1347 1390 Franken zu helfen —, wie (so klagt er sich an) konnte er die
1370 1335 2020 1429 guten Uebersetzungen zu vermitteln.
2600 1358 3277 1432 Garten rauschten die mächtigen Lind
163 1370 1351 1436 beliebte von sich stoßen? Gerade, da sie sich doch durch ihre
1471 1374 2577 1456 Ob dieses Bestreben von Erfolg begleitet sein wird, steh
2608 1409 3285 1471 haftes Lied; ganze Scharen von Vög
152 1421 1355 1483 Beichte entfühnt hatte? Nein! Er kommt, um ihr sein Leben
1370 1425 2585 1506 dahin. Bisher blieben als die letzten großen europäischen Vorbilder
2616 1456 3254 1534 wildwucherndem Rosengebüsch und
156 1467 1347 1569 zu weihen. Er entsagt dem Seelensorgertum. Und ein neue
1370 1495 2577 1561 für Japan doch wieder Vertreter der germanischen Literaturen
2624 1503 3285 1569 länzende Schmetterlinge. Kein Uhr
152 1534 985 1608 Dasein soll in Demut beide Sünder vereinen.
1370 1538 2581 1627 nämlich Wedelind, Strindberg und — Artur Schnitzler. Schnitzler
2620 1553 3274 1623 diese Stille. Weithin ragten die Fel
245 1549 1343 1627 Doch die arme, große Künstlerin hat ein Gelübde geleistet
1370 1588 2581 1658 gilt von den dreien als der populärte. Er soll, nach Angaben
2624 1600 3274 1662 Und wenn man auf dem erhöhten
148 1619 1351 1685 Daß sie ihr früheres Leben durch das Opfer ihrer Liebe ent¬
1370 1635 2577 1701 verlässiger Zeugen, geradezu wie ein heimischer Dichter gefühl
2612 1658 3277 1728 dann sah man die ganze Stadt liegt
163 1654 1347 1759 ihnen wolle. Der junge Pastor wird seinen Weg der Pflich
1366 1682 2577 1744 werden. Viel zu seiner Bekanntheit mag wohl die unermüdlich
2624 1697 3274 1763 ah die weißen Häuser blinken und
160 1713 1273 1779 wiederfinden. Die Liebenden sagen sich ein letzes Lebewohl.
1374 1728 2581 1791 Dolmetscharbeit seines ehemaligen Studienkollegen Rustaco Mir
2620 1744 3277 1833 sich schließen zu einem blauen Kranz
163 1752 1355 1845 Wieder hebt sich der Vorhang. Und am Kaminfeuer sitzt — der
1370 1779 2581 1861 beigetragen haben, der bis zu seinem Tode im Herbst 1922 selbst
2709 1798 3281 1857 „Herrgott. Da is über schön!
416 1814 891 1884 - seinem Enkel gegenüber.
167 1822 362 1896 te Bischof
1370 1829 2573 1888 los sich der Propagierung Schnitzlers widmete. Dazu kam noch
2604 1810 3285 1907 sich hin. Aber er war kein Mann
245 1833 1351 1927 Man sieht; eine sentimentale Angelegenheit. Sie ist abe
1370 1872 2585 1938 daß die von Rustaco Mori in Japanische umgedichteten Werk¬
2600 1896 3277 1954 Naturmensch. Kurz darauf kaufte er
156 1880 1351 1977 it so viel echtem Humor, Herzenstalt und dramatischer Ver¬
1382 1923 2585 1985 Schnitzlers den japanischen Lesern selber nicht fremd vorkamen
2608 1938 3285 2028 auszugestalten. Fabelhaft war seine
362 1950 1358 2012 daß man sich gern diesem guten Theater gefangen
163 1962 335 2028 behandelt,
1378 1977 2589 2032 Die süßen Wiener Mädels des letzten Jahrzehnts de¬
2604 1993 3274 2071 schen den einfachen Wienern von
160 2009 1355 2067 gibt. Was dem Stück seinen eigentlichen Wert verleiht, ist die
1378 2024 2585 2086 XIX Jahrhunderts, die ganze absterbende Wiener sentimentale
2616 2036 3266 2102 Eiste halbrunde, offene Säulenhalle
160 2047 1351 2110 Rolle der Cavallina. Eine der wirkungsvollsten Frauenrollen
1374 2075 2585 2133 ein bißchen weinerliche Kultur, die in seinen Dramen un
2612 2090 3274 2149 nannte man „Zur schönen Aussicht
156 2102 1355 2180 Die Soria hat auch damit einen sensationellen Erfol¬
1374 2114 2585 2180 Novellen festgehalten zu haben, ja Schnitzlers unvergängliche
2612 2145 3274 2199 saßen gern dahier und tranken ein
156 2156 327 2234 rungen.
1378 2168 2585 2223 Verdienst beinhaltet, klangen leise an die Traurigkeit des asiatische
2616 2188 3219 2258 prachtvollen Kaffees, welchen
257 2168 1281 2262 Rückkehr zum romantischen Theater aus der Epoche
1378 2215 2585 2277 Buddhismus an und schufen Brücken zwischen den Hängen Wien
2608 2230 3219 2308 nicht erreichte Weise brauen
167 2242 1257 2324 Kameliendame". Auch das Publikum hat diese „Romanze
1382 2277 3281 2363 und den blühenden Gärten Japans, von denen die Wiener gewiß hat und das süße „Geschlagen
156 2308 662 2386 Annodazumal liebgewonnen
1374 2316 1798 2398 keine Ahnung hatten.
2612 2339 3242 2413 Aus den Tiefen des Gartens
1491 2332 2589 2437 Von Wedelinds sexualpsychologischer Einstellung und Strind
2616 2367 3274 2441 Da ummelte sich „das Volk". P.
1382 2402 2592 2480 bergs immer erneuten Erörterung des Mann=Weib=Problem¬
2612 2421 3239 2487 lassen und eine Kegelbahn gebaut
156 2363 1362 2530 Japanische Literaturprobleme,
1386 2468 2522 2530 führte der Weg zum Expressionismus. Allerdings bei dieser,
2612 2468 3285 2530 zum „größten Kaffeehaus der Welt
716 2515 817 2589 Von
1382 2507 2592 2577 in jeder Beziehung völlig subjektivistischen Kunst versagte bald ihr
2612 2526 3281 2581 die Klassenunterschiede sich ein weni¬
1382 2557 2596 2631 Fähigkeit des Mitkommenkönnen. Was uns Europäern selben
2620 2565 3281 2635 vorgekommen sein, daß sich im Si¬
502 2550 1012 2662 Dr. Erwin Stranik.
1382 2608 2592 2674 vielfach verschlossene Pforte blieb, blieb es den Japanern in noch
2612 2620 3281 2682 ausspielten, auch hie und da ein zu
257 2616 1362 2701 Asiatische Kunst, wie sie sich in den Schöpfungen China
1390 2655 2495 2729 erhöhtem Maße. Ja, es bestand sogar bereits nicht mehr
2612 2662 3277 2740 ein Ratstöchterlein heranwagte. Ne¬
152 2690 1374 2752 und Japans bisher verkörperte, trug stets den Ausdruck der
1382 2705 2518 2779 unbedingte Verlangen, in diese neueste Kunstrichtung Europas
2616 2721 3277 2783 Nebenräume, die nicht alle gar so
160 2736 1362 2799 Beruhigtheit an sich. Die zarte Stimmungsmalerei, das Ein
2624 2764 3281 2830 „verzog sich manchesmal ein Paar
163 2752 2600 2857 fangen des flüchtigsten, verhauchendsten Eindruckes, die reine vertiefen zu müssen. Der Weltkrieg hatte die Japaner das
2620 2806 3270 2873 leicht über den Boden; ein blauer
171 2803 2487 2896 Impression" ward ja schon seit langem als Resultat der Ge¬ gebracht, sich wieder auf sich selber energischer zu besinnen.
1390 2849 2600 2915 Wunsch, eine dem japanischen Wesen, wenn auch der modernen
2620 2853 3277 2919 mit einem weißen Spitzensicht. Le
160 2880 1370 2947 sättigtheit, der hohen Kultur erkannt. Die reiche Melodie der
1382 2904 2604 3001 Zeit gemäße, aber doch nationale Literatur zu schaffen, breitete sich
2620 2919 3281 2989 herüber, in den tiefen Fensternischen
156 2927 1358 2993 Impressionistischen Schöpfungen barg immer wieder fesselnd
1390 2962 1580 3036 rasch aus.
2725 2958 3274 3036 „Lustig, lustig, Kinder! Man
156 2982 1370 3040 Schönheiten in sich, jedoch auch die Gefahr, in dem erreichten
2616 2997 3277 3067 sagte Papa Prasch schmunzelnd in
1495 2982 2592 3071 Und sonderbar, die neueste, nun wieder dem Heimatliche
163 3024 1370 3095 Aesthetizismus zu erstarren, die bewegliche Lebendigkeit ertöten
2624 3052 3281 3141 dachte er schon wieder an eine neue
1386 3060 2592 3122 sich verbunden fühlende Literatur wird nach der scheinbar wahl
156 3075 1362 3137 um einer pagodenhaften Ruhe willen. China verlor sein Leben
2624 3106 3281 3188 der Jugend gehört bestimmt eben
1394 3102 2600 3165 losen, rastlos nur auf raschestes Erraffen und Ausbeuten gerichteter
152 3126 1362 3200 ein „reiches, buntes, künstlerisches Wesen" — so schrieb ich
2616 3153 3281 3231 alles andere. Denn er kannte sein
156 3153 2596 3246 bereits einmal — „verging. Die Vergangenheit empfanden Entlehnperiode bei den europäischen Literaturen, wieder beruhigt
2888 3196 3281 3262 schenkte den
1390 3200 2592 3266 konservativ, ästhetisch. Insular — trotz des Einzuges der draht
2624 3207 2857 3270 was Neues
163 3227 1366 3281 schließlich auch die Chinesen selber, die, einst schöpferische Künstler
2616 3223 3281 3309 Karneval mit nie dagewesenen
1390 3246 2086 3328 losen Telephonie und des Luftschiffes.
167 3274 1370 3340 heute fast ausschließlich Wissenschaftler geworden sind. Das Alt¬
1503 3293 3274 3394 Und nun hören wir auch bereits von zwei modernen japani- leuchtung". Er brachte einen „Ro¬
163 3316 1370 3383 reu zu bewahren, stets neu zu deuten, neue Philosophien daran
1397 3351 2736 3433 schen Dichtern, einem Mann und einem Mädchen, deren wesent¬ Nacht
156 3371 1378 3445 zu knüpfen, das wurde ihnen Zweck und Erfüllung des heutigen
2736 3363 3258 3464 Weithin klangen die süßen,
1386 3406 2596 3472 liche Bedeutung nach dem, was bisher an Proben ihrer Kunst un
160 3422 339 3511 Daseins.
2620 3429 3277 3507 Wiesenland, das sich ringsum brei
269 3449 2592 3530 Aehnlich erging es den Japanern, ehe sie mit den Europäern vermittelt wurde, wieder die soeben besprochene Einstellung an
1394 3488 3277 3562 die Aesthetik der Beruhigtheit erweise. Minako und Tomon noch schöner als im Fasching. „
156 3492 1378 3585 in nähere Beziehung traten. Immer schon schwach am Schaffen oder
2620 3534 3277 3628 allen Sterndern die Engerln munizi¬
156 3538 2592 3616 Festhalten einer Grundidee, hatten mit der Zeit ihre Dichter völlig Wadacki nennen sich die Geschwister, Mitako, aus den mittlere
2627 3585 3052 3663 Wiener ins seine Ohr.
163 3593 2596 3678 Die Erfassung starken realen Geschehens verloren. Stimmungs=Teilen Japans stammend, ganz ihrer Heimat verwurzelt
2733 3620 3281 3702 Aber es hat alles seine Zeit.
1394 3643 2596 3713 ein körperlich mißgebildetes Geschöpf, aber von unendlich
163 3651 1370 3717 malerei beherrschte sie beinahe ausschließlich, buddhistische Ideen
2627 3678 3274 3737 sein Ende. In Alt=Wien war's nie
1394 3694 2608 3764 zarter Feinfühligkeit. Sehnsucht ist ihr stets wiederkehrendes Motiv
167 3713 1362 3764 die in ihre religiösen und künstlerischen Ansichten eindrangen, der
156 3729 3281 3830 Nichteten bloß ihr Phlegma, ließen die Nichtigkeit alles irdischen und Resignation die stets wiederkehrende Schlußpointe. Akiko Man schwärmte eine Weile heftig
156 3776 3274 3912 Daseins immer wieder aufleuchten, und alle Abhandlungen und Kosano, Japans gefeiertste geistige Führerin, selber auch der man's gewohnt und schließlich ver¬
