3392 4256
1151 257 1590 365 box 42/2
298 253 946 369 Miscellaneous
134 1396 3128 1612 r. Mo. Heeren vom 1. bis 10. Mit den in Dienstag abend fand unter starke Belang alle besorger, an den gewachsene Keller aus Belgrad de
138 1538 607 1605 greß in Berlin abgehalten.
1080 1553 2085 1609 Spitzen und Koryphen das Festbankett im Kaiserho
2111 1564 3132 1646 den Kopf eines deutschen Romantikers und die Augen
134 1564 1061 1650 Es ist in den anderen Ländern so, daß die bedeu¬
1087 1594 2599 1657 statt. Der Mittwoch brachte eine durch die „Reichs eines englischen Seemanns
138 1638 1058 1691 den Dichter und Schriftsteller ganz selbstverständlich
1076 1642 2089 1691 zentrale für deutsche Verkehrswerbung“ veranstaltete
2182 1627 3132 1705 Der Pen=Klub ist durchaus unpolitisch, und es darf
145 1676 1058 1728 ieder des Pen=Klubs sind. Ob die deutsche Gruppe
1080 1679 2089 1735 und musterhaft organisierte Fahrt nach Potsdam und
2108 1657 3121 1746 kein Wort über Politik in ihm gesprochen werden. So
145 1720 1061 1780 ch ihre Mitglieder selbst wählt, das von sich sagen
1084 1717 2093 1773 Sanssouci, am Abend eine Festvorstellung von kleinen
2111 1720 3113 1776 sind die Verbindungen die sich spannen. Brücken vor
164 1761 1061 1813 ist umstritten. Es fehlen die jungen Radikalen,
1084 1761 2078 1813 Balletts und einer noch kleineren Lortzingoper un
2104 1758 3124 1821 Mensch zu Mensch, und nicht einmal durchaus von Volk
130 1780 1046 1862 Alfred Döblin, Brecht und Bronnen, um nur einig
2108 1802 3117 1858 zu Volk. Aber ich glaube, daß solche Zusammenkünfte
1076 1799 2082 1854 schließlich — dies aber schon unprogrammatisch und nur
138 1843 1050 1895 n zu nennen. An der Spitze stehen nicht etwa
2108 1840 3128 1895 über das Persönliche hinaus doch auch ihren gewisser¬
1076 1847 2078 1899 weil man nicht auseinander gehen konnte — ein fest
2108 1880 3128 1940 maßen informatorischen Wert haben. Als Ort für den
138 1880 2078 1940 rt Hauptmann oder die Brüder Mann, wie man liches Zusammensein bei Borchardt am 300. Dazwischen
2104 1914 3113 1981 nächsten Kongreß wurde Brüssel gewählt. Die Pe¬
182 1921 2078 1992 sollte, sondern Ludwig Fulda und Karl Federn, gab es Sitzungen, in denen abwechselnd Galsworthy und
2100 1951 3117 2018 Tagung in Berlin war immerhin ein sichtbares Zeichen
142 1962 1597 2018 i natürlich Hauptmann wie die Brüder Mann Jules Romains präsidierten.
2096 1988 3113 2056 dafür, daß wenigstens die geistige Boykottierung Deutsch¬
145 2003 1054 2056 jeder sind. Dagegen, daß unsere größten Namen
1147 1981 3121 2089 Dies der äußere Rahmen, in dem sich die wichtigeren lands ihr Ende erreicht hat. Es war der erste inter¬
156 2048 1046 2100 mit Vereinsgeschäften belastet werden, läßt sich
1076 2041 2078 2104 Vorgänge der persönlichen Bekanntschaft und Fühlung
2104 2074 3128 2141 nationale Kongreß, der seit Kriegsausbruch wieder je
145 2082 2655 2163 ich nichts sagen, aber bei solchen Gelegenheiten, nahme miteinander abspielten. Es war anfangs nicht Deutschland stattgefunden hat.
142 2126 2093 2190 de dieser jetzt in Berlin abgehaltene Kongreß bot, ganz einfach, zumal bei dem Begrüßungstee. Man kennt
179 2163 1039 2219 unsere glänzendsten Männer in Erscheinun
1069 2175 2082 2227 von den Berufsgenossen, mit denen man seit Jahren in
156 2197 1046 2260 müssen. Sie schickten herzliche Telegramme, aber
1076 2212 2078 2268 geistigem Austausch oder Briefwechsel steht, die wenigsten
145 2249 1039 2298 aren weggeblieben. Eine Welle von Bronchial
1069 2253 2085 2305 Man hütet sich, einen unbekannten Herrn anzusprechen,
1058 2290 2082 2350 der vielleicht der Thomas Mann von Spanien ist und
145 2286 1035 2342 scheint über Deutschland zu gehen. Wir wünsch
1069 2327 2082 2387 dessen Werke man nicht einmal vom Hörensagen kennt.
142 2331 1039 2383 Betroffenen baldige Genesung und bedauerten
1069 2361 2082 2424 Denn unsere Kenntnis fremder Literatur ist — zwar
149 2376 1039 2420 nicht das offenbar bekömmlichere Klima von Lon¬
1065 2402 2078 2461 hundertmal größer als im Ausland, aber doch immer
142 2409 1039 2465 der Paris bieten zu können, das sie sicherlich nich
1061 2447 2082 2502 noch beschämend gering. Oder man geht freudestrahlend
142 2458 1035 2502 den hätten. Immerhin hatte man ein peinliche
1061 2484 2074 2536 auf einen bärtigen Herrn zu, den man für Unamung
134 2502 1031 2551 , wenn man von einem Ausländer, der von wei¬
1061 2521 2074 2577 hält und der sich als ein harmloser Professor aus Leipzig
130 2525 2074 2625 wa von New York, gekommen war, nach Hauptpuppt. Aber allmählich finden sich doch die Gruppen
149 2573 1039 2633 oder Mann gefragt wurde. Die anderen Länder
1065 2599 2078 2666 zusammen, kennt man sich ungefähr aus. Mit grauem
168 2622 1043 2696 zum größten Teil ihre besten Männer oder
1061 2640 2082 2692 Bart und melancholischer Stirnlocke wandelt Artur
168 2651 324 2715 geschickt.
1058 2674 2070 2737 Schnitzler durch die Reihen steht mit freundlichem
142 2677 1039 2763 an wird von einer Tagung, die bewußt das Ge¬
1061 2718 2082 2778 ernstem Lächeln Galsworthy bei einigen Menschen,
149 2748 1035 2808 ftliche in den Vordergrund stellt, nicht verlangen
1054 2752 2078 2811 die er nicht versteht, macht der unverkennbare Fedor
164 2800 2078 2860 daß ihre Sitzungen in die Augen fallende Er¬ von Zobeltitz Verbeugungen alter Schule und eine
142 2834 2074 2893 se zeitigen. Es wurden Fragen der inneren Orga¬ brillante Figur. Und siehe man erkennt Karin Mi¬
153 2878 1024 2927 besprochen, es war von Zuwendungen die Red¬
1058 2875 2070 2931 chaelis und den Antinooskopf des jungen Martin
134 2916 1024 2968 In vielleicht aus der Carnegie=Stiftung in Pari¬
1058 2912 2078 2972 du Gard Je mehr Menschen man kennen lernt, desto
1058 2953 2078 3005 vorsichtiger wird man mit der Redensart die Fran¬
138 2957 1035 3005 den dürfte, man debattierte über Uebersetzungen
1050 2994 2074 3057 zosen, die Engländer", denn sie sind untereinander doch
142 2998 1028 3053 er war das sonstige Programm. Am Sonntag
1058 3031 2070 3102 stark verschieden. „Ihr Deutschen ahnt nicht, wie ver¬
145 3042 1035 3083 ttag gab es einen Begrüßungstee in den Räumen
1058 3065 2063 3135 schieden wir Franzosen sind sagt der temperamentvolle
145 3080 1024 3128 deutschen Gesellschaft 1914, am Montag ein Früh
1058 3106 2063 3173 Jules Romains einmal. Da tänzelt ein Herr herein
142 3124 1024 3169 Neuen Rathaus, das die Stadt veranstaltete
1046 3143 2063 3206 klein, untersetzt, elegant, Gamaschen und Monokel und
142 3158 1024 3214 hönen Reden des Oberbürgermeisters Dr. Böß
1050 3184 2063 3243 Henriquatre-Bart. Das ist der typische Pariser Literat,
145 3206 1024 3255 und des französischen Vertreters Jules Romains
1043 3225 2067 3284 denkst du. Aber es ist Dr. Seine aus Prag, der Dele¬
145 3240 1024 3299 send einen Tee des Generalintendanten Jeßner in
1058 3266 2063 3322 gierte der Tschechen, und Jules Romain, mit dem roten
145 3281 1020 3336 des Staatstheaters mit anschließender Festvor
1054 3307 2063 3359 Band der Ehrenlegion im Knopfloch, würdest du eher
160 3325 2059 3396 von Hebbels „Herodes und Marianne". Hinter auf Moskau tarieren, und den lieben weißhaarigen
160 3363 2063 3482 Zusammensein im Keller von Lutter & Wegner, Lundegard aus Norwegen auf New York. Und der mir
