3392 4352
1218 286 1642 387 box 42/2
365 299 1002 394 Miscellaneous
553 766 1166 866 Dr. Max Goldschmidt
561 853 1166 919 Büro für Zeitungsausschnitte
381 901 630 985 BERLIN N4
916 903 1332 978 Telefon: Norden 3051
702 1014 1007 1084 Ausschnitt aus:
609 1067 1100 1160 Prager Tagblatt
805 1182 1131 1304 1. Nov. 192
442 1245 1348 1346 Schnitzler grollt Budapest. „Pesti Naplo" veröffent¬
421 1317 1346 1393 Licht einen Brief Arthur Schnitzlers, der eine Absage
429 1357 1340 1430 auf eine Einladung zu einem Vortrag in Budapest
429 1401 1344 1465 enthält. Schnitzler erklärt darin, nach dem Vorfall,
426 1433 1341 1511 durch den sein „Reigen“ in einem Budapester Theater
430 1473 1344 1550 nicht zur Aufführung gelangte und man ihn einen
432 1518 1346 1593 pornographischen Schriftsteller genannt habe, wolle
439 1553 1348 1670 er in Budapest grundsätzlich keinen Vortrag halten.
535 1813 1156 1897 Dr. Max Goldschmidt
540 1895 1153 1985 Büro für Zeitungsausschnitte
368 1961 615 2040 BERLINNA
904 1952 1320 2046 Telefon: Norden 3051
699 2069 1002 2141 Ausschnitt aus:
400 2119 1295 2218 Leipziger Neueste Nachrichten
702 2239 1063 2376 13. Nov. 1924
283 2368 1486 2454 Schnißler ist auf Budapest böse. Arthur Schnitzler hat eine Vor¬
218 2425 1495 2512 ragseinladung nach Budapest grundsätzlich mit der Begründung
226 2478 1492 2533 abgelehnt, daß er keine Sehnsucht nach der Stadt habe, in der im
230 2522 1495 2564 Vorjahr die Polizei die Aufführung des „Reigen" am Tage der
230 2546 1507 2610 Premiere als unsittlich verboten und ihn als pornographischen Schrift¬
231 2604 604 2689 steller bezeichnet hat¬
593 3168 1214 3267 Dr. Max Goldschmidt
596 3248 1216 3352 Büro für Zeitungsausschnitte
964 3315 1377 3396 Telefon Norden 3031
421 3317 679 3405 BERLINNA
755 3421 1063 3502 Ausschnitt aus:
477 3487 1344 3587 Allgemeine Zeitung, Chemnitz
985 3643 1320 3747 16 Nov. 1924
588 3715 1465 3807 Schnitzler ist auf Budapest böse. Arthur Schnitz¬
514 3781 1473 3842 ler hat Vortrags einladung nach Budapest mit
514 3816 1473 3879 der Begründung abgelehnt, daß er keine Sehnsucht
516 3853 1468 3910 nach der Stadt habe, in der im Vorjahr die Polizei
522 3889 1463 3947 die Aufführung des „Reigen" am Tage der Pre¬
525 3924 1473 4001 miere als unsittlich verboten und ihn als porno¬
514 3956 1258 4041 graphischen Schriftsteller bezeichnet hat.
1850 715 2111 784 BERLIN N4
2387 757 2801 832 Telefon Norden 8051
2167 830 2475 917 Ausschnitt aus:
1841 861 2793 1020 Bote aus dem Riesengebirge, Hirschberg
2098 978 2445 1103 16 Nov. 1926
1719 1126 2915 1203 Arthur Schnitzler und die Ungarn. Eine Konzertagentur
1645 1174 2922 1238 lud vor kurzem Arthur Schnitzler zu einem Vortrag nach Budapest
1653 1214 2922 1280 ein. Schnitzler lehnte diese Einladung in einem Briefe ab, den er
1650 1246 2941 1320 an den Direktor der Konzertagentur richtete. In seinem Schreiben
1646 1324 2914 1405 weist Schnitzler darauf hin, daß er in Budapest aus prinzipiellen
1646 1394 2911 1436 Gründen keinen Vortrag halten könne, da ihn die Zensur¬
1645 1420 2917 1483 behörden im Vorjahre anläßlich einer geplanten, dann verbote¬
1646 1455 2915 1520 nen Aufführung des „Reigen“ als pornographischen Schriftsteller
1645 1497 2922 1560 bezeichnet hatten. Es sei ihm daher unmöglich, dieser Einladung
1642 1550 1987 1597 Folge zu leisten.
2003 2098 2628 2228 Dr. Max Goldschmidt
2017 2188 2629 2308 Büro für Zeitungsausschnitte
2385 2226 2800 2340 Telefon: Norden 305
1847 2299 2114 2388 BERLIN N4
2180 2372 2470 2456 Ausschnitt aus
1979 2408 2694 2557 Neue freie Presse, Wien
2329 2536 2742 2657 16. Nov. 1926
1794 2670 2893 2782 Ein apokrypher Brief Arthur Schnitzlers.
1865 2737 2925 2845 Arthur Schnitzler bittet uns um Aufnahme folgender
1783 2806 1926 2877 Zeilen:
1860 2816 2919 2904 „Man sendet mir eine Anzahl so ziemlich gleichlautender
1791 2869 2922 2947 Zeitungsnotizen ein, in denen ein Brief mit meiner Unterschrift,
1791 2917 2919 2986 den ich niemals geschrieben habe, inhaltlich und da und dort
1796 2967 2917 3029 sogar wörtlich" zitiert wird. In diesem angeblich von mir ge¬
1788 2996 2930 3076 schriebenen Briefe motiviere ich die Ablehnung einer Einladung
1788 3049 2922 3123 zur Abhaltung einer Vorlesung in Budapest damit, daß man
1786 3081 2915 3159 mich dort „als pornographischen Schriftsteller hingestellt habe".
1791 3131 2931 3195 In Wahrheit verhält es sich so, daß die letzte an mich ergangene
1793 3171 2925 3237 Einladung zu einer Vorlesung in Budapest wenige Tage vor der
1793 3211 2928 3278 beabsichtigten Aufführung des „Reigen" (es wird wohl ein Jahr
1797 3248 2931 3344 seither sein) mündlich erfolgte, und zwar, wenn ich mich recht
1802 3288 2930 3365 innere, durch eine dem betreffenden Theater nahestehende Per¬
1801 3335 2931 3412 sönlichkeit, zu einem Zeitpunkt also, wo von einem Zensurverbot
1802 3372 2935 3445 des „Reigen mir wenigstens noch nichts bekannt war; und daß
1793 3418 2927 3494 ich diese Einladung (wie so manche vorher sowohl aus Budapest
1802 3457 2927 3532 wie aus anderen Städten ohne Angabe bestimmter Gründe, in
1802 3500 2931 3571 diesem Falle mündlich, in einem Gespräche von Angesicht zu
1799 3551 2912 3606 Angesicht abgelehnt habe. Jener veröffentlichte Brie
1813 3580 2917 3657 stammt also nicht von meiner Hand, ist de
1817 3625 2928 3710 Form und dem Inhalt nach apocryph, und die
1809 3667 2927 3743 in den mir vorliegenden Zeitungsnotizen nicht genannte Konzert
1809 3706 2925 3781 agentur sollte wohl ein Interesse daran haben, den Herstelle
1807 3749 2930 3842 der Fälschung zu ermitteln. Ich brauche nicht hinzuzufügen, das
1817 3794 2931 3869 mein inneres und äußeres Verhältnis zu irgendeiner Stadt durch
1817 3836 2928 3919 die Auffassung oder Maßnahmen ihrer Behörden gegenüber mi
1813 3876 2931 3950 und meinen Werken nicht im geringsten bestimmt werden könnte
2424 3924 2891 4017 Arthur Schnitzler.
