3344 4352
131 291 222 406 1.
1141 297 1562 396 box 42/2
283 305 954 407 Miscellaneous
760 1628 1350 1804 2
938 1925 1286 2027 Wien, Mittwoch
329 1936 588 2048 Nr. 22520
385 2046 1356 2145 Die Dichtersektion der
447 2144 1310 2248 Berliner Akademie.
522 2224 1228 2316 Mitglieder aus Oesterreich.
489 2302 1252 2383 Telegramm unseres Korrespondenten
994 2334 1409 2427 Berlin, 5. November.
404 2403 1444 2495 Die neue Sektion für Dichtkunst an der preußischen
304 2465 1447 2534 Akademie der Wissenschaften, die bisher aus Thomas Mann,
307 2508 1444 2586 Ludwig Fulda, Hermann Stehr und Arno Holz bestand, hat
310 2548 1444 2634 in einer Sitzung die Zuwahl neuer Mitglieder beschlossen
307 2604 1451 2681 24 Mitglieder sollen hinzugewählt werden,
310 2644 1446 2729 und zwar von österreichischen Schriftstellern Artur
313 2690 1439 2767 Schnitzler, Hugo v. Hofmannsthal, Jakob
313 2741 1447 2813 Wassermann, Hermann Bahr, Franz Wersel.
331 2783 1446 2866 Ferner sind vorgeschlagen: Heinrich Mann, Bernhard
316 2831 1443 2922 Kellermann, Wilhelm Schmidt=Bonn, Riccarda Huch, Her¬
313 2874 1449 2959 mann Hesse, Rainer Maria Rilke, Wilhelm Schäfer, Emil
318 2922 1444 3005 Strauß, Hermann Sudermann, Wilhelm v. Scholz, Max
323 2983 1449 3059 Halbe. An alle diese Genannten ist bereits eine Einladung
318 3032 1350 3106 zum Eintritt in die Sektion für Dichtkunst ergangen.
419 3051 1459 3152 Ferner dürften noch Georg Kaiser und Leonhard
334 3109 1462 3200 Frank zum Eintritt aufgefordert werden. Max Halbe und
326 3163 1454 3237 Heinrich Mann haben bereits zustimmend geantwortet. Die
320 3216 1006 3286 übrigen Antworten stehen noch aus.
415 3225 1460 3326 Die offizielle Bekanntmachung der neuen Mitglieder
318 3304 1457 3379 wird erst vorgenommen werden, wenn die misterielle Be¬
326 3363 725 3451 stätigung erfolgt ist.
1486 2419 1569 2502 ment
1492 2494 1572 2546 strö¬
1495 2537 1575 2601 Föh
1482 2590 1562 2644 de
1489 2730 1567 2832 .
1484 2820 1570 2879 Re
2050 850 2665 944 Dr. Max Goldschmidt
2045 927 2658 1021 Büro für Zeitungsausschnitte
2411 990 2828 1064 Telefon Norden 3051
1880 995 2131 1078 BERLINNA
2200 1093 2506 1182 Ausschnitt aus:
1949 1158 2767 1259 Königsberger Allgemeine Zeitung
1788 1393 2872 1471 Die neuen Mitglieder der Dichterakademie.
1805 1435 2957 1502 * Berlin, 4. November. Ueber die Aufnahme neuer Mitglieder
1698 1497 2954 1542 in die Sektion für Dichtkunst der Preußischen Akademie haben sich aller¬
1711 1537 2957 1591 hand Gerüchte geknüpft, die auch wir verzeichneten. Fest steht bis jetzt,
1705 1585 2955 1626 vie bereits gemeldet, daß Max Halbe die Wahl angenommen hat.
1705 1610 2951 1666 Dasselbe wird von Heinrich Mann behauptet. Außerdem werden,
1705 1653 2954 1705 dem „Berliner Tageblatt" zufolge, noch folgende Namen genannt: Hugo
1708 1690 2947 1743 von Hofmannsthal, Artur Schueler, Bernhard Keller¬
1708 1725 2963 1776 mann, Wilhelm Schmidtbonn, Jakob Wassermann, Ricarda
1713 1768 2957 1820 Buch, Hermann Hesse, Hermann Bahr, Rainer Maria Rilke,
1705 1804 2946 1853 Franz Werfel, Hermann Sudermann, Wilhelm von Scholz
1701 1852 2951 1899 Georg Kaiser und Leonhard Franck. Im ganzen sind 24 Dichter
1701 1880 2971 1936 und Schriftsteller, davon sechs aus Berlin und 18 Auswärtige,
1698 1912 2979 1975 von den bisherigen Mitgliedern zur Ergänzung vorgeschlagen worden
2008 2358 2618 2462 Dr. Max Goldschmidt
2014 2427 2626 2538 Büro für Zeitungsausschnitte
2379 2503 2797 2580 Telefon Norden 3051
1853 2510 2102 2590 BERLINNA
2165 2602 2471 2677 Ausschnitt aus:
1911 2660 2733 2772 Rheinisch-Westfäl. Zeitung, Essen
2244 2797 2578 2888 5 Nov. 182
2141 2885 2545 3003 Schrifttum
1911 2965 2788 3064 Die vierundzwanzig „Unsterblichen
1818 3042 2915 3106 Aus dem Sekretariat der Akademie wird jetzt die Vor¬
1770 3098 2906 3145 schlagsliste für weitere Ernennungen, die auf der ersten Tagung der
1775 3133 2912 3176 Sektion für Dichtkunst an der Preußischen Akademie aufgestellt worden
1775 3176 2912 3214 ist, veröffentlicht. Danach handelt es sich noch um folgende Dichter:
1772 3201 2828 3267 Heinrich Mann Hugo v. Hofmannsthal, Arthur Sch.
1772 3222 2931 3284 er, Bernhard Kellermann, Wilhelm Schmern, Jan
2767 3272 2933 3321 Hermann
1775 3272 2732 3316 Wassermann, Ricarda Huch, Hermann Hesse,
1770 3312 2914 3356 Bahr, Rainer Maria Rilke, Wilhelm Schäfer, Franz Wer¬
1788 3340 2912 3385 el, Emil Strauß, Hermann Sudermann, Wilhelm von
1778 3374 2914 3425 Scholz Max Halbe. Außerdem voraussichtlich Georg Kaiser
1770 3407 2912 3457 und Leonhard Franck. Wie wir dazu noch erfahren, geht diese Vor¬
1775 3449 2915 3489 schlagsliste nicht ausschließlich auf die bereits erwähnten Mitglieder der
1768 3484 2912 3526 Akademie zurück, was man eigentlich hätte erwarten sollen, sonder
1775 3519 2919 3562 ist unter wesentlicher Anteilnahme der Gesamtakademie aufgestellt
1775 3550 2912 3599 worden, für die auch Vorschläge aus dem betreffenden Referat des
1768 3593 2751 3668 Kultusministeriums nicht ohne Einfluß geblieben sein dürften.
