3344 4352
169 313 248 386 1.
316 296 966 404 Miscellaneous
1168 288 1593 387 box 42/2
1321 1746 1933 1862 Dr. Max Goldschmidt
1318 1848 1924 1934 Büro für Zeitungsausschnitte
1143 1908 1402 1980 BERLINNA
1687 1915 2097 1989 Telefon: Norden 3051
1465 2010 1769 2087 Ausschnitt aus:
1165 2081 2087 2180 Pommersche Tagespost, Stettin
1430 2221 1693 2320 v. 1924
1116 2279 2212 2385 (Die neuen Dichterakademiker. Die Sektion für Dichtkunst
1028 2326 2218 2450 der Preußischen Akademie der Künste hat zu Berliner Mitgliedern
1050 2362 2215 2470 gewählt: Georg Kaiser, Bernhard Kellermann, Oskar Loerke,
1044 2400 2214 2509 Walter v. Molo, Dr. Wilhelm v. Scholz und Eduard Stukken.
1048 2437 2214 2551 Zu auswärtigen Mitgliedern: Hermann Bahr, Dr. Max Halbe,
1054 2483 2214 2589 Hermann Hesse, Dr. Ricarda Huch, Dr. Erwin Guido Kolbenheyer,
1054 2515 2223 2622 Heinrich Mann, Dr. Josef Ponten, Artur Schnitzler Dr. Karl
1048 2561 2223 2665 Schönherr, Dr. Emil Strauß, Jakob Wassermann, Franz Werfel.
1051 2597 2227 2700 Der preußische Kultusminister hat die Wahlen soeben bestätigt.
1069 2632 2227 2734 — Sudermann und Hugo v. Hofmannsthal, an die gleichfalls
1060 2671 2230 2771 eine Einladung der Akademie ergangen war, haben ablehnend
1056 2759 1297 2824 geantwortet.
