3344 4256
196 265 280 354 1.
348 262 1015 362 Miscellaneous
1198 253 1623 348 box 42/2
1324 1281 1945 1374 Dr. Max Goldschmidt
1325 1364 1933 1447 Büro für Zeitungsausschnitte
1141 1422 1408 1501 BERLINNA
1693 1438 2102 1510 Telefon: Norden 3051
1474 1538 1779 1604 Ausschnitt aus:
1276 1577 1956 1671 Berliner Börsen-Courier
1333 1783 2212 1967 Die erste Arbeitssitzung der
1518 1944 2036 2031 Dichterakademie.
1399 2032 2219 2102 In der ersten Arbeitssitzung der neuen Sek¬
1328 2085 2211 2140 tion für Dichtkunst in der Preußischen Aka¬
1340 2126 2209 2184 demie der Künste wurde gestern die Geschäftsord¬
1343 2181 2210 2224 nung erledigt. Den wesentlichsten Punkt bildete
1337 2220 2210 2279 die Zuwahl weiterer Mitglieder. Nur Arno Holz
1337 2269 2209 2325 blieb der Sitzung fern. Man einigte sich auf eine
1340 2302 2209 2362 Liste von sechs Berlinern und achtzehn auswärtigen
1329 2351 2205 2411 Kandidaten. Es wurde aber beschlossen, die Na¬
1331 2398 2205 2455 men geheimzuhalten, bis die Zustimmung
1331 2444 2200 2495 der Gewählten erfolgt ist. Selbstverständlich tauchen
1334 2493 2206 2537 eine Anzahl von Namen auf, die als Kandida¬
1331 2531 2205 2582 ten für die Sektion der Dichtung genannt werden.
1336 2567 2202 2638 Wir stellen die folgenden Namen zur Verfügung:
1334 2616 2202 2672 Heinrich Mann, Kellermann, Schnitzler, Wasser¬
1325 2663 2202 2724 mann, Ricarda Huch, Hofmannsthal, Eulenberg,
1334 2704 2200 2769 Schmidt=Bonn, Sudermann, Paul Ernst, Georg
1325 2762 2202 2812 Kaiser, Leonhard Frank, Bruno Frank, Hermann
1340 2796 2203 2859 Bahr, Stefan Zweig, Beer=Hofmann, Rilke, Max
1340 2844 2201 2895 Halbe, Wilhelm von Scholz, von der Goltz, Her¬
1325 2896 2200 2943 mann Hesse, Ernst Lissauer, Rudolf Borchardt, Ge¬
1334 2932 2193 2979 org Hermann, Albrecht Schaffer, Else Lasker¬
1331 2981 2199 3035 Schüler, Sternheim, Unruh, Stucken, Flake, Emil
1331 3016 2196 3076 Straus — man sieht, daß sich diese Liste mühelos
1324 3062 2200 3128 über mehr als 24 Namen fortsetzen ließe. Dabei
1327 3110 2201 3174 haben wir die Vertreter der jüngsten Literatur, wie
1333 3158 2232 3233 Brecht, Bronnen, Toller, noch nicht berücksichtigt.
