3344 4352
133 283 237 371 1.
1145 277 1564 371 box 42/1
293 289 964 371 Miscellaneous
734 856 1897 917 gendes Händeklatschen im Saale für die Glanzleistung des Equili¬
742 907 1891 972 bristen nachfolgt, die Antwort: „Weiß ich's denn, wie hoch heute
742 950 1028 1028 die Mark steht.“
1153 975 1502 1060 F. van Eeden.
788 1019 1891 1104 Van Eeden ist zur katholischen Kirche übergetreten. Das geschah
745 1098 1898 1156 zu Weihnachten. Nun drängt es ihn, seinen Schritt öffentlich zu
748 1146 1901 1194 rechtfertigen, von seinem Erlebnisse anderen mitzuteilen. Wer die
756 1175 1897 1232 Wahrheiten des Bekehrten vernehmen will, muß an den Manager
756 1219 1904 1275 desselben zwischen ein und drei Gulden bezahlen. Gleichwohl ist
748 1275 1897 1321 der Saal überfüllt. Auch hier gibt es viele Geistliche. Der Ka¬
745 1305 1897 1359 tholizismus macht an sich in Holland große Fortschritte; van Eeden
753 1350 1905 1410 ist nach Toorops Uebertritt der schmeichelhafteste Triumph der
753 1393 1898 1447 Kirche. Van Eeden fehlt alles, was nach Humor schmecken könnte.
750 1440 1902 1496 Seine Gesichtsfarbe ist käsegel, das ergraute Haar sieht ungesund,
750 1482 1904 1539 büßerhaft aus. Zwar beeilt sich der Dichter, mitzuteilen, daß er
748 1524 1904 1583 große Sünden nicht zu büßen haben, seine Seitensprünge seien nicht
745 1565 1904 1622 bedeutend gewesen, letzten Endes sei auch sein vorchristliches Leben
737 1610 1898 1669 ganz anständig verlaufen. Trotzdem ist sein Blick trübe, seine Hal¬
748 1650 1901 1713 tung gedrückt, die Stimme hohl. Das Erlebnis, das ihn zu seiner
753 1704 1907 1761 Tat trieb, sucht er mehr zu verschleiern als zu lichten. Von der
753 1740 1905 1791 Erschütterung, die sich in ihm, seiner Bekanntgabe nach, abgespielt
745 1781 1901 1840 hat, geht jedenfalls auf die Zuhörerschaft nichts über. Diese kann
748 1826 1901 1879 van Eeden nur als merkwürdigen Sonderfall betrachten; das all¬
753 1869 1905 1933 gemein menschliche Mitgefühl wird durch den Dichter selbst immer
753 1911 1905 1971 wieder weggeschoben, da er statt von Jesus von der Kirche spricht
750 1958 1913 2009 und statt des Glaubens Rom meint. Wenn irgend jemand in
756 1997 1910 2062 Holland, so stand früher van Eeden, auch auf dem Gebiete der
753 2041 1910 2110 Sozialreform, der Geistigkeit des Urchristentums nahe; heute bringt
756 2082 1910 2145 er aufs Kathoder die früher geschriebenen Bücher mit, schlägt Stelle
750 2127 1910 2187 nach Stelle auf und sucht nachträglich zu beweisen, daß er eigent¬
753 2165 1914 2229 lich wie jetzt immerzu gedacht und geschrieben habe, daß er also
756 2216 1918 2278 vor die Christförmigkeit aller Menschen schon immer das Dogma,
756 2256 1913 2310 vor die Selbsterlösungsmöglichkeit die Notwendigkeit der Priester¬
759 2302 1930 2361 hilfe gestellt habe, und so endet der Abend als römisch-propagan¬
755 2352 1216 2422 distische Erbauungsstunde.
1177 2397 1498 2481 A. Schnitzler.
753 2435 1920 2526 Zu Arthur Schnitzler strömen die Weltkinder. Gibt es nichts zu
756 2508 1916 2564 profitieren von ihm, dem berühmten Lebens= und Liebeskünstler:
762 2551 1916 2609 Darf man nicht auf ein klein wenig, o gewiß nicht äußerlich zum
765 2596 1923 2650 Ausbruch kommenden Skandal rechnen? Richtig sind denn eine
762 2634 1918 2682 Menge Damen und Herren, als der Dichter die Geschichte von der
774 2675 1926 2733 Hirtenflöte liest, wo eine schöne junge Frau mit einem ganzen Heer¬
764 2719 1921 2784 hausen symbolisch gemeinte Unzucht treibt, stark schokiert, klatschen
765 2761 1921 2822 aber am Schluß dennoch, weil es einmal zum guten Tone gehört,
765 2806 1921 2867 und alle Kritiker im Lande den zum voraus für einen Banausen
771 2847 1923 2905 erklärt haben, der Schnitzlers leichte, scharmante, unbefangen¬
771 2894 1923 2946 Geistigkeit nicht zu würdigen wisse. Der Dichter hat sich eine alt¬
768 2939 1929 2996 väterisch große Krawatte über das Frackhemd gebunden, schiebt
768 2978 1930 3034 nach der ersten Seite des Lesens eine dicke Hornbrille hinter die
765 3024 1932 3075 Ohren, reguliert mit der Hand, in die er die Wange stützt, von
774 3065 1930 3124 Zeit zu Zeit den Fall der Stirnlocken, und gleicht denn so in der
771 3101 1933 3158 Tat dem Bilde, das vom Dichter ein jedermann im Herzen trägt:
777 3146 1934 3202 Wissen, seelische Abenteuer, enttäuschende, aber nicht nachlassende
774 3192 1933 3253 Anbetung des Ideals, das steht diesen weichen, vergilbten Zügen
777 3231 1936 3298 ins Gesicht geschrieben, und drum verzeiht man ihm denn die An¬
774 3276 1933 3332 züglichkeiten und kommt sich selber, anders als die der Hirtenflöte
774 3319 1930 3378 folgende Dionysia, recht alltäglich vor und seufzt ein wenig und
780 3364 1936 3421 entdeckt in sich kleine Schmerzen, die bisher geschwiegen hatten.
783 3408 1936 3462 Hochrot sitzt in der ersten Reihe ein Freudianer, der holländische
787 3447 1940 3510 Führer dieser Gilde, aus Leiden zu dieser Vorlesung extra her¬
774 3491 1940 3551 übergekommen. Ihm ist nichts dunkel; beide: den Dichter und die
783 3536 1940 3592 erst sich gegen ihn sträubenden, dann ihm hingegebenen Frauen,
774 3577 1926 3649 durchschaut er, durchschaut er bis ins Letzte. Sein Auge glüht.
1546 3698 1990 3787 re
1767 4046 1895 4141 A
