3344 4320
125 327 233 418 1.
1127 299 1562 410 box 42/2
274 307 944 432 Miscellaneous
2423 958 2686 1038 Nr. 22310
1683 961 2071 1074 2. Oktober 1723
579 966 1254 1080 Neue Freie Preuss.
457 1083 2683 1282 Mein Bruder Thomas Mann und ich.
1235 1251 1902 1365 Von Heinrich Mann.
1343 1337 1816 1431 (Aus einem Gespräch.)
1600 1401 2650 1479 Gruppen unschuldig verurteilt werden, mich zu ihnen
504 1401 1573 1492 Heinrich Mann ist in Wien eingetroffen und wird
1598 1454 2724 1537 bekennen und mich für ihre Befreiung einzusehen. Ich werde
413 1476 1550 1531 Samstag um halb 8 Uhr abends im großen Musikvereins¬
1600 1517 2719 1595 in solchen Fällen niemals meinen Namen verweigern, falls
421 1523 1559 1592 saale aus eigenen Schriften lesen. „Die eine Novelle, die ich
1598 1564 2107 1631 man ihn von mir verlangt.
424 1575 1548 1642 vorlesen werde," erzählt der Dichter, „steht mit meinem dem
1686 1581 2722 1664 Meiner Herkunft nach bin ich selbstverständlich ebenso
418 1622 1470 1678 nächst erscheinenden Roman „Mutter Maria
1686 1650 2722 1714 Bürgertum verwurzel, wie mein Bruder
421 1656 1548 1725 innerem Zusammenhang. In diesem Roman behandle ich
1598 1675 2639 1761 Thomas. Mein gesamtes schriftstellerisches Schaffen
413 1711 1553 1780 das Verhältnis zwischen der früheren und der jetzigen
1600 1744 2630 1805 Ausnahme eines einzigen Werkes, „Die Alpen",
426 1764 1559 1844 Generation, zwischen den Eltern und Kind die Novelle
1592 1791 2644 1869 mit den Romanen „Der Untertan" und „Der Ko¬
432 1811 1553 1877 stellt die Jugendgeschichte des Heldin des dar. Die
1598 1819 2722 1899 zu einer Trilogie verbunden ist, hat die bürgerliche Welt
426 1852 1559 1941 zweite Novelle, die ich vorlesen werde, beschäftigt sich gleich¬
1606 1886 2724 1946 zum Gegenstand. Es hat mich sehr gefreut, daß ich meinem
435 1902 1556 1991 hills mit einem Gegenwartsproblem. Die unbesieger¬
1600 1930 2722 1980 Roman, Die Armen" viele zustimmungsbundgebungen aus
429 1952 1550 2032 Widerstandskraft eines jungen Menschen gegenüber der
1598 1974 2730 2024 dem Proletariat verdanke, in denen mir gesagt wird, daß
437 2002 1473 2085 schmerzlichsten Erlebnissen gelangt darin zum Ausdruck.
1603 2024 2727 2085 ich auch die proletarische Welt gefühlsmäßig richtig erfaßt
512 2046 1556 2115 Ich freue mich sehr über mein Wiedersehen mit dieser
1606 2057 2738 2126 habe. Und besonders beglückt hat es mich, daß ein sehr
421 2099 1567 2173 Stadt, in der mein Bruder Thomas Mann im Vorjahre
1598 2107 2730 2171 weit linksstehender französischer Autor, Henri Poulaille,
432 2151 1556 2218 zu seinem fünfzigsten Geburtstage so herzlich gefeiert worden
1600 2151 2733 2207 mir sein Buch „Die Geburtsstunde des Frie¬
440 2198 1564 2254 ist. Ich glaube, daß diejenigen, die immer auf den künst¬
1603 2198 2727 2254 dens gewidmet hat. Diese Zueignung ist mir ein Bewei¬
426 2243 1564 2304 lerischen Gegensatz zwischen meinem Bruder und mir hin¬
1606 2240 2730 2315 dafür, daß man sich in Frankreich von meiner Gesinnung
1603 2298 2085 2367 ein richtiges Bild macht.
437 2287 1564 2356 gewiesen haben, im Unrecht sind. Es besteht zwischen und
1686 2309 2733 2401 Für Frankreich empfinde ich seit jeher eine be¬
435 2331 1567 2392 eine viel wesentlichere Gemeinsamkeit, als es oberflächlichen
1609 2367 2722 2436 sondere Liebe, in der französischen Literatur fuis
432 2381 1564 2442 trachtungsweise erscheinen mag. Bei aller Verschiedenheit
1614 2423 2738 2478 mich heimisch, und ich weiß mir nichts Schöneres, als die
529 2428 1570 2492 dichterischen Ausdrucksmittel besteht doch zwischen
1603 2475 2741 2531 Mitarbeit an einer recht innigen Ausgestaltung der
1077 2481 1260 2556 mir
939 2481 1041 2539 und
462 2478 892 2547 einem Bruder
1609 2514 2741 2578 geistigen Beziehungen zwischen Frank¬
435 2517 1570 2589 geistige Verwandtschaft, und ich erinnere mich
1609 2561 2736 2619 reich und Deutschland. Es gehört zu meinen
440 2564 1573 2644 gern eines Züricher Professors, der mir gegenüber darauf
1622 2605 2741 2658 stolzesten Erinnerungen, daß es mir vergönnt war, mitten im
440 2619 750 2702 hingewiesen hat.
1614 2650 2736 2716 sogenannten Ruhrkrieg in Paris für den Abbau des Hasse¬
537 2636 1573 2716 Von den Arbeiten meines Bruders steht mir der „Tod
1620 2702 2741 2758 und für eine Annäherung zwischen Deutschland und Frank¬
432 2705 1570 2774 in Venedig menschlich deshalb am nächsten, weil ich
1614 2749 2738 2805 reich wirken zu können, und ich verabsäume es niemals, mich
437 2755 1573 2819 mich mit meinem Bruder in Venedig aufgehalten und die
1614 2794 2733 2844 in denjenigen Organen der öffentlichen Meinung Frankreichs,
443 2796 1575 2855 Stimmung, von der sein Buch erfüllt ist, gemeinsam mi¬
1620 2838 2622 2896 deren Mitarbeiter ich bin, zu dieser Idee zu bekennen.
437 2846 1564 2918 ihm erlebt habe. Daß ich in den „Budenbroo¬
1620 2888 2738 2943 rechne es Coudenhove-Kalergi, mit dem mich
446 2893 1570 2951 auf Schritt und Tritt wohlvertrauten Gestalten aus unsere
1617 2929 2658 2987 herzliche Freundschaft verbindet, besonders hoch an, daß
457 2938 1567 2999 Jugend begegne, versteht sich von selbst. Welche literarisch
1620 2968 2713 3037 sich den Kampf für den Frieden zur Lebensaufgal
446 2987 1570 3046 Bedeutung „Der Zauberberg hat, braucht man
1622 3026 2652 3084 gemacht hat. Als ich Coudenhove kennen lernte, war er
443 3032 1570 3087 wohl nicht erst von mir zu erfahren. Was die „Betrach
1622 3068 2730 3126 philosophischen Problemen beschäftigt, die sich an der Grenz¬
449 3073 1575 3143 tungen eines Unpolitischen betrifft, so steht
1614 3115 2738 3170 der Politik bewegten. Er sagte mir damals, daß er sich
446 3120 1578 3179 nicht nur ich selbst gesinnungsmäßig weit links von diesem
1614 3159 2738 3212 einige Jahre ausschließlich der Paneuropäischen
449 3165 1570 3228 Buche, sondern ich bin davon überzeugt, daß sich auch
1620 3203 2744 3264 Idee widmen wolle. Er betonte immer wieder, daß man sich
454 3212 1578 3278 mein Bruder seit damals starb nach links
1617 3259 2749 3334 mit aller Kraft der bedrohlichen Gefahr eines neuen
454 3262 839 3342 entwickelt hat.
1620 3298 2450 3381 Krieges entgegenstemmen müsse
548 3287 1578 3383 Man sagt mir mitunter, ich sei nach dem Umstur
1714 3317 2741 3403 Wenn ich meiner Freude über mein Wiedersehen mit
454 3331 1578 3417 als Führer der jungen literarischen
1631 3372 2744 3450 Wien Ausdruck gebe, so hoffe ich, daß diese Bemerkung nicht
457 3406 1589 3466 Generation, der sogenannten Aktivisten, be¬
1622 3433 2744 3494 als Höflichkeitsphrase, sondern als meine innerste Ueber¬
454 3453 1575 3516 trachtet worden. Nun, meiner angeblichen Führerrolle war ich
1634 3480 2752 3541 zeugung aufgefaßt werde. Als ich das letztemal vor fünf
462 3500 1581 3558 mir jedenfalls niemals bewußt. Die politische Betätigung
1628 3527 2741 3586 Jahren anläßlich der Aufführung meiner „Madame
457 3547 1589 3605 der Intellektuellen schien mir oft ein bischen wirr und
1620 3574 2752 3627 Degros in Wien war, ging es hier sehr unruhig zu. Aber
457 3586 1581 3658 planlos und ich bin schon seit längerer Zeit ausschließlich
1634 3624 2752 3677 selbst trotz aller Straßenkrawalle schien mir Wien damals
460 3638 1586 3699 mit künstlerischen Problemen beschäftigt. Uebrigens ist ja
1628 3669 2752 3727 liebenswürdig und bezaubernd wie immer. Wien ist für mich
457 3682 1589 3738 das Leben in Deutschland schon längst wieder ruhiger ge¬
1631 3718 2752 3771 und wohl für jeden zeitgenössischen Schriftsteller vor allem die
462 3727 1586 3785 worden, und ich habe den Eindruck, daß sich die gesamte
1631 3763 2752 3818 Stadt, in der Arthur Schnitzler lebt und schafft. Berlin
465 3771 1589 3857 Schriftstellergeneration von heute durchaus nicht mehr für
1634 3810 2752 3873 hat meiner Ansicht nach kein Gegenstück zu jener wienerischen
468 3826 1589 3890 Politik, sondern wieder vor allem für jene ästhetischen
1639 3854 2758 3909 Literatur, die in Schnitzler so glanzvoll verkörpert ist.
468 3865 1586 3932 philosophischen und literarischen Fragen interessiert, die ihr
1639 3898 2758 3957 Herlin hat keinen Dichter, den es seinen
465 3909 1586 3976 naturgemäß im nächsten liegen müssen. Wenn ich mich
1634 3943 2758 4009 Arthur Schnitzler nennen könnte. Ich freue
454 3951 1589 4020 aber auch an politischen Leben nicht beteilige, so halte ich
1628 3984 2766 4081 mich über meinen Besuch in der Stadt, die im schönsten Sinne
462 3993 1589 4067 es dennoch für meine selbstverständliche Pflicht, in allen
465 4040 2204 4117 jenen häufigen Fällen, in denen Angehörige linksorientierter Arthur Schnitzlers Heimat ist.
828 4150 1011 4233 ?
