3344 4384
112 377 206 466 1
1124 370 1534 468 box 42/1
265 370 946 480 Miscellaneous
117 1703 1872 1778 die sogenannte „Brunstzeit beim Men= wird? Und ob sie weinen wird, wenn ich dann
1935 1722 2848 1820 Yvonne: Fühlen auch meine Lilien den
101 1766 1394 1811 nicht gibt. Die Folge ist, daß Jünglinge nicht mehr komme —
1902 1771 2106 1841 Frühling?
103 1806 921 1858 kädchen, als Opfer dieser Suggestion, blind
984 1780 1879 1858 Der alte Invalide, der den Park hütet, hum¬
1930 1785 2839 1895 Hector. Auch Deine Lilien fühlen den
103 1848 923 1895 überlegt Verbindungen eingehen, deren
958 1844 1881 1907 pelt vorbei, blickt nach dem Mädel hin und nickt
1902 1865 2834 1940 Frühling. Auch der Blinde sieht den Frühling.
105 1893 923 1937 Resultate uneheliche, unversorgte Kinder,
951 1897 2832 2003 ihr leise zu. Er hat schon viele Frühlinge im Der Taube hört den Frühling. Der Lahme tanzt
103 1940 1872 2015 kliche Ehen und Ehescheidungen sind. Stadtpark gesehen und er weiß es: Sie wird
1897 1958 2174 2033 den Frühling.
101 1979 1099 2029 dem glauben sie auch fernerhin an die Herr= weinen.
115 2026 918 2082 des Frühlings und sind von diesem Irr¬
2162 1998 2577 2099 Maxim Gorkij.
1122 2000 1701 2099 Rainer Maria Rilke.
103 2066 928 2118 löst durch die unleugbare Tatsache nicht zu
1928 2057 2832 2148 Wasilja und Nikodem hatten die Nacht in der
1019 2064 1804 2141 O komm und hebe deine blütenschweren
103 2111 928 2157 sen; daß es zu keiner Jahreszeit so viele
1895 2106 2827 2193 Hundehütte verbracht. Der Hund war läufig
1026 2129 1804 2188 beringten Hände auf zu jenen Höhen,
101 2148 930 2202 kungen der Lunge und des Kehlkopfes
1017 2171 1804 2232 von wo in leisem, sündigem Begehren
1888 2179 2830 2230 und hinter der Hündin des Nachbars her.
105 2197 935 2261 wie zu dieser und daß die Zahl der täglichen
1895 2214 2832 2289 Wasilja und Nikodem fühlen sich sehr behag¬
1019 2218 1792 2298 den kosend warmen Hauch wir jubelnd
105 2237 621 2307 morde niemals größer ist.
1895 2256 2654 2326 lich. Die Frühlingssonne bescheint sie.
1577 2263 1710 2335 hören,
1021 2277 1478 2366 des Frühlings Weh'n.
206 2279 710 2389 Arthur Schnitzler.
1937 2310 2834 2385 Wasilja (streckt, die Hände weit von sich):
1895 2333 2713 2422 Es wird Frühling, Nikodem Pawlowitsch!
1014 2350 1757 2439 O komm und schenk mir in der Zeit,
354 2357 937 2422 an allen, Straßenecken duftet
84 2350 223 2429 hling
1935 2406 2837 2467 Nikodem (spuckt aus): Endlich! Wenn der
1513 2410 1710 2464 da keimet
117 2420 937 2478 Blumen und über den grünschimmernden
1895 2432 2825 2514 Winter noch länger gedauert hätte, war ich kre¬
1024 2422 1806 2539 und schwillt der Boden voll geheiner
94 2462 923 2514 Un des Stadtpartes lächelt die Sonne zag¬
1897 2495 2827 2572 piert. Hustest du auch so wie ich, Wasilja Kon¬
1567 2499 1708 2556 Pracht.
68 2495 522 2563 und verheißungsvoll.
560 2497 928 2560 Die Luft ist schon
1895 2535 2186 2607 stantinowitsch?
1024 2518 1806 2595 da jeder Blüte Samen Segen träumet,
112 2546 923 2598 und wenn der Nachmittag sich zum Ster¬
1026 2581 1804 2656 da hoch der Saft in Maienschauer
101 2595 925 2645 schickt, sitzen auf allen Bänken junge
1930 2567 2832 2649 Wasilja: Wir husten alle. Es kommt nur
1527 2628 1712 2703 schäumet
96 2633 932 2706 halten sich still bei den Händen und war¬
1893 2628 2832 2703 darauf an, wessen Lunge es länger aushält.
1017 2640 1349 2738 die blaue Nacht.
96 2670 368 2738 if die Liebe.
1893 2677 2631 2743 Meine ist zah, wie ein Kosakenstiefel.
96 2696 928 2778 se wiegt sich in einem leisen Traum unbe¬
1113 2706 1708 2797 Maurice Maeterlinck.
1928 2734 2834 2804 Nikodem: Der Frühling ist ekelhaft. Jetzt
103 2769 928 2823 ter Glückshoffnungen. Hat er mich auch
1895 2778 2832 2839 muß man sich wieder die Füße waschen, wenn
986 2774 1867 2863 Yvonne (beugt sich über die Lilien ihres
96 2818 918 2888 chgern? — denkt sie. Ist das jetzt die wirk¬
1893 2827 2827 2881 man bei der Arbeit aufgenommen werden will.
942 2827 1459 2900 Gartens: Es ist Frühling
96 2858 220 2923 Liebe?
1897 2870 2820 2926 Kennst du den alten Nawlowitsch, den Bettler
982 2856 1869 2933 Hector: An den Gräsern hängen tausend
1902 2912 2830 2975 Der hat sich seit zwanzig Jahren die Füße nicht
112 2914 1862 2977 aber denkt: Also jetzt werd' ich wieder ein Tauglöckchen und tausend Lieder ziehen durch
1883 2956 2825 3041 mehr gewaschen. Je schwärzer sie sind, desto
105 2961 1574 3022 Verhältnis haben. Merkwürdig — immer die Lüfte. Hörst Du sie klingen
1895 2998 2291 3073 mehr nimmt er ein.
110 3003 923 3066 der Frühling kommt. Nur jetzt ist sie brü¬
984 2996 1872 3087 Yvonne: Ich höre nur die tausend Lieder
101 3055 890 3108 Aber es wird sicher sehr schön werden
949 3050 1316 3111 in meinem Herzen.
1930 3031 2825 3108 Wasilja: Ja, manche Leute verstehen zu
91 3087 935 3155 cher, sie ist ja so lieb! Ich werd' ihr in
986 3094 2827 3172 Hector: Der Himmel sieht auf uns herab leben! (Er spuckt aus, legt sich auf die Seite und
94 3146 1879 3202 hilf ein Zimmer nehmen, abends essen wir wie das große blaue Auge einer traurigen Prin¬
1907 3134 2186 3219 schläft weiter.)
110 3183 1607 3249 in Hietzing draußen. — Ob's lange dauern zessin, in dem eine Träne zittert.
286 3221 567 3357 1920
110 3329 843 3483 rager Tagblatt, Prag
