3392 4352
173 298 290 379 1.
1172 298 1574 393 box 42/1
319 292 995 396 Miscellaneous
704 1565 1303 1663 Dr. Max Goldschmidt
715 1628 1296 1713 Büro für Zeitungsausschnitte
518 1646 777 1729 BERLINN 4
1076 1690 1484 1755 Telefon: Norden 3051
846 1750 1172 1820 Ausschnitt aus:
742 1804 1252 1899 Berliner Tageblatt
883 1928 1099 2047 15.
576 2050 1668 2163 Bernard Shaws Uebersetzer.
811 2160 1720 2218 Wir empfangen zur Veröffentlichung den folgenden
752 2209 1714 2264 an den Herausgeber des Londoner „Observer gerich¬
752 2253 1707 2325 teten Brief Bernard Shaws, den wir um seiner humor¬
749 2298 1373 2369 vollen Fassung willen weitergeben.
1293 2327 1662 2417 Die Redaktion.
862 2390 1222 2477 Sehr geehrter Herr!
594 2444 1714 2515 Ihr Berliner Korrespondent benutzt in seiner Besprechung über
534 2510 1705 2558 meine „Heilige Johanna“ in der Nummer vom 19. Oktober die
534 2543 1707 2592 Gelegenheit, mir wegen meiner Treue gegen meinen Uebersetzer
537 2590 1717 2646 Siegfried Trebitsch ein Kompliment zu machen. Er führt an, daß
537 2631 1713 2677 a) Herrn Trebitsch Muttersprache nicht deutsch sei, b) daß er ein
537 2670 1713 2721 holperiges Deutsch schreibe, c) daß seine Schwierigkeiten mit dem
537 2711 1713 2768 Deutschen unverkennbar seien, und d) daß seine Nationalität bis¬
537 2759 1589 2813 weilen als ungarisch, bisweilen als polnisch angegeben wird.
591 2801 1342 2853 Darf ich dazu einige Bemerkungen machen
588 2841 1710 2891 Herr Trebitsch wurde in Wien geboren, von Wiener Eltern.
530 2878 1704 2938 Seine Sprache ist die Sprache Grillparzers und Rain und, Schutz¬
534 2921 1714 2978 lers und Hofmannst als Ihr Korrespondent bezeichnet das nicht
528 2965 1710 3021 als deutsch, weil es nicht absolut der Dialekt seiner Berliner Straße
531 3007 1716 3064 ist. Vielleicht würde die „Heilige Johanna in diesem Dialekt ein¬
537 3054 1719 3109 drucksvoller sein, aber ich bezweifle, ob die Wiener und die Dresdener,
531 3096 1714 3154 die zurzeit so begeistert über das Werk sind, auch so denken würden.
537 3141 1719 3201 So interessant der Kreis Ihres Korrespondenten sein mag, er ist nicht
531 3191 743 3249 Deutschland.
582 3219 1717 3285 Herrn Trebitschs holperiges Deutsch stand ihm so gut zu Gebote,
528 3273 1713 3325 daß, bevor er meine Stücke zu übersetzen begann, seine Novellen und
531 3314 1711 3373 Gedichte vor fünfundzwanzig Jahren in Deutschland in vielen Auf¬
531 3362 1713 3416 lagen verbreitet waren. Wahrscheinlich hat mein Stil ihn demorali¬
537 3400 1713 3469 siert, aber da ich weiß, daß er seither zwei Literaturpreise für seine
537 3452 1714 3504 eigenen Leistungen bekommen hat, ziehe ich daraus den Schluß, daß
531 3490 1716 3553 ihm noch immer genügend von seiner Muttersprache geblieben ist,
531 3537 1494 3597 um jeden außer Ihren Korrespondenten zu befriedigen.
596 3556 1723 3635 Alles in allem, ich glaube, ich werde zu Herrn Trebitsch
531 3620 1726 3686 halten. Meine Stücke scheinen in Deutschland Erfolg zu haben, ob¬
540 3666 1716 3725 wohl seine Nationalität bisweilen als ungarisch, bisweilen als pol¬
537 3708 1719 3769 nisch und vielleicht sogar bisweilen als chinesisch angegeben wird.
528 3759 1582 3827 Diese wilden Gerüchte sind die Schattenseiten des Ruhms.
588 3794 1723 3860 Ihre Leser müssen aber mit der Enttäuschung mancher Möchte¬
537 3839 1725 3901 gern Uebersetzer rechnen. Einer von diesen, ein Herr, der mit einem
534 3883 1725 3940 Leipziger Theater in Verbindung steht, und sich die „Heilige Jo¬
533 3928 1725 3990 hanna nicht sichern konnte (über die er anerkennenswert begeistert
537 3972 1747 4051 war), setzte sich in der Bitterkeit seines Herzens hin und schrieb
2102 658 2646 721 Dr. Max Goldschmidt
2065 707 2689 772 Büro für Zeitungsausschnitte
2402 751 2846 811 Teicion: Norden 3051
1890 760 2145 829 BERLIN N4
1902 819 2846 905 Ausschnitt aus: Hannoverscher Anzeiger
2211 1035 2525 1145 3. Nov. 1924
1947 1160 2831 1231 Deutsche Dichter in Bulgarien. Aus dem Bericht
1884 1216 2837 1275 der bulgarischen Nationalbibliothek in Plowdiw ist
1890 1257 2846 1305 zu ersehen, in welchem Maße die deutsche Literatur
1890 1287 2846 1339 bei den Bulgaren beliebt ist. Goethe wurde im
1902 1320 2846 1373 Jahre 1922 nicht weniger als 203mal verlangt,
1899 1354 2849 1409 Schiller 148mal, Gerhart Hauptmann 93mal,
1896 1391 2840 1440 Sudermann 49mal. Friedrich Nietzsche 49mal,
2620 1422 2835 1481 Schnitzler
1902 1436 2575 1485 Schopenhauer 75mal, Arthur
1899 1461 2844 1517 16mal. Um diese Ziffern richtig zu würdigen, muß
1896 1493 2850 1553 man sie allerdings mit denen vergleichen, die sich
1896 1526 2850 1586 auf die Literatur anderer Völker beziehen, und da
1905 1567 2850 1615 erweist es sich, daß an der Spitze immer noch die
1908 1600 2849 1649 Russen Tolstoi (731mal). Dostojewski (609mal) und
2587 1627 2843 1678 Der meister¬
1902 1637 2534 1686 Turgenjew (483mal) marschieren.
1902 1659 2846 1719 langte Autor aber ist — Alexander Dumas Vater,
1902 1708 2846 1755 dessen Werke 1234mal gefordert und 789mal aus¬
1908 1737 2856 1791 geliehen wurden! Von französischen Autoren sind
1908 1765 2858 1830 sonst nur noch Marcel Prevost (229mal). Mau¬
1911 1798 2860 1859 passant (731mal) und Victor Hugo (312mal) stark
1908 1850 2866 1896 verlangt, die übrigen müssen sich mit zweistelligen
1866 1887 2254 1969 Zahlen begnügen.
1768 2036 2951 2105 einen Zeitungsartikel gegen den armen Herrn Trebitsch, in welchem
1768 2090 2951 2139 er ein halbes Dutzend errata anführte, die keineswegs weltbewegend
1768 2131 2951 2185 waren und einige Proben seines eigenen Könnens gab, die mich
1765 2175 2948 2235 nicht zu überzeugen vermochten. In einem Privatbrief bemerkte er
1771 2221 2954 2267 in seinem besten Englisch, daß ein gewisser anderer Uebersetzer (er
1765 2264 2954 2319 hat an allen andern etwas auszusetzen) „does not know neither
1765 2304 2166 2366 German nor English.
1827 2318 2951 2402 Es ist ein schweres Los, mein Uebersetzer zu sein. In ganz
1773 2387 2948 2440 Europa teilen meine Uebersetzer Herrn Trebitschs Schicksal. Ihre
1773 2432 2953 2488 enttäuschten Rivalen versichern mir, daß jene alle ohne Ausnahme
1773 2474 2954 2531 unkundige Betrüger sind. Aber die Uebersetzungen setzen sich trotzdem
1773 2522 2953 2572 durch. Ihr Korrespondent hat sich von einem dieser Enttäuschten
1779 2568 2951 2616 hinters Licht führen lassen, und ich verzeihe ihm deshalb. Aber
1771 2605 2945 2656 da die Tatsache, daß Herr Trebitsch ein bekannter Wiener Schrift¬
1773 2647 2954 2706 steller ist, in Deutschland ebenso bekannt ist, wie man in England
1771 2689 2951 2747 weiß, daß Thomas Hardy kein Hindu ist, hätte er die Wahrheit
1776 2738 2930 2786 seiner Information feststellen müssen, bevor er sie im „Observer
1771 2777 2951 2834 veröffentlichte. Der nächste Schutzmann hätte es ihm sagen können.
1821 2822 2086 2888 Ihr ergebener
2557 2822 2906 2893 G. Bernard Shaw.
