3344 4352
341 287 793 379 Miscellan
848 287 1010 386 ous
364 1010 1000 1105 Das Denkmal der
1042 1066 1167 1174 1
511 1083 848 1172 Operette.
362 1146 1020 1231 Ein Brief Mitzi Günthers.
338 1212 1121 1275 Kürzlich brachten wir ein Interview mit
253 1262 1123 1317 Frau Mitzi Günther, in dem der Satz „Ein
250 1304 1121 1364 Denkmal, der Wiener Operette errichtet,
253 1348 1118 1408 müßte die Züge Mitzi Günthers tragen, irr¬
261 1388 1123 1443 tümlich Artur Schnitzler zugeschrieben wurde.
258 1439 1013 1497 Frau Mitzi Günther schreibt uns hiezu:
341 1477 1129 1538 „Als vor ungefähr Jahresfrist in einer
263 1518 1127 1582 Zeitung die Notiz erschien, Schnitzler arbeite
253 1563 1124 1615 an einem Libretto, in dem ich die Hauptrolle
263 1612 1129 1666 spielen sollte, schrieb er mir einen entzückenden
261 1653 1130 1707 Brief, in dem er mich seiner großen Verehrung
252 1705 1133 1746 versicherte, es aber als unrichtig hinstellte, daß
263 1736 1129 1793 er ein Operetten=Libretto verfasse, doch würde
261 1781 1133 1833 er dies jemals tun, so wäre es ihm eine ganz
266 1824 1129 1877 besondere Freude, wenn ich die Hauptrolle
266 1869 1133 1922 darin kreieren sollte. An diesem Brief erinnerte
268 1907 1127 1976 sich Schnitzler bei unsrer heutigen Rücksprache
266 1948 1137 2010 noch ganz genau. Hingegen stellte ich bei Durch¬
278 1999 1145 2058 sicht meiner ziemlich umfangreichen Korrespon¬
262 2039 1136 2102 denz fest, daß der oben erwähnte Ausspruch
259 2081 1139 2141 von dem meine Züge tragenden Denkmal der
269 2127 1140 2185 Wiener Operette von Bela Laszky stammt,
266 2171 1136 2223 der mir dieses schmeichelhafte Kompliment in
269 2207 1139 2273 einem Brief machte, den er anläßlich der
275 2253 1140 2317 Premiere von „Karja" an mich richtete. Und ich
266 2297 1146 2361 arme Sünderin habe Ihrem Interviewer
269 2343 1146 2405 gegenüber das schwere Verbrechen begangen,
272 2384 1142 2446 die beiden erwähnten Komplimente zu ver¬
272 2425 1142 2485 wechseln und den Ausspruch Laszkys den un¬
277 2468 1145 2531 schuldigen Schnitzler zuzuschreiben. Schnitzler
272 2512 1149 2573 hat mir bereits Absolution erteilt, und zwar
272 2566 1153 2617 in der entzückendsten und liebenswürdigsten
281 2601 1071 2663 Form, die dem großen Meister eigen ist.
281 2644 1079 2702 bin eben keine Reklameschauspielerin und
281 2686 1152 2765 Verkehr mit Interviewern nicht versiert, da¬
287 2734 1155 2802 her konnte mir dieser kleine Lapsus leicht
280 2781 458 2856 passieren.
367 2805 1159 2879 Also hiemit ist der Autor des schönen
287 2860 1159 2920 Satzes festgestellt. Hoffentlich sieht man Frau
287 2904 1158 2960 Günther bald wieder auf einer Wiener Bühne,
284 2949 1016 3033 denn fürs Dakmal ist es noch zu früh.
574 3067 777 3138 .....
1191 274 1615 372 box 42/2
1920 643 2500 716 Dr. Max Goldschmidt
1920 708 2499 780 Büro für Zeitungsausschnitte
2272 748 2674 807 Telefon: Norden 3051
1720 745 1969 814 BERLIN N4
2125 908 2573 1013 Berliner Tageblatt
2174 1035 2278 1133 14.
1733 1129 2837 1228 4. Arthur Schnitzler unterhält sich mit einem Freund über
1667 1175 2846 1268 Leutnants Bilses Schlüsselroman „Aus einer kleinen Garnison", und
1667 1228 2840 1317 es entsteht die Frage, inwieweit ein Autor ein Recht habe, wirkliche
1675 1256 2573 1344 Vorkommnisse und Namen in ein Werk aufzunehmen.
1724 1319 2840 1401 „Die Frage“, sagt Schnitzler, „erinnert mich an eine reizende
1673 1350 2834 1440 Episode aus dem Leben des Tenors Streitmann; der war nämlich
1676 1383 2835 1483 schon ein berühmter Operettenheld, ohne daß ihn seine auf dem Land
1667 1439 2832 1525 lebende Mutter je auf den Brettern gesehen hatte. Eines Tages
1670 1473 2834 1576 fährt sie nach Wien, begibt sich — auf dem Zettel steht die „Fleder¬
1670 1524 2831 1609 maus" — ins Theater, wo ihr Sohn auftritt. „Nun?" fragt am
1670 1562 2831 1651 Ende der Vorstellung Streitmann seine Mutter, „wie habe ich dir
1661 1600 2827 1695 gefallen?" — „Sehr gut, sehr brav, mein Kind — aber, und sie wird
1661 1653 2829 1743 bedrückt, „warum hast du nicht das schöne Lied gesungen: „Ach, ich
1656 1696 2827 1776 hab' sie ja nur auf die Schulter geküßt?" — „Aber Mama, sagte der
1663 1740 2828 1827 Tenor, „das kommt ja gar nicht in dieser Operette vor." — „Schön,
1656 1784 2815 1862 kommt nicht vor... aber warum hast du's nicht doch gesungen?
1661 1836 2837 1912 — „Aber Mama, verstehst du nicht — ich hätt' es ja gar nicht singen
1657 1855 2834 1961 dürfen. Darauf ein langer, mißtrauischer Blick der Mutter: „Wenn
1656 1909 2389 1976 man brav ist, mein Kind, darf man alles.
1704 1950 2834 2057 „Das ist, fügt Schnitzler hinzu, „auch meine Meinung über den
1660 1982 1928 2051 Schlüsselroman.
2057 2269 2649 2349 Dr. Max Goldschmidt
2057 2342 2638 2392 Büro für Zeitungsausschnitte
1863 2374 2106 2437 BERLIN N4
2398 2377 2822 2436 Telefon : Norden 3051
2341 2548 2736 2648 Prager Tagblatt
2342 2740 2705 2843 16. Mai 1925
1859 2802 2802 2873 Arthur Schnitzler unterhält sich mit einem Freund
1872 2869 2797 2920 über Leutnants Bilses Schlüsselroman Aus einer
1875 2903 2794 2960 kleinen Garnison", und es entsteht die Frage, inwie¬
1875 2941 2793 2986 weit ein Autor ein Recht habe, wirkliche Vorkomm¬
1875 2985 2797 3040 nisse und Namen in ein Werk aufzunehmen. „Die
1869 3015 2800 3078 Frage“, sagt Schnitzler, „erinnert mich an eine rei¬
1872 3062 2793 3110 zende Episode aus dem Leben des Tenors Streit¬
1872 3103 2796 3157 mann; der war nämlich schen ein berühmter
1875 3137 2788 3188 Operettenheld, ohne daß ihn seine auf dem Land
1865 3170 2787 3241 lebende Mutter je auf den Brettern gesehen hatte.
1868 3210 2793 3274 Eines Tages fährt sie nach Wien begibt sich — auf
1866 3247 2802 3317 dem Zettel steht die „Fledermaus — ins Theater, wo
1865 3295 2796 3355 ihr Sohn auftritt. „Nun?" fragt am Ende der Vor¬
1874 3330 2796 3399 stellung Streitmann seine Mutter, wie habe ich die
1866 3370 2020 3419 gefallen?
2084 3375 2764 3422 - „Sehr gut, sehr brav, mein Kind
1869 3413 2797 3468 aber, und sie wird bedrückt, „warum hast du nicht
1869 3452 2796 3497 das schöne Lied gesungen: „Ach, ich hab' sie ja nur
1860 3491 2788 3538 auf die Schulter geküßt?" — „Aber Mama, sagte
1869 3525 2790 3583 der Tenor, „das kommt ja gar nicht in dieser Ope¬
1875 3573 2793 3623 rette vor. — „Schön, kommt nicht vor... aber
1860 3605 2793 3655 warum hast du's nicht doch gesungen?" — „Aber
1865 3645 2793 3712 Mama, verstehst du nicht — ich hätt es ja gar nicht
1869 3684 2803 3741 singen dürfen. Darauf ein langer, mißtrauischer
1866 3731 2788 3782 Blick der Mutter: „Wenn man brav ist, mein Kind,
1866 3756 2805 3834 darf man alles.“ „Das ist, fügt Schnitzler hinzu,
1866 3806 2718 3879 „auch meine Meinung über den Schlüsselroman."
