3344 4352
180 94 1266 205 .
2512 175 3274 222 Mit 12 prächtigen, farbigen Bildern von Utel Bi¬
1446 165 2300 227 Geschichte, Landschaft, Bauten, Kunst
141 183 1288 242 .
2761 200 3277 242 leenband mit Goldruck K 0.00
136 227 1293 326 .
1461 215 2280 271 Starker Quartband mit zahlreichen alten Stichen u.
2519 222 3294 279 Dieses Buch, das Hunderttausende eng¬
2514 266 3292 328 entzückt hat, wird jetzt das Lieblingsbuch
1463 264 2290 343 zehn zum Teil farbigen Original Steinzeichnungen
2882 299 3168 343 Kinder werden.
1673 296 2078 338 von LUGI KASIMI
178 254 1295 370 PARIS BIEDERMEIERZEIT
1463 323 2290 405 Luxusausgabe la Leder, mit Bildermappe,
2682 311 3299 395 Kleine Sesam-Büch
484 348 957 397 Kulturgeschichtliche Billet von
1520 365 2092 407 jedes Blatt vom Künstler alguleert.
2512 392 3294 444 bringen hervorragon le Werke der Weltliteratur in vor¬
180 365 1300 454 ALZAC, DUMAS, PAUL DE KOCK u. a.
1471 392 2282 442 In Halbleder oder Halbpergament, signiert K 300 000
2791 429 3262 484 jeder Band 1000 Kronen!
2125 429 2285 476 K 100 000
535 432 908 484 Mit 106 Illustrationen von
1471 432 1752 479 In Halblenen.
1885 439 1972 501 —
2576 456 3289 535 Die besten Geschenkwerke für Besch
170 439 1268 543 DAUMIER. GAVARNI, VICTOR ADAM u. a.
1473 466 2290 563 Verlag Hugo Heller & Cie. (Bakum A.-G.)
2667 503 3289 550 Schulon, Waisenhäusern, Spitäler
207 508 1241 585 Eines der schönsten illustrierten Bücher des 19. Jahrhunderts. Kultur¬
1606 533 2162 607 Wien, I., Bauernmarkt 3.
2882 543 3292 580 Verlangen Sie ausführliche
2524 526 2818 595 Ueberall erhältlich
350 545 1088 622 geschichtlich interessant und voll Geist und Witz.
950 553 1229 632 Hld. K 120.000.
2561 577 3299 627 Sesam-Verlag, Wien, I., Wallfisch
215 582 560 639 Papp. K 102.000.
175 612 1271 686 VERLAG ED. STRACHE WIEN PRAGE LEPEIG.
3000 721 3306 770 Ein gehaltsvolles Ge¬
3005 760 3252 795 schöne Pelle
1562 740 2199 809 Hervorragendes Geschenkwerk
3010 762 3292 819 der Wellitteratur
2571 777 2978 819 Es ist zweifellos ein
183 758 1263 836 Würthle-Verlagsgesellschaft m. b. H.
3015 809 3299 856 von Apenteins. Uebe
2514 799 2978 851 Verdienst Dr. Engels, diese
1026 809 1241 886 MUNCHEN.
2514 844 2976 883 anmutige Erzählung aus¬
3010 841 3304 891 Engel. Mit 32 letze
212 832 341 903 WIEN.
1369 790 2398 893 Baukunst und Landschaft
627 824 844 898 NEU
2512 866 2971 906 leben zu lassen und
3183 871 3309 940 Raff¬
2512 893 2978 933 der Vergessenheit zu ent¬
550 869 1026 960 DES
1693 876 2073 962 in China.
2517 925 2983 960 reisen. An dem reizenden
3015 911 3309 967 ferner die franzö¬
178 888 1263 1012 BELVEDERATION
2519 960 3302 997 Büchl in mit dem silber en su derselben Austa
1633 938 2152 1002 Von ERNST BOERSCHMANN.
2527 977 2981 1017 Umschlag wird jeder, der
3015 992 3302 1029 ge-chmackvoll in
1355 962 2408 1041 Mit 288 ganzeitigen Abbildungen in Kupfertiendruck. Schöner Ganzleinen
410 989 1029 1071 Reproduktionen nach alten Meistern.
2519 1007 2981 1063 es erwirbt, eine aufrich¬
3013 1017 3294 1054 geb. Halb einen
1762 1026 2009 1073 bend K 20.
2524 1041 2875 1086 tige Freude haben.
3015 1044 3314 1081 gegen Voreinsendun¬
178 1009 1263 1101 Absolute Originaltreue. Oelgemäldcharakter. Originalgrösse.
1365 1039 2411 1125 Gilhofer & Rauschburg, Kunstbuchhandlung, Wien, I.,
3015 1078 3309 1135 Kos-Verlag, Wien, XV.
1658 1101 2115 1140 Benegasse 2. Telephon 63293
180 1078 1246 1167 In allen erstrangigen Kunsthandlungen erhältlich.
2532 1170 2635 1261 64
2702 1162 3304 1266 Wien, I., Wipplinger
2867 1231 3304 1320 (Eingang Stoss im Il
1411 1207 2534 1337 Altes Rathaus
2601 1239 2682 1342 9
151 1234 1278 1362 Buchhandlung
2490 1382 3289 1453 und Werk ist das „Silberband der Donau
1323 1384 2458 1471 dem Tod glüht wieder ein letztes Mal das gesteigerte Leben:
146 1402 1268 1493 Kommis oder Agent — drei Mädel am Arm — „Gustl
2497 1439 3302 1500 farbig genug, Augarten und Bastei; aus
1328 1451 2433 1510 aus einer sterbenden Stadt („Der Schleier der Beatrice")
151 1451 1291 1545 gerufen; er ist gewiß früher einmal Leutnant gewesen, gleich
2487 1485 3306 1542 die Wälder von Gutenstein; aber aus Artur
1328 1495 2455 1552 einer sterbenden Zeit („Der grüne Kakadu"); aus Menschen,
153 1503 1281 1582 jenem andern unsterblichen Gustl, in dem sich ironisch das
2487 1532 3316 1604 diese Hügel, schlägt die Goldammer des Wie¬
1325 1542 2450 1604 die dem Tod verfallen sind („Der Ruf des Lebens", „Die
151 1547 1286 1629 ganze gewesene Oesterreich spiegelt. Dieses Herrchen mit
2487 1579 3304 1643 aus diesem Winkel des Wienertums, blüh
1335 1599 2453 1656 letzten Masken"), Oder in einer Frau, der schon das Sterben
151 1594 1281 1666 den weißen Eskarpins, das jede Weiblichkeit verstehend
2490 1626 3309 1688 echtesten auf, hier zwischen den grünen To¬
1328 1633 2450 1700 bestimmt schien, hebt, wieder zum Leben befreiend, jenes
146 1651 1276 1712 mustert — er hat noch immer, wie aus unzeitgemäßer Er¬
2487 1673 3314 1725 chens unten, den alten Brunnen, den Heu
1328 1685 2450 1742 wohlbekannte Rauschen des Blutes an („Frau Berta
151 1685 1283 1759 innerung, das ein bißchen mokante Lächeln des „Anatol“.
2487 1717 3247 1777 wo das Volkhafte — durch die Natur¬
1332 1727 2455 1794 Garlan"). Oder es kreisen Leben und Tod eines Gefühles
151 1735 1286 1804 Gealtert wird er sich als jener heimfahrende Casanova wieder
2490 1759 3304 1831 Schimmer des Geistigen, das Geistige eine
1330 1774 2455 1851 ineinander („Zwischenspiel"). Oder es leuchtet aus großen,
153 1779 1281 1858 finden, dessen heimatliches Gesicht selbst unter der Maske
2497 1816 2877 1883 Volkhaften bewahrt.
1332 1826 2455 1905 gestorbenen Worten noch einmal scheinlebendig trügerisch auf
148 1823 1286 1898 der Abenteuer hervorblitzt. Alle ziehen sie heute über den
2583 1836 3314 1915 Und da ich jetzt meinen Weg entlang
1332 1878 1757 1957 „Komödie der Worte
155 1875 1026 1954 Weg, dieses Poeten wienerisch fesche Figuren.
2497 1902 3309 1952 und noch einmal seines Dichters denke un
1424 1902 2458 1996 Aus diesem Friedhof, um den es schnitzlerisch weht,
239 1907 1288 1999 Doch in der Mittagsstille jetzt weht mich ein Hauch der
2497 1944 3304 2006 in diesem Lande, steigt wieder ein Schatten
1342 1981 2453 2033 sucht jetzt der Blick — da die Sonne jäh den Schleier durch¬
148 1964 1283 2053 Schwermut an. Da ist am Ausgang des Sommerhaiden¬
2490 1994 3294 2050 auf. Ist er nicht heute, wie dieser Weg,
1335 2023 2458 2083 brochen — lichtere Gärten. Ja, Gärten sind überall, sie
151 2023 1283 2095 weges zwischen zwei Pappeln ein Bild des Gekreuzigten,
2497 2036 3299 2097 Stück Vergangenheit? Aber nein, getrost
1337 2068 2463 2132 schimmern von der Stadt herüber, und viele Gärten sind in
148 2070 1286 2139 ein Betschemel davor und ein Rosmarinkränzel. Ein blinder
2497 2080 3299 2149 alten Wien, zu dem Artur Schnitzler gehört
1332 2112 2453 2176 dieses Dichters Werk. (Darum ist ein Duft des Lyrischen
151 2115 1286 2194 junger Mensch sitzt, gestützt von einem älteren, dort mit der
2500 2132 3304 2184 unserer Dauer, wie dieses Wien selbst nur
1330 2164 2458 2221 über ihm, wie es über Schönherr von seinen Bergen
151 2154 1288 2238 Mandoline. Er hat, bevor das Würgen über die Welt
2497 2179 3314 2240 diesen Hügeln lebt, den Ausläufern des Wie
1330 2211 2465 2268 dramatisch gewittert.) Dort hinter St. Stephan ... der
153 2206 1298 2282 gekommen, gewiß einmal hier über die Biegung in die grüne
2500 2226 3304 2290 Schnitzler ein letzter, des Endes bewußter he¬
1337 2253 2463 2322 Stadtpark, der junge Lobheimer und die Christine, sie haben
148 2268 1291 2322 Breite gesehen. Ich weiß nicht, warum ich vor den beiden
2495 2270 3294 2327 Klang dieser Heimat ist, ein Ausläufer
1335 2300 2458 2371 gewiß von dem schmiedeisernen Gitterhäuschen zugesehen,
148 2297 1293 2371 an den blinden Geronimo und seinen Bruder denken muß,
2497 2312 3309 2376 Raimunds und der Beginn eines noch ungen
1330 2349 2458 2428 wie die Schwäne — zeitlos wie das Gefühl, das jetzt durch
148 2354 1286 2416 diese volkstiefe Geschichte, in der auch eine Seele blind und
2495 2366 3302 2413 wird er wohl, gleich diesem Weg, bestehen
148 2401 1291 2470 wunderbar wieder sehend wird. Sie ereignet sich auf dem
1337 2401 2038 2480 diese Jugend zog — dahingeglitten.
2502 2411 3314 2475 mir vor, daß einmal aus der „Liebelei künft
155 2438 1288 2505 Stilfser Joch, der Ferdinandshöhe, aber etwas von den
2500 2450 3302 2509 eine zarte Erinnerung steigen wird, wie sie
1434 2428 2463 2512 Später hat es ihn dann in die Cottagegärten gelockt,
148 2477 1286 2559 Bettelmusikanten an diesem Wege hier oder unten im Dorf
2500 2500 3304 2559 Schuberts Liedern steigt, und daß man den
1337 2480 2463 2559 wo die Menschen spekulativer sind — auch über die Seele,
151 2532 1204 2623 im Hof unter dem grünen Tor ist irgendwie doch darin.
1330 2544 3309 2620 das „weite Land“. Und über diese neuen Pfade flogen, von wie ein fernes, verblaßtes Ahnenbild, nicht
2495 2596 2889 2670 betrachten wird.
1330 2606 2465 2660 einem anderen Friedhof herüber, wo Theodor Herzl begraben
249 2588 1286 2667 Ein Hauch von Schwermut . . . stärker weht er jetzt
1332 2640 2458 2699 ist, Schatten aus seines Volkes Vergangenheit und sie ver¬
2591 2618 3316 2714 Nein, die Schatten des Vergänglichen
151 2638 1286 2712 über diese Landschaft hin, von den Zypressen des Friedhofes,
1330 2690 2468 2766 dichteten sich zu diesen schmerzlich ironischen und zweifelnd
2500 2675 3302 2746 nicht schrecken, gedenkt man des feinsten
153 2687 1288 2771 der meinen Sommerhaidenweg mit mildem Ernst bewacht.
2497 2736 3302 2801 derb gewordenen Oesterreich von heute. Und
1335 2734 2463 2793 aufbegehrenden Gestalten um den „Weg ins Freie". Aber
163 2732 1295 2806 Hier auf dieser Bank, erzählt man, hat Artur Schnitzler
2559 2781 3304 2835 eines dieser telepathischen Wunder, die
1335 2776 2458 2845 da sind andere Gärten in seinem Werk, Wiener Vorstadt¬
168 2778 1283 2847 seinen wienerischen Roman skizziert. Von hier hat er of
1345 2838 2455 2902 gärten, durch die verschwiegene Menschlichkeiten, Trauer¬
2512 2828 3306 2899 gern beschreibt er, der in den Traum w
153 2815 1295 2897 Hügel und Strom und Stadt überschaut, die spitzen Kirchen,
2502 2875 3309 2931 schaut — da kommt er selbst des Weges: tro
1347 2870 2468 2941 spiele zwischen Sohn und Mutter, dunkeln. Und ein Garten
160 2870 1295 2949 das Niesenrad aus den Schleiern des Praters blinkend — ja,
2500 2919 3302 2991 Sechzig mit diesem vom Tempement dir
153 2924 1288 2993 den Prater, dessen schein= und überlebendige, marionetten¬
1332 2917 2470 2981 mit einem Teich, in den eine stolz Enttäuschte gleitet, und
2500 2968 3299 3042 gedrungene Kraft bei aller Zartheit — und
155 2971 1295 3033 und wieder herzhaft lustige Seele — die Seele Wiens viel¬
1342 2968 2401 3028 ein Garten rauscht — in Bologna sollen wir glauben
2677 3005 3306 3087 melancholisch-heiter in den Kern
1335 3010 2455 3077 in dem die süße Beatrice dem Dichter Philippo Loschi ihren
160 3003 1295 3079 leicht — er wie keiner erkannte. Solches bedenkend, will
2500 3015 2633 3087 Blick
165 3060 1300 3126 ich mich auf der Schattenbank niederlassen. Aber da sitzt ein
2729 3065 3306 3136 Tiefsinn hat nie ein Ding erhellt
1337 3065 1683 3139 Traum bekannte;
2729 3112 3319 3188 Klarsinn schaut tiefer in die We
163 3102 1298 3186 Paar, ein junger hüstelnder, ersichtlich poitrinärer Herr und
1463 3104 2181 3178 Warst du nicht, Beatrice, nur ein Kind,
163 3151 1298 3225 ein Mädchen — seine Geliebte wohl — das um ihn sorgend
1461 3168 2201 3220 Das mit der Krone spielte, weil sie glänzte
163 3198 1308 3267 ein Tuch breitet, Marie und Felix aus dem „Sterben", der
1463 3205 2305 3284 Mit eines Dichters Seel, weil sie voll Rätsel —
2732 3220 3309 3324 Volks- und Jugendbür¬
165 3245 1310 3314 Lebenshungrige, Todgezeichnete, aus dem, bevor er blut¬
1434 3247 2475 3343 Blüht er nicht, blühen diese Gärten nicht alle irgendwo
165 3292 1298 3368 röchelnd zusammenbricht, die Flamme eines letzten Be¬
2591 3297 3309 3383 Vilhjamur Stefansson, der gen
1345 3321 2468 3395 um diesen Weg Ist nicht dort auf der Höhe hinter diesem
175 3339 1258 3413 gehrens schlägt. Und vor diesem Friedhof hier, an dem
2502 3363 3314 3420 erfolgreiche und vielgefeierte Polarfahrer, ha
1345 3371 2470 3457 galanten Lustschlößchen von einst ein verschollener Garten
163 3383 1298 3450 die Laute am Band — verliebte Jugend an diesem ver¬
2514 3408 3309 3482 seiner fünfjährigen Reisen im höchsten No¬
1409 3415 2470 3477 Libellen spielen um den Weiher, die bourbonische Lilie
175 3432 1298 3504 hangenen Junisonntag vorüberfliert, schlägt mir plötzlich
2509 3457 3304 3519 gebnisse seiner Forschungen im ewigen Ei
1981 3464 2472 3533 ist hier nicht der junge
1345 3469 1893 3541 ist in den Stein gegraben
175 3479 1298 3546 der tiefere Sinn dieser spielerisch-schwermütigen Schnitzler¬
2514 3506 3250 3561 fänglichen Buche jetzt der Allgemeinheit
1342 3519 2477 3607 Medardus, unbesorgt um die klaffenden Hunde, zu der
175 3531 1300 3595 Weise entgegen: ein Maskenscherz des Todes ist dieses
2502 3546 3309 3607 Mit Recht nennt Stefansson dieses im Ve¬
1342 3568 1974 3635 schönen, stolzen Helene gestürmt
168 3578 1300 3642 Dasein — er tritt in die Lebensfülle hinein wie dieser
2502 3598 3247 3652 Brockhaus in Leipzig erschienene,
1439 3595 2472 3677 Wirklich, dieser „Sommerhaidenweg“, an dessen Fuß
178 3630 1300 3691 fremde, todbringende Herr der „Liebelei" in das Gezwitscher
2509 3637 3309 3701 zweibändige Werk „Länder der Zu
1342 3649 2468 3716 ich jetzt wohne, und dieser wienerisch=wahre, weiche Poet,
165 3682 1303 3733 der jungen Leute oder wie im „Vermächtnis“ der Todes¬
2509 3684 3309 3780 das belebte Neuland, das der zäh vordring
1340 3709 2475 3815 sie gehören für mich zusammen. Um Grillparzers Wesen
175 3716 1310 3817 sturz in das Mädchengeplauder hinein geschieht. Und aus
