3344 4320
296 167 518 231 m Umstand
300 219 518 278 einer solchen
296 263 523 325 machen, um
305 309 521 372 weit Bahnen
339 352 523 413 einem in
308 397 513 463 an infolge
302 447 523 514 strahlung
288 498 518 554 nern als auf
278 540 518 615 hotographien
289 619 517 695 derten mehr
300 678 514 746 ößten Teile
306 726 517 793 von Board,
308 773 515 837 derwärtige
312 823 517 883 offen, daß
322 868 520 934 Oesterreich
337 917 447 987 wird.
329 1048 491 1153 ch
352 1327 510 1398 Berliner
350 1384 513 1449 gegeben:
347 1431 517 1488 g der
419 1475 517 1533 den
360 1512 513 1585 scher
345 1596 515 1669 rigierten
352 1657 513 1710 Rand¬
350 1697 515 1768 ser Hefte
345 1748 517 1805 rimaners
356 1797 515 1862 leicht ist
350 1841 520 1901 ich eine
352 1886 520 1951 Gegensatz
390 1936 511 1992 blauen
350 1975 513 2042 macht
345 2025 518 2086 s scheint
352 2072 511 2133 schauung
350 2120 513 2178 räftigen.
362 2167 513 2221 sur des
357 2210 517 2277 nüpfung
362 2258 514 2324 um ge¬
372 2304 513 2366 ir einen
392 2349 513 2406 rein
399 2393 517 2450 mit der
407 2436 513 2499 ällen,
411 2492 517 2554 zur
421 2539 513 2593 t zu
424 2577 508 2634 ann.
419 2627 510 2685 ertet
424 2672 513 2735 satz:
421 2718 515 2776 nacht
430 2766 514 2828 roß¬
431 3087 515 3151 Sch.
663 158 1691 212 Letzter Besuch bei einem Todgeweihten. Man fühlt,
567 201 1691 246 man weiß es diesen Menschen werd' ich nie wiedersehen.
568 242 1689 305 Und mit unersättlichen Blicken, in denen das Abschiedsweh
568 289 1691 343 brennt, trinkt man die Umrisse der Gestalt in sich hinein,
571 337 1691 392 die man lieb gehabt hat und die bald unwiederbringlich
572 390 1694 448 zerstört sein wird, und man sucht als Erinnerungsbild und
565 426 1686 477 Abglanz festzuhalten, was sich im Entschwinden festhalten
570 476 1693 538 läßt. Und noch nach Jahren, wenn der Tod schon längst
571 518 1687 579 sein Werk getan hat, sieht man ihn greifbar und lebendig
568 565 1694 625 vor sich, den leicht nach vorne geneigten Greisenkörper,
565 612 1691 673 mühsam atmend inmitten der weißen Kissen im Lehnstuhl.
568 656 1686 712 Man sieht die mächtig gewölbte, von Gedankenrunen zer¬
565 706 1690 763 pflügte Stirn und den tiefen Glanz der strahlenden Augen,
568 749 1689 810 das klare und edle Gesicht, in dem sich alle Linien zu freier
562 803 1693 859 und heiterer Harmonie fügen. Und man hört die Stimme,
562 844 1690 903 die tonlos und brüchig ist und oft genug zum Keuchen wird
565 894 1697 965 und die dennoch so herrliche Worte zu sagen weiß, daß man
565 935 837 1011 sie nie vergißt.
658 957 1686 1036 Plato unter seinen Schülern. War dies nicht der
560 1031 1690 1095 Eindruck, den man von Popper-Lynkeus empfing,
560 1081 1694 1140 wenn seine Freunde und Freundinnen im Gespräch bei ihm
565 1126 1689 1186 saßen? Eigenartigen Menschen ist man bei ihm begegnet,
562 1175 1689 1234 Schriftstellern, Schauspielern, Politikern, Trägern berühmter
562 1216 1680 1277 Namen und auch solchen, die man nur in diesem Freundes
561 1266 1689 1327 kreise kannte, und einigen interessanten Frauen. Aus den
560 1314 1691 1365 verschiedensten Bezirken des geistigen Lebens waren sie
565 1353 1686 1411 gekommen und saßen nun in vertrauter Gemeinsamkeit
562 1404 1689 1474 plaudernd bei dem alten Manne wie im Schatten eines
560 1445 1488 1515 mächtigen Baumes. Plato unter seinen Schülern.
648 1496 1689 1555 Und wird nicht dieser Eindruck bestätigt, wenn man
555 1533 1689 1612 die „Gespräche liest, die Poppers treue Freunde
557 1587 1686 1647 Margit Ornstein und Dr. Heinrich Löwy im Löwit¬
561 1636 1689 1693 Verlag, Wien und Leipzig, veröffentlicht haben? Diese Ge¬
562 1677 1687 1744 spräche, denen ein schönes Geleitwort von Poppers seither
562 1727 1693 1794 auch schon heimgegangenem Freunde Dr. Julius Ofner
560 1778 1690 1837 vorangestellt ist, sind keineswegs in jedem Satze und in jeder
560 1818 1691 1891 Wendung bedeutungsschwer und vom Tiefsinn gesättigt, ja
562 1875 1680 1923 man hat mitunter den Eindruck, als ob sub specia aeterni¬
560 1915 1691 1978 tatis die eine oder andere beiläufige Bemerkung ohne Rück¬
565 1962 1691 2022 sich darauf, daß das schmale Buch dann noch schmäler
565 2015 1691 2064 geworden wäre, getrost hätte wegbleiben können. Der
562 2059 1689 2111 Freundespietät schien eben jeder noch im Gedächtnis
560 2103 1690 2166 haftende Ausspruch des großen Toten so ehrwürdig und
558 2148 1690 2220 heilig, daß man sich nicht zu kritischer Sichtung entschließen
562 2194 1686 2254 konnte. Aber wenn sich auch mitunter dicht neben den
562 2241 1686 2309 Genieblitz die Nebensächlichkeit drängt und das Buch daher
557 2287 1683 2345 den Eindruck einer gewissen Ungleichmäßigkeit hervorruft,
568 2335 1684 2415 so ist es doch gerade um dieser Ungleichmäßigkeit willen
560 2385 1690 2446 liebenswert. Denn es ist ungleichmäßig wie das Leben
571 2425 1687 2492 selbst, das Leben, in dem ja ein Genie nicht immer mit Wehr
562 2480 1686 2544 und Waffen seines Geistes gepanzert ist, sondern oft genug
560 2521 1689 2576 den Schlafrock trägt. Und diese Ungleichmäßigkeit der „Ge¬
557 2571 1687 2631 spräche beeinträchtigt auch keineswegs das harmonisch
554 2621 1686 2679 edle Bild des Menschen, der auch im Schlafrock etwas
562 2661 1620 2735 Hellenisches an sich hatte: Plato unter seinen Schülern.
642 2714 1687 2773 Von den Menschen, deren Begegnungen und Gespräche
562 2752 1686 2815 mit Popper-Lynkeus im folgenden skizziert werden, stehen
557 2808 1687 2865 manche seinem System der allgemeinen Nährpflicht mit
560 2848 1686 2913 ihren vielfachen sozialethischen Verzweigungen keineswegs
560 2902 1690 2967 vorbehaltlos, ja zum Teil sogar ablehnend gegenüber. Aber
560 2941 1686 3007 der Zauber seines Wesens, der Adel seiner genialen Persön¬
560 2987 1434 3047 lichkeit rührt sie alle mit gleicher Gewalt an.
652 3034 1691 3107 Ueber einen Besuch Einsteins bei Popper notiert
561 3070 1689 3148 Dr. Löwy: Vormittags. Popper im Bett. Ich habe mich
562 3139 1689 3188 etwas verspätet. Als ich komme, sitzt Einstein in dem roten
560 3181 1694 3250 Lehnstuhl neben dem Bett. Es sind noch anwesend der
565 3219 1603 3283 Physikprofessor Felix Ehrenhaft und seine Frau.
658 3269 1690 3332 Einstein spricht gerade über die Krümmung des
564 3305 1689 3383 Raumes in der neuen Gravitationstheorie. Popper erzählt,
560 3370 1684 3430 welchen Eindruck jenes Kapitel der Machschen Mechanik,
560 3407 1686 3470 das die Kritik der Newtonschen Prinzipien enthält, bei der
560 3458 1684 3514 ersten Lektüre vor vielen Jahren auf ihn gemacht habe.
558 3508 1681 3568 Ehrenhaft mahnt zum Aufbruch. Einstein steht auf und
560 3557 1686 3631 nimmt Abschied. Popper sagt zu ihm: „Bleiben Sie stand¬
571 3594 1133 3676 haft, auch in der Judenfrage!
648 3638 1693 3700 Die Person Einsteins hat einen außerordentlichen
567 3686 1686 3762 Eindruck auf Popper gemacht. Er sagt: „So viel Güte und
560 3743 1690 3800 Sanftmut! Als er hereintrat, hab' ich im ersten Moment
561 3790 1689 3847 gemeint: Spinoza. Nur bei den Juden gibt es solche
558 3837 1690 3890 Physiognomien. Bei den Juden nämlich findet man die
560 3880 1690 3931 äußersten Gegensätze. Höchstens noch bei den Italienern
560 3921 1690 3989 könnte man ein solches Gesicht finden, nämlich bei den
562 3969 1596 4049 italienischen Heiligen: Franz von Assisi zum Beispiel.
651 4015 1686 4072 Nach einer Pause sagte Popper: „Ist es nicht etwas
560 4069 1699 4130 Schönes, daß ein Mann, der so Außerordentliches geleistet
557 4106 1410 4190 hat, mir die Ehre erweist, mich aufzusuchen?"
1733 172 2597 233 Gesprächsfragment und eine kleine Anekdote
1820 222 2866 280 Popper im Bett. Arthur Schnitzler erzählt, daß
1730 276 2862 327 er jetzt Plutarch und die „Griechische Kulturgeschichte von
1741 317 2857 367 Jakob Burckhardt lese. Er bewundert die unübertreffliche
1730 363 2860 419 Kürze und Prägnanz der Ausdrucksweise Burckhardts
1741 410 2857 464 und vergleicht sie mit dem Stil des „Michael Kohlhaas";
1736 451 2862 523 „Jeder Satz ist von Bedeutung, es gibt keine Ruhepausen
1736 495 1969 562 beim Lesen.
1834 538 2862 612 Popper nickt zustimmend. Das Gespräch kommt auf
1736 579 1979 652 die Griechen.
1831 632 2869 692 „Die großen Wohltäter der Menschheit", sagt Popper,
1733 676 2144 743 „waren keine Genies.
1828 716 2517 782 Schnitzler: „Wie meinen Sie das?
1839 766 2870 833 Popper: „Es bedarf nicht des Genies eines Newton,
1738 814 2513 873 um ein Wohltäter der Menschen zu sein.
1818 867 2866 933 Schnitzler: „Wen halten Sie für einen Wohltäter
1730 901 2015 970 der Menschen?
1825 947 2516 1008 Popper: „Hippokrates, Euripides."
1831 1005 2863 1062 Das Gespräch wendet sich dem Kriege zu. Schnitzler
1728 1054 2856 1120 bemerkt, daß die Millionenheere, die jetzt an einem Kriege
1736 1101 2859 1152 teilnehmen, eine ganz neue Erscheinung seien. Popper nickt zu¬
1741 1149 2862 1204 stimmend: „Man berichtet von den Riesenheeren des Terres.
1736 1200 2866 1251 Voltaire war der erste, der aufmerksam gemacht hat, daß
1733 1240 2872 1306 diese großen Zahlenangaben nicht richtig sein können. Nach
1736 1291 2859 1344 ihm hat in neuerer Zeit Delbrück das gleiche getan. Tamerlan
1738 1331 2879 1407 zum Beispiel hätte mit so großen Heeren wegen der Ver¬
1738 1387 2624 1445 pflegung nicht durch die Wüste hindurchkönnen.
1825 1414 2872 1495 Ein kleines Scherzo. Arthur Schnitzler und die
1736 1484 2862 1558 Schauspielerin am Deutschen Volkstheater Fräulein Else
1741 1531 2584 1585 Schilling sind da. Popper liegt im Bette.
1828 1579 2866 1644 Es wird viel gelacht. Fräulein Schilling scherzt mit
1736 1606 2875 1689 Popper und sagt, daß sie das Spitzbübische an ihm erst jetzt
1741 1681 2866 1734 bemerke. Wir lachen so viel, daß Fräulein Schilling sagt,
1744 1727 2867 1781 sie möchte wissen, ob irgendwo in Wien jetzt so viel gelacht
1738 1770 2862 1825 werde wie hier. Sie erzählt, daß Anton Wildgans
1736 1818 2866 1886 wieder in Mönichkirchen sei, tausend Meter hoch, um zu
1738 1865 1896 1939 arbeiten.
1837 1882 2867 1995 Popper lachend: „Tausend Meter, was ist das?
1738 1936 2635 2017 So viel wie der Semmering. Das ist gar nichts.
1831 1995 2872 2090 Fräulein Schilling lachend): „Natürlich, für Sie ist
1738 2037 2473 2130 das gar nichts. Hietzing liegt viel höher.
1830 2094 2876 2166 Als sie weggeht, sagt Popper: „Wissen Sie, ich habe
1744 2119 2867 2230 ja keinen Humor. Aber sie hat Humor und ich bin darauf
1738 2193 1979 2271 eingegangen.
1831 2220 2869 2306 Mit welcher bezaubernden Kindlichkeit freut sich Po per¬
1736 2289 2866 2355 Tynkeus über jedes brüderliche, herzliche Wort seiner
1741 2346 2857 2406 Freunde! Am Pfingstmontag 1919 schreibt ihm Hermann
1730 2389 2860 2452 Bahr: „Sehr verehrter Meister! Empfangen Sie meinen
1730 2440 2867 2493 allerherzlichsten Dank für die große Freude, die Sie mir
1731 2490 2875 2554 durch ihren gütigen Brief bereitet haben. Zeilen von Ihrer
1730 2531 2872 2597 teuren Hand sind mir ein wahres Festgeschenk. Lassen Sie
1728 2595 2860 2647 mich bei dieser Gelegenheit Ihnen einmal ins Gesicht sagen,
1730 2630 2862 2691 was ich hinter Ihrem Rücken oft sage: daß ich Sie von
1741 2672 2866 2744 ganzem Herzen bewundere, daß ich Ihren Büchern unendlich
1730 2724 2860 2782 viel verdanke, daß sich Ihnen für alle Zeiten verbunden
1736 2772 2862 2840 und innerlich zugehörig weiß Ihr verehrungsvoll ergebener
1744 2810 2039 2880 Hermann Bahr.
1828 2829 2866 2923 Popper ist von diesem Brief entzückt und gibt ihn
1738 2904 2859 2976 Margit Ornstein mit den Worten: „Lesen Sie den Brief,
1736 2959 2859 3043 Sie werden sehen, was für eine Liebenswürdigkeit da
1730 2997 2009 3064 drinnen steckt.
1828 3051 2856 3124 Leidenschaftliche Bewunderung empfand Popper-Lynkeus
1737 3105 2862 3178 für Ida Roland und Alexander Moissi. Von diesen
1730 3155 2869 3221 beiden Künstlern schwärmte der alte Mann wie ein
1733 3196 2503 3269 glühender Enthusiast der vierten Galerie.
1831 3246 2862 3316 Als nach einem Besuche von Ida Roland, die da¬
1730 3300 2867 3361 mals im Deutschen Volkstheater wirkte, der greise Denker
1736 3344 2866 3418 gefragt wurde, welchen Eindruck die Künstlerin auf ihn ge¬
1730 3400 2862 3461 macht habe, da antwortete er mit ungewöhnlicher Lebhaftig¬
1738 3443 2445 3495 keit: „Sie ist durch und durch genial.
1825 3482 2870 3544 Und auf einer Postkarte an Ida Roland, die bei einer
1730 3541 2860 3604 vom Dramaturgen Heinrich Glücksmann veranstalteten
1741 3592 2853 3648 Matinée, die „Schlacht von Austerlitz" aus Poppers
1736 3639 2859 3695 „Phantasien eines Realisten“ vorgetragen hat, dankt er ihr
1730 3683 2869 3742 dafür mit den Worten: „Sie haben zum zweitenmal die
1736 3734 2869 3793 Schlacht von Austerlitz gewonnen. Das hat nicht einmal
1736 3780 2688 3840 Napoleon vermocht. Um so mehr bewundere ich Sie.
1825 3814 2859 3878 Dem Zauber von Poppers reinem, unantastbarem
1730 3867 2859 3938 Wesen und seiner freien, reichen Menschlichkeit haben sich
1730 3917 2856 3971 auch die Gegner seines Systems nie zu entziehen vermocht.
2220 3962 2859 4019 seiner Lehre zustimmend oder ab¬
1737 3964 2178 4031 Mag man sich nun zu
1738 4015 2157 4083 lehnend verhalten, die
2201 4016 2859 4083 Gespräche zeigen ihn so, wie er
1730 4056 2853 4122 in unser aller Erinnerung weiterlebt: als einen verehrungs¬
1733 4106 2682 4174 würdigen Menschen und einen Fürsten des Geistes.
