3344 4352
168 340 257 441 1.
297 337 983 444 Miscellaneous
1166 334 1589 447 box 42/1
220 781 876 900 „Literarische Anekdoten.
306 820 1120 940 Stefan Großmanns Wochenschrift „Das
227 900 1130 973 Tagebuch" bringt folgende Anten: Ein
227 955 1130 1032 junger revolutionärer Literat die Ich brauche
227 1001 1130 1096 zehntausend Bourgeoisköpfe. Ich würde mich
233 1047 1123 1157 mit dem Ihren begnügen," sagte Rudolf
233 1105 481 1185 Kaßier.
315 1114 1133 1237 Jemand fragte Art Schnitzler, der
242 1163 1148 1258 aus einer Geschaft an, wie er sich ver¬
248 1240 1136 1338 halten habe. „Ohne Reich," sagte der Plauderer,
254 1298 851 1371 hätte ich mich sehr gelangweilt."
331 1319 1133 1414 Bei der führung eines Stückes von
239 1384 1136 1460 Georg Kaiser sagte jemand: „Das Stück ist
254 1430 1059 1512 sehr schmeichelhaft für Karl Sternheim.
328 1460 1139 1546 Es war Schickele, der einmal die Annette
248 1528 1136 1604 Kolb le plus honnête homme du monde
254 1561 1151 1644 nannte. Die selbige Annette nannte jemand in
242 1610 1151 1699 Bern, als sie große Sympathien für den Kom¬
242 1668 1059 1803 de
2094 2143 2529 2198 Chefredakteure.
845 2137 1304 2253 Feuilleton.
2088 2189 2467 2244 Als Journalverweser
2094 2226 2519 2290 Sehr beliebt beim Leser,
2091 2275 2455 2317 Bei den Angestellten
569 2247 1567 2357 Aus dem Ballbuch der Concordia.
2091 2299 2501 2363 Gleichfalls, aber selten!
566 2345 1684 2409 Nach einer siebenjährigen Pause trat die Concordia gestern
1800 2354 2510 2440 Artur Schni wird besungen
441 2400 1678 2458 neuerlich mit ihrem Ballfest in die Oeffentlichkeit. Der Glanz
2079 2403 2428 2486 Das Unbeschreibliche
444 2443 1671 2507 dieses Repräsentativfestes wird ein andermal geschildert werden.
2072 2458 2397 2513 Schreibt der Poet,
2072 2498 2406 2562 Das Ewig-Leibliche
450 2498 1678 2547 Heute sei an dieser Stelle lediglich einiges aus der Damenspende
2076 2535 2382 2596 Hundertmal geht.
444 2541 1681 2605 der Veranstalter gebracht, die — selbstverständlich bei diesen Ver¬
444 2593 1681 2654 anstalten — wieder einmal eine literarische Spende war. Auch
2066 2587 2446 2651 Prüde und Bängliche,
2072 2623 2553 2703 Verdammt nur die Kritzler!
441 2639 1681 2694 die Herren von der Concordia hatten wohl das Be¬
2069 2669 2382 2725 Alle Verfängliche
444 2688 1681 2746 dürfnis empfunden, diesmal mehr zu geben, als sie sonst
2069 2691 2449 2780 Sublimiert Schnitzler.
450 2737 1681 2795 zu geben gewohnt sind, also den Tribut an die
1794 2746 2911 2841 Das Viergestern an dem Finanzhimmel Sieghart,
444 2777 1668 2838 Ueberbedürfnisse der Zeit zu leisten. Das Ballbuch, das
450 2822 2911 2887 außerordentlich elegant ausgestattet, wirklich ein wertvolles Kola, Castiglione, Spitzmüller muß sich folgende
441 2871 2112 2930 Angebinde ist, enthält 38 auf gobelinartigem Grunde gezeichnete Zeilen gefallen lassen:
441 2917 1662 2976 Blätter, zumeist Karikaturen von Künstlern, Schriftstellern
1916 2902 2510 2979 Was sollen unter den Presseleuten
1910 2951 2575 3037 Die Männer der Hochsinanz bedeuten
447 2963 1668 3028 Journalisten und Persönlichkeiten aus der politischen und Finanz¬
1913 3009 2369 3061 Der erste schreibt politisch,
447 3018 1668 3073 welt, die von den Zeichnern Barteau, Dessauer, Klis,
1910 3046 2351 3092 Der zweite theaterkritisch,
441 3064 1678 3119 Pangratz, Seligmann und Zasche stammen. Jeder
1904 3055 2584 3132 Der dritte stellte sich gern dem zweiten
441 3110 1671 3165 von den Porträtierten ist von Julius Bauer, der auf diesem
1916 3119 2470 3184 Im Literaturverlage zur Seiten.
1904 3122 2700 3214 Der vierte, mir schwimmt das Auge in Nässe,
441 3159 1681 3214 Gebiete bereits reiche Lorbeeren geerntet hat, in humoristischen
1913 3202 2691 3260 War einer der fleißigsten Männer der Presse.
444 3211 1684 3282 Versen besungen. Im nachfolgenden einige Proben aus der
444 3257 680 3331 Ballspende:
1791 3248 2633 3325 Schlecht kommt Hermann Bahr weg¬
563 3279 1662 3364 Dem Bundespräsidenten Dr. Heinisch gelten die
1984 3315 2614 3377 Erst war er dies, dann war er das,
1984 3355 2565 3416 Doch immer wer und immer was
444 3318 753 3432 folgenden Verse:
2103 3395 2428 3456 Mit frischem Mut.
735 3392 1405 3465 Klug wählten die Stimmen des Rates
729 3450 1231 3496 Den Mann an Wissen reich;
1984 3432 2593 3517 Am Ende wird der fromme Christ,
732 3462 1295 3542 Nicht jedes Haupt eines Staates
1984 3493 2495 3554 Was er noch nie gewesen ist:
735 3527 1252 3591 Ist Haupt und Kopf zugleich.
2103 3530 2385 3597 Ein alter Jud
729 3563 1292 3634 Und dennoch nannten die lieben
1791 3563 2896 3652 Die „Czernin-Elegie hört sich boshaft genug
732 3615 1255 3664 Politischen Zünstler der Stadt
1671 3612 1944 3710 wie folgt an:
729 3649 1322 3710 Den Mann, der soviel geschrieben,
2020 3649 2516 3732 Ein Bürgergraf steht einem
722 3695 1188 3759 Ein unbeschriebenes Blatt
2020 3722 2507 3775 Auf parlamentarischer Höh'
551 3726 1671 3802 Den Chefredakteuren ist folgender Vierzeiler
2017 3756 2489 3811 Er hält seine Jungfernrede
2020 3784 2584 3869 Die Hörer sind kalt wie Schnee.
429 3784 646 3885 gewidmet:
2654 3866 2881 3967 2. 1921
1818 3998 2489 4108 NEUES WIENER JOURNAL
3034 2296 3171 2394 und
3028 2535 3193 2633 Erich
3028 2939 3113 3028 Na
2911 3006 3193 3086 seine Freude
3025 3490 3122 3566 Eing
2914 3533 3135 3625 glossen, von
3018 3597 3193 3677 Man sieh
3015 3692 3205 3775 Als neulich
2902 3738 3260 3811 Wassermann und
2896 3796 3263 3869 herzig: „Na ja, die
