3344 4384
439 219 1653 280 Bratendunst erfüllten Luft Tänzerpaare die neuesten Fortroits, in
439 272 1653 326 den Auslagen hängt Pelzwerk, glitzert der Schmuck. Es ist
445 320 1655 375 schwer, zu widerstehen, wo der Gegensatz zwischen Armut und
439 367 1649 424 Reichtum riesengroß geworden und die alte bürgerliche Mittel¬
437 410 999 475 schichte zugrunde gegangen ist.
561 458 1658 527 Das „süße Mädel“ Wiens hat in vielen Hungerjahren
439 505 1660 561 seine Formen verloren, und muß, da die frische Farbe geschwunden
432 557 1647 613 ist, Rot auflegen. Will es noch etwas vom Leben genießen, so
439 607 1652 664 muß es sich eben den neuen Schiederzeiten anpassen, denn die
442 654 1644 705 Zeit der süßen Mädel, die Artur Schnitzler mit elegischer Zärt¬
439 700 1652 757 lichkeit besungen hat, ist vorbei. Es waren eben andere Zeiten,
436 751 1657 805 als noch an jeder Straßenecke nach Geschäfts= oder Bureauschluß
432 790 1650 855 jene hübschen Gestalten auftauchten mit echt wienerischen Gesichtern
428 847 1653 900 unter dem einfachen Hütchen, ein Band im Haar, Lebenslust in
431 890 1647 957 den Augen, die gerne lachten, mit jener natürlichen Anmut,
429 938 1649 988 die auch in einfachem Kleid sich zur Geltung gebracht
429 976 1655 1050 hat. Viel war es nicht, wonach ihr der Sinn stand: ein netter
436 1031 1653 1088 Freund, der auch ein wenig bemittelter Student sein konnte, man
429 1085 1655 1134 war nicht ehrgeizig und wollte nur vergnügt plaudern und gut¬
426 1132 1652 1197 mütig beisammen sein, ein Ausflug auf den Kahlenberg oder
434 1181 1652 1243 zum Heurigen, bei dem man sich zum „Du zusammenfand, ein
429 1226 1650 1278 Nachtmahl im bürgerlichen Vorstadtgasthaus, eine Operetten¬
429 1273 1652 1329 vorstellung mit der Niese de der Kartouch. Man strebte aus dem
428 1322 1657 1368 kleinbürgerlichen Milieu selten heraus und blieb auch bei
428 1367 1646 1424 Küssen und beim Lieben kleinbürgerlich und mußte schon
436 1421 1650 1473 ein Ballettmädchen sein, die ebenfalls aus Vorstadt¬
436 1460 1647 1519 häusern ihre natürliche Liebenswürdigkeit mitgebracht haben,
431 1514 1644 1574 wenn man den Ehrgeiz hatte, mit einem „Kavalier"
436 1560 1652 1615 beim Sacher zu soupieren oder im Fiaker zur Freudenau
432 1609 1650 1666 zu fahren. Das war sozusagen das höchste Avancement des
436 1658 1650 1720 Wiener süßen Mädels". Wer nicht so hoch hinausstrebte
436 1707 1650 1756 und nicht in Kavallerieoffizieren, jungen Abligen oder reichen
429 1753 1655 1799 Jünglingen aus Bank= oder Industriekreisen sein Ideal sah, blieb.
429 1798 1655 1862 in seinem bürgerlichen Kreis, aß, wienerisch plaudernd, seinen
429 1842 1647 1904 Zwiebelrostbraten oder sein Schnitzel, trank seinen Achtel Gespritzten,
428 1891 1650 1951 saß im Hinterstüchen von Zuckerbäckereien und knabberte an einem
428 1939 1646 1989 Baiser mit Obersschaum, ging Hand in Hand auf den Kahlen¬
420 1977 1650 2054 berg, oder wenn es hoch ging auf den Anninger oder spazierte in
421 2034 1644 2089 den Prater zu Ringelspielen, Schießstätten und zur Damenkapelle
428 2081 1641 2140 bei Prohaska. Eine Freundin, die ebenfalls ihren Freund hatte,
421 2132 1644 2193 oder eine wohlwollende alte Tante, die in ihrer Jugend ebenfalls
429 2182 1650 2236 mit einem jungen Mann Ausflüge gemacht hatte, war Mit¬
424 2220 1647 2290 wisserin solcher Geheimnisse, die Mutter drückte die Augen zu, der
424 2279 1644 2355 Vater, der aus dem Geschäft oder kleinen Amt nach Hause kam,
418 2314 627 2391 sah nichts.
534 2338 1649 2434 Wien war vor etwa fünfundzwanzig Jahren — so alt dürfte
426 2399 1647 2488 die literarische Entdeckung des „sagen Mädels" durch Artur
429 2460 719 2526 Schnitzler sein
762 2471 1639 2544 noch nicht zur Großstädt zusammengewachsen.
428 2512 1638 2570 Die Scheidung zwischen Stadt, das ist die innere Stadt, und
429 2563 1647 2618 Vorstadt war noch vorhanden, ja sogar jeder Bezirk hatte sein
424 2615 1644 2675 eigenes Gesicht, seine eigene Turmuhr, die nach Bezirkszeit ging,
421 2659 1639 2713 und zwischen einem Erdberger und einem vom Brillanten¬
421 2703 1644 2760 grund, zwischen einem Margaretener und einem, der aus
418 2748 1644 2814 den entlegenen Gefilden von Ottakring stammte, war ein
415 2795 1155 2867 ethnographischer Unterschied. Das
1221 2802 1650 2870 süße Mädel war
421 2852 1647 2906 jedenfalls aus der Vorstadt. Es ist ihm ganz fern¬
415 2901 1650 2962 gelegen, etwa eine große Dame, die bei Dehmel
418 2947 1638 3001 Eis aß oder in der Burgtheaterloge saß, in der Mittagsstunde
409 2989 1634 3053 über den Graben flanierte oder im Gummiradler fuhr, zu imi¬
412 3042 1641 3109 tieren. Das war eine meilenserne, reiche, große Welt. Sie trug
412 3088 1634 3145 ihr kleinbürgerliches Kleid, von einer billigen Hausschneiderin ver¬
415 3134 1638 3190 fertigt, oder in einem Konfektionswarenhaus der Mariahilfer¬
412 3182 706 3247 straße gekauft,
740 3190 1638 3240 hatte feste Schuhe, im Winter einen einfachen
412 3237 1631 3288 Pelzbesatz auf der Jacke und verließ sich im übrigen auf ihr
409 3285 1627 3342 hübsches Gesicht, ihr resolutes Geplauder, die natürlichen Gaben,
412 3327 1631 3386 mit denen der Wiener Boden sie ausgestattet hatte. Sie
409 3380 1634 3438 lachte über kleinbürgerliche Scherze und war ein wenig
410 3430 1630 3491 auch ein „Dummerl. Gründliche Forscher des süßen
410 3476 1630 3535 Mädels wollten im ganzen zwei Typen unterscheiden:
409 3525 1630 3586 einen rundlichen, han fraulichen, gutmütigen und einen spitzen,
409 3563 1631 3622 scharfen, kecken. Auf der Bühne, die das Spiegelbild des Wiener
412 3616 1623 3679 Lebens war, vertrat den ersteren Typus der Wienerin die Niese,
412 3665 1631 3720 den letzteren die Zwerenz, und auch im Wiener Walzer, der ja
417 3714 1620 3774 für Frauenherzen geschrieben ist, gibt es zwei ähnliche Melodie¬
412 3760 1630 3825 typen: die weichen, schmiegsamen und kecken, spitzen Weisen. Ich
409 3804 1620 3869 selbst bin bei solchen ethnologischen Forschungen der Meinung
412 3855 1622 3913 gewesen, daß der erste Typus, die gutherzige, mollete Wienerin
412 3907 1623 3956 aus slawischer Einwanderung herstammt, der zweite autochthon
409 3951 1634 4010 ist, aber da ich solche ethnologische Forschungen nur dilettierend
407 4002 1627 4054 und ohne rechte Gründlichkeit getrieben habe, will ich auf die
407 4046 1657 4103 Richtigkeit dieser Behauptung nicht schwören. Viele Differenzie¬
391 4096 1661 4184 rungen hat es beim Wiener süßen Mädel jedenfalls nicht gegeben.
1682 215 2870 268 Existenzen zugrunde gehen. Bei diesem Bacchantenzug der ord¬
1676 268 2894 325 nären Instinkte wird auch das Wiener Vorstadtmädel mitgeschleift,
1679 304 2892 360 und sie tanzt hastig genießend mit, aber wenn sie auch kostbare
1680 352 2898 417 Kleider und Pelzwerk trägt, ihr unbefangenes Lachen, dieser
1676 399 2900 470 Naturlant der Wienerin, an dem man sie sofort erkennt, ist schon
1679 437 1988 521 lange verstummt.
