3392 4352
1195 334 1621 434 box 42/1
224 334 1017 453 1. Miscellaneous
1231 1089 2343 1250 NOUVEAU THÉATRE
1148 1242 2475 1341 GROUPE DU CANARD SAUVAGE
936 1401 2367 1490 DENYS AMIEL, LUCIEN BESNARD, JOHANN BOYER, CLAUDE FRRIERE,
895 1470 2416 1549 RENÉ FRUCHOIS, FERNAND GREGH, H.-R. LENORMAND, MAURICE MAGRE
1083 1529 2226 1600 GABRIEL MARCEL. EMILE MAZED, DMITRI MEREIKOSKI,
944 1590 2363 1676 ANDRE OBEY. ADOLPHE ORNA, CHARLES OULMONT, RÉGINA REGIS,
866 1649 2446 1766 JEAN SARMENT, ARTHOR SCHNITZLER, ALEXIS TOLSTO, AUGUSTE VILLEROY.
1005 1751 2471 1849 Ont l'honneur de vous faire savoir qu'ils viennent de se constituer en groupement
842 1831 2471 1906 pour l'exploitation artistique du NOUVEAU-THÉATRE EX-SELLE GREVIN, 10, Boulevard
838 1894 2469 1953 Montmartre, Tél. Gutenberg: 55-33: sur l'initiative de MM. MARCEL BERGER et FRED
848 1941 2469 2024 MEL, de l'AGENCE LITÉRAIRE FRANÇAISE, de M. TRÉNÉE MAUGET et avec la direction
850 1980 1235 2063 technique de celui-ci.
1011 2027 2477 2106 Les seuls traits communs entre des écrivains de tempéraments si divers sont leur
844 2104 1947 2153 respect de leur art, leur goût pour un théâtre libre et humain.
1017 2124 2467 2220 Dans le cadre restreint dévolu pour commencer leur activité, ils s'appliqueront à
848 2206 2467 2265 monter tantôt des pièces signées par des membres du groupement, tantôt des chefs-d'œuvres
842 2257 2469 2320 du théâtre étranger classique et moderne, tantôt des œuvres à eux soumises et qui auront
842 2300 1229 2383 déterminé leur choix.
1001 2363 2463 2428 Assumant les risques d'une entreprise foncièrement désintéressée, dénués pour com¬
838 2398 2469 2493 mencer des considérables moyens financiers que nécessite, en principe, aujourd'hui, une exploita¬
842 2451 1627 2504 tion théâtrale, ils adressent un pressant appel
999 2483 2469 2555 leurs Confrères de la presse littéraire et dramatique pour
848 2550 2471 2608 que ceux-ci veuillent bien suivre avec attention leurs efforts et, par des échos, des articles,
842 2599 2471 2679 fussent-ils de critique, servir de trait d'union entre eux et la masse qu'ils aspirent à conquérir.
1015 2644 2471 2742 Nu Public lettre pour qu'il facilité, dans la mesure du possible, leur lourde
844 2707 1639 2785 tâche, par l'achat de carnets d'abonnements.
1017 2763 2473 2834 toute personne s'intéressant à l'avenir du théâtre, pour qu'elle
842 2807 2471 2875 leur fournisse, sous forme de souscription d'une ou plusieurs parts de 500 francs
848 2871 2477 2946 (rémunérées au prorata des bénéfices) un concours moral et matériel dont ils n'hésitent
844 2919 1392 3003 pas à proclamer la nécessité.
838 3056 2379 3158 Premier Spectacle du Groupement courant Mars 1921 :
873 3182 2430 3272 Le Cœur des Autres, Pièce en 3 actes de GABRIEL MARCEL
940 3268 2345 3368 Premières Armes, Pièce en 1 acte de MARCEL BERGER
1095 3439 2257 3549 PRIX DES PIECES : 25, 20, 15, 10 et 6 francs
907 3515 2398 3600 CARNETS D'ABONNEMENTS : 12 Fauteuils 1" série à 15 francs
1814 3590 2398 3672 2° série à 12 francs
1407 3715 1890 3794 Pour tous renseignements :
881 3757 2428 3841 s'adresser à M. frénée MAUGET, au Théâtre, 10, Boulevard Montmartre (Tél. Gut. 55-33)
828 3815 2463 3918 ou à l'AGENCE LITÉRAIRE FRANÇAISE, 42, Boulevard Raspail, (Téléph. Fleurus 27-65)
1386 3892 1967 4002 PPA. HAVET, 222,000. Pfeine, Paris
