3344 4320
1139 290 1567 394 box 42/2
283 305 956 413 Miscellaneous
387 1105 1008 1221 Dr. Max Goldschmidt
394 1191 1020 1302 Büro für Zeitungsausschnitte
216 1250 480 1332 BERLINNA
755 1258 1172 1355 Telefon Norden 305
536 1366 852 1451 Ausschnitt aus:
283 1414 1105 1544 Stuttgarter Neues Tagblatt
733 1544 1068 1652 26. Mai 192
2367 1593 3293 1689 Am Dienstag abend fand unter starker Beteiligung
1336 1604 2344 1730 erwählt. Nun haben wir vom 16. bis 19. Mai diesen
2367 1675 3297 1727 Spitzen und Koryphen das Festbankett im Kais.
1343 1693 1890 1768 Kongreß in Berlin abgehalten.
1414 1708 3293 1794 Es ist in den anderen Ländern so, daß die bedeu¬ statt. Der Mittwoch brachte eine durch die „
287 1701 1317 1816 Der Kongreß des P.E.N.-Klubs
2363 1756 3297 1820 zentrale für deutsche Verkehrswerbung veransta
1336 1779 2344 1835 tendsten Dichter und Schriftsteller ganz selbstverständlich
2370 1809 3286 1853 und musterhaft organisierte Fahrt nach Potsdam
655 1790 975 1883 in Berlin
1340 1823 2344 1879 Mitglieder des Pen=Klubs sind. Ob die deutsche Gruppe
2374 1838 3301 1894 Sanssouci, am Abend eine Festvorstellung von kle
1336 1868 2348 1920 die sich ihre Mitglieder selbst wählt, das von sich sagen
592 1853 1046 1942 Von Dr. Walther Harich.
2367 1876 3275 1935 Balletts und einer noch kleineren Lortzingoper
1343 1902 2344 1965 kann, ist umstritten. Es fehlen die jungen Radikalen
2370 1924 3278 1980 schließlich — dies aber schon unprogrammatisch und
383 1902 1317 1980 Wir sind keine „Penn=Brüder“, obwohl es sicherlich
1343 1950 2348 1998 wie Alfred Döblin, Brecht und Bronnen, um nur einige
2363 1965 3275 2017 weil man nicht auseinander gehen konnte — ein
301 1946 1321 2028 angezeigt wäre, einen Kongreß unter dem Zeichen des
1340 1987 2341 2039 Namen zu nennen. An der Spitze stehen nicht etwa
2367 1998 3293 2062 liches Zusammensein bei Borchardt am Zoo. Dazwi
301 2006 1321 2069 Pennens" zu veranstalten, und genügend Kongresse
1340 2028 2344 2084 Gerhart Hauptmann oder die Brüder Mann, wie man
1209 2050 1317 2095 unter
2367 2039 3286 2114 gab es Sitzungen, in denen abwechselnd Galsworth
368 2050 1183 2103 wenigstens was die Sitzungen anbetrifft -
305 2065 2341 2147 diesem Zeichen stehen. Also nicht „Penn", sondern P.E.N., denken sollte, sondern Ludwig Fulda und Karl Federn
1343 2088 2888 2162 obwohl natürlich Hauptmann wie die Brüder Mann Jules Romains präsidierten.
305 2136 1317 2188 was eine Abkürzung von Poeten, Essayisten, Novellisten
2441 2106 3301 2192 Dies der äußere Rahmen, in dem sich die wichtig
1336 2155 2344 2207 Mitglieder sind. Dagegen, daß unsere größten Namen
2367 2169 3293 2229 Vorgänge der persönlichen Bekanntschaft und Füh¬
301 2177 1314 2229 bedeutet. Vielleicht denkt man auch an das englische
1340 2184 2344 2248 nicht mit Vereinsgeschäften belastet werden, läßt sich
301 2214 1310 2274 the pen — die Feder, denn es ist augenscheinlich, da
1343 2214 3282 2289 natürlich nichts sagen, aber bei solchen Gelegenheiten, nahme miteinander abspielten. Es war anfangs
2370 2251 3297 2311 ganz einfach, zumal bei dem Begrüßungstee. Man
301 2251 1314 2333 die Mitglieder des Pen=Klubs zum „Federvieh gehören
1340 2274 2344 2326 wie sie dieser jetzt in Berlin abgehaltene Kongreß bot
301 2296 1213 2370 das an sich harmlos ist. Was ist der Pen=Klub?
1347 2289 3297 2367 hätten unsere glänzendsten Männer in Erscheinung von den Berufsgenossen, mit denen man seit Jahre
1340 2333 3312 2408 treten müssen. Sie schickten herzliche Telegramme, aber geistigem Austausch oder Briefwechsel steht, die wenig
387 2341 1314 2415 Vor einigen Jahren geriet die englische Schrift
2370 2378 3301 2430 Man hütet sich, einen unbekannten Herrn anzuspre
1347 2389 2348 2449 sie waren weggeblieben. Eine Welle von Bronchial¬
309 2385 1317 2456 stellerin Mrs. Dawson-Scott auf den Einfall, daß sich
2363 2411 3293 2467 der vielleicht der Thomas Mann von Spanien ist
1343 2434 2337 2493 katarrh scheint über Deutschland zu gehen. Wir wünsch
305 2437 1317 2516 die Schriftsteller der zivilisierten Menschheit zusammen
2370 2449 3297 2501 dessen Werke man nicht einmal vom Hörensagen
316 2475 2341 2538 schließen müßten. Nicht zur Durchfechtung etwaiger ten den Betroffenen baldige Genesung und bedauerten
2370 2490 3264 2553 Denn unsere Kenntnis fremder Literatur ist —
1351 2516 2352 2571 ihnen nicht das offenbar bekömmlichere Klima von Lon¬
309 2519 1328 2575 Standesinteressen — was ja Sache der einzelnen Be¬
2367 2523 3301 2579 hundertmal größer als im Ausland, aber doch in
309 2556 2344 2620 rufsorganisationen ist — und auch nicht zu politisch don oder Paris bieten zu können, das sie sicherlich nich
2370 2568 3304 2620 noch beschämend gering. Oder man geht freudestra
2370 2605 3297 2653 auf einen bärtigen Herrn zu, den man für Un¬
305 2609 2352 2664 demonstrativen Zwecken, sondern einfach rein gesellschaft vermieden hätten. Immerhin hatte man ein peinliches
2370 2642 3301 2698 hält und der sich als ein harmloser Professor aus Le
301 2638 2344 2702 lich, um miteinander bekannt zu werden. Der Gedanke Gefühl, wenn man von einem Ausländer, der von weit
2370 2679 3297 2735 entpuppt. Aber allmählich finden sich doch die Gru
1347 2676 2348 2739 her, etwa von New York, gekommen war, nach Haupt¬
313 2690 1321 2746 ist einfach wie die englische Psyche, einfach, klar, nüch¬
2370 2717 3297 2798 zusammen, kannt man sich ungefähr aus. Mit ar¬
1351 2724 2352 2776 mann oder Mann gefragt wurde. Die anderen Länder
309 2731 1317 2787 tern, praktisch. Es trat die englische Gruppe des Pen
2378 2757 3211 2832 Bart und melancholischer Stirnlocke wandelt
1355 2765 2348 2850 hatten zum größten Teil ihre besten Männer oder
313 2772 1317 2832 Klubs in Erscheinung, mit John Galsworthy an de
2367 2783 3293 2858 Schnitzler durch die Reihen steht mit freund¬
1347 2806 1645 2880 Frauen geschickt.
309 2821 1321 2877 Spitze. Es folgte die französische Gruppe, damals noch
1422 2836 3293 2906 Man wird von einer Tagung, die bewußt das Ge¬ ernstem Lächeln Galsworthy bei einigen Men
316 2854 1317 2914 von Anatole France geleitet, es folgten 23 Gruppen in
2378 2877 3293 2929 die er nicht versteht, macht der unverkennbare
1351 2888 2352 2951 sellschaftliche in den Vordergrund stellt, nicht verlangen
313 2903 1328 2955 23 verschiedenen Ländern, oder 24, wenn man die in
2374 2917 3293 2970 von Zobeltitz Verbeugungen alter Schule und
305 2932 2352 3003 diesen Tagen gegründete Schweizer Gruppe bereits mit dürfen, daß ihre Sitzungen in die Augen fallende Er¬
2374 2955 3271 3007 brillante Figur. Und siehe man erkennt Karin
1347 2970 2348 3037 gebnisse zeitigen. Es wurden Fragen der inneren Orga¬
309 2981 1317 3037 zählen will. Die Gruppe jedes Landes kann sich, ohn
2374 2992 3301 3044 chaelis und den Antinooskopf des jungen Ma¬
1351 3018 2344 3070 nisation besprochen, es war von Zuwendungen die Rede
309 3022 1328 3081 Bevormundung des englischen Mutterlandes, seine
2374 3029 3282 3085 du Gard Je mehr Menschen man kennen lernt
1351 3055 2344 3115 die man vielleicht aus der Carnegie=Stiftung in Pari¬
309 3055 1328 3115 eigenen Statuten ausarbeiten, ist völlig selbständig in
2378 3074 3286 3122 vorsichtiger wird man mit der Redensart die
313 3096 2348 3167 sich, — aber jedes einzelne Mitglied jeder einzelnen erwarten dürfte, man debattierte über Uebersetzungen
2374 3107 3301 3163 zosen, die Engländer", denn sie sind untereinander
1351 3141 2344 3193 Wichtiger war das sonstige Programm. Am Sonnta
316 3148 1325 3208 Grupe ist auch zugleich vollberechtigtes Mitglied jeder
2382 3152 3297 3219 stark verschieden. „Ihr Deutschen ahnt nicht, wie
1351 3178 2344 3234 nachmittag gab es einen Begrüßungstee in den Räume
2385 3189 3297 3237 schieden wir Franzosen sind sagt der temperamen
309 3185 1321 3245 andern Pen-Gruppe in jedem Lande. Wenn man als
2382 3230 3301 3293 Jules Romains einmal. Da tänzelt ein Herr¬
309 3223 2348 3290 nach Paris oder London oder New York oder Belgrad der „Deutschen Gesellschaft 1914, am Montag ein Früh
1358 3260 2344 3319 stück im Neuen Rathaus, das die Stadt veranstaltete
2378 3264 3293 3316 klein, untersetzt, elegant, Gamaschen und Monoke
313 3267 1332 3331 reist, gehört man dort einem höchst interessanten und
2370 3304 3308 3357 Henriquatre-Bart. Das ist der typische Pariser Li¬
313 3301 2344 3375 angesehenen Klub als Mitglied an. Jedes Jahr gibt es mit schönen Reden des Oberbürgermeisters Dr. Bö=
1351 3345 3293 3401 Fuldas und des französischen Vertreters Jules Romains, denkst du. Aber es ist Dr. Seine aus Prag, der
320 3349 1325 3409 einen internationalen Kongreß sämtlicher Pen=Klubs
1351 3383 3290 3435 am Abend einen Tee des Generalintendanten Jeßner im gierte der Tschechen, und Jules Romain, mit dem
324 3398 1328 3450 Es fanden Kongresse in London, New York, Paris statt
2378 3420 3286 3476 Band der Ehrenlegion im Knopf:och, würdest du
1351 3424 2352 3476 Foyer des Staatstheaters mit anschließender Festvor¬
316 3435 1325 3502 Auf dem Pariser Kongreß konnte die Ende 1924 ge
316 3457 3308 3539 gründete deutsche Gruppe bereits mittun, und als stellung von Hebbels „Herodes und Marianne". Hinter auf Moskau tarieren, und den lieben weißhaa
316 3509 3293 3591 Kongreßort für 1926 wurde damals einstimmig Berlin her ein Zusammensein im Keller von Lutter & Wegner, Lundegard aus Norwegen auf New York. Und der
