3344 4352
1049 93 2252 183 poltische Interesse der jeweils an der Nacht besindlichen ge¬
2280 150 2822 201 hältnisse zu geben. Die erste
1046 174 2243 232 bei der Zusammensetzung jenes Schulamtes sowie der von diesen
2266 192 2838 257 war die, wie es mit unseren
1046 215 1896 308 zugelassenen Lehrbücher ausschalten zu wollen.
2280 234 2827 315 glaube gut daran getan zu
2266 282 2836 350 der Verhältnisse hinwies. Ich
2276 336 2824 391 Amerika darüber aufzuklären.
1160 324 2199 417 Ein Brief Arthur Schnitzlers an den
2273 377 2841 438 arbeitswilliges Volk sind, das
1053 387 2243 482 Herausgeber des „Neuen Wiener Journals
2283 431 2847 502 folgenden Frieden schwer betr.
1472 458 1852 546 I. Lippowitz.
2273 477 2831 546 geschehen ist, das sich aber
2273 523 2841 600 behauptet hat, wie vielleicht te
1162 528 2250 602 Wir wollten bei unserer Enquete über die Anregungen des
2276 574 2841 644 Aufklärungen haben in An¬
1049 590 2243 648 Dr. Kürschner den illustren Namen Arthur Schnitzlers nicht missen
2280 620 2799 685 insbesondere mein Hinweis,
1056 639 2246 694 Unser Mitarbeiter Hermann Menkes wandte sich an den Dichte
1049 671 2847 738 mit der Bitte, sich über die wichtige Frage zu äußern. Schnitzler brauchen und daß wir allein ni
2283 711 2838 771 Hindernisse, die im Jahre 191
1049 738 2243 792 lehnte ab, indem er erklärte, daß er sich grundsätzlich an Zeitungs
2280 766 2829 831 Wenn ich auch keine konkreten
1044 782 2248 838 rundfragen nicht beteilige. Darauf schrieb ihm unser Herausgeber,
2273 813 2838 868 ja nur zur Teilnahme am Po
1049 826 2243 882 daß es sich hier nicht um eine der gewöhnlichen Zeitungsrundfragen
2273 868 2850 945 haben meine Darlegungen de
1056 877 2246 931 handie, sondern um eine bedeutsame Kulturaktion, welche voraus¬
1065 924 2667 986 sichtlich den Völkerbund beschäftigen werde, an der mitzuwirken gute Dienste geleistet.
2387 926 2831 1021 Was den Kongreß selbst
1067 975 2246 1026 für einen Mann von dem Ansehen und der literarischen Stellung
2276 986 2845 1063 sang klar, daß Wien mit dieser
1058 1021 2243 1070 Schnitzlers geradezu eine „moralische Pflicht" sei. Diesen Brie
2271 1046 2841 1116 nicht konkurrieren kann. Eben
1053 1067 2243 1125 beantwortete der Dichter zwar nicht mit dem gewünschten Gutachten
2276 1097 2817 1164 mit unserem Wissen, unserer
1053 1116 2243 1167 aber mit einem langen Schreiben, das so charakteristisch für
2273 1134 2850 1197 in Amerika eines besonderen A¬
1060 1164 2243 1220 Schnitzler als Dichter und Mensch ist, daß wir es uns nich
2283 1195 2859 1266 Vorsitzende des Polizeikongresses
1053 1201 2248 1292 versagen können, es im vollen Wortlaut abzudrucken. Der Dichter
2273 1239 2875 1308 letzten zehn Jahre, sagte er, hat
1058 1262 1201 1345 schreibt:
2276 1289 2868 1345 Städte der Welt ganz ungewöhn
1894 1276 2211 1370 23. Mai 1925.
2273 1333 2873 1405 nirgends in der Welt gebe es ei
1252 1333 1910 1424 Sehr verehrter Herr Chefredakteur!
2283 1382 2871 1463 durchgemacht hat, wie der Poliz¬
1171 1389 2250 1470 Auf Ihr liebenswürdiges Schreiben vom 9. d. M., in den
2276 1426 2871 1502 aufgefordert, über verschiedene
1056 1456 2246 1516 Sie mich, wie vorher schon Hermann Menkes, ersuchen, mich in
2276 1477 2882 1546 halten, unter anderem üb¬
1056 1514 2246 1570 irgendeiner Weise zu der Anregung des Dr. Kürschner zu äußern,
2273 1521 2878 1604 sammenarbeiten der Polizeibe
1058 1563 2243 1616 erlaube ich mir zu erwidern, daß ich auf einem anderer
2276 1570 2824 1639 in dem Grundsatz, daß
1053 1607 2243 1671 prinzipiellen Standpunkt stehe als Sie, verehrter Herr Chef¬
2266 1607 2859 1685 nur aus kriminalpolizeilichem Ge¬
1049 1660 2250 1711 redakteur. Sie präzisieren den Ihren dahin, daß die „prominentesten
2276 1669 2808 1732 auch das leiseste Hineinziehen
1053 1702 2850 1773 unter den literarischen Führern geradezu die moralische Verpflichtung nationale Zusammenarbeit nicht
1058 1755 2241 1806 haben, bei einer so bedeutsamen kulturellen Aktion (wie es die
2273 1766 2857 1838 überhaupt als unerwünscht ersche
1056 1801 2239 1857 Enquete über die Kürschnersche Idee sei, ein internationale
2271 1808 2861 1866 brauch der Polizei Tür und Tor
1056 1840 2875 1910 Schulamt in Genf zu schaffen rc. rc.) nicht abseits zu stehen. Ich Meinung soll sich die Zusammen
1049 1894 2243 1952 bin demgegenüber vor allem der Meinung, daß es keineswegs
2271 1908 2859 1968 Appell einer Polizeibehörde nach
1056 1947 2246 2002 ein „Abseitsstehen" bedeutet, wenn man es vermeidet, öffentlich
2273 1954 2852 2012 brechers gehört und ihm entsp.
1049 1989 2243 2046 das Wort zu irgendeiner kulturell noch so bedeutsamen Frage zu
2271 2007 2866 2060 geforderten Landes Folge geleiste
1056 2042 2241 2093 ergreifen; ferner bestreite ich mit aller Entschiedenheit die von
2266 2058 2871 2107 den Gedanken einer Art Ueberpo¬
1053 2086 2239 2146 Ihnen behauptete „moralische Verpflichtung" eines freien Schrift
2266 2102 2882 2153 zelnen Staaten einander darin be¬
1056 2139 2878 2209 stellers, in irgendeinem Falle „nicht abseits zu stehen. Nichts brecher wenigstens an der Weiter
1046 2188 2859 2259 wäre leichter und wohlfeiler, als sich zu der Kürschnerschen Idee das unredlich erworbene Gut zu
1049 2229 2239 2287 mit ein paar Worten, sei es völlig zustimmend und hoffnungsvoll
2271 2246 2829 2306 flüchtigen Verbrechers kann
1049 2278 2239 2336 sei es (in Hinsicht auf den Erfolg, der von ihm vor
2273 2285 2873 2366 oder, wenn dies nach den
1053 2336 2873 2403 geschlagenen Aktion) skeptisch zu äußern — ich aber für meinen möglich ist, durch Entzie
1049 2373 2243 2438 Teil empfände es vor allem als höchst prätentis, wenn
2276 2389 2878 2442 Das entwendete oder unterschlage
1046 2421 2241 2489 ich mich zu einer solchen Sache überhaupt äußern wollte, ohne
2271 2433 2871 2486 nicht weggenommen, sondern nu¬
1051 2472 2887 2537 sie nach allen Seiten hin reiflich erwogen zu haben und ohne diese beiden Grundsätze würde ein
1046 2516 2241 2579 irgend etwas Wesentliches und Neues zu der Lösung der Frage
2276 2526 2875 2584 schaffen werden, die der redliche
1044 2565 2239 2623 beitragen zu können. Wie ich im allgemeinen über „nationalistische
2271 2581 2878 2646 Staate in hinreichendem Maße
1046 2618 2239 2667 den Klassen- und Rassenhaß nährende Schulbücherbeiträge denke
2375 2628 2887 2695 Der Polizeikongreß befaßte
1044 2658 2239 2718 davon dürften sich die Leute, die einiges von dem kennen, was
2273 2653 2873 2741 technischen Fragen, so mit de
1046 2713 2861 2773 ich bisher geschrieben habe, wohl ein Bild zu machen imstande Identifizierung von Verbrechern
1053 2762 2889 2843 sein. Und daß ich gerade nicht zu den Abseitsstehern gehöre, wenn Verbrecherbildern. Die für Ferne
1046 2808 2239 2861 das auch jederzeit mein gutes Recht wäre, habe ich mehr als
2276 2817 2887 2871 sind leider vorläufig noch so kost¬
1044 2854 2241 2915 einmal in meinem Leben zu beweisen Gelegenheit gehabt. Aber es
2266 2868 2880 2938 New-Yorker Polizei zu ihrer Ein
1044 2898 2246 2952 muß durchaus meinem Ermessen anheimgestellt bleiben, bei welcher
2375 2917 2889 2986 Hochinteressant und vom öst
1044 2952 2850 3026 Gelegenheit, innerhalb welchen Rahmens, in welcher Form bemerkenswert war das Referat,
1044 2991 2236 3058 ich eine politische oder unpolitische Anschauung dramatisch, episch
2273 3019 2861 3077 für öffentliche Arbeiten über das
1042 3063 2887 3128 essayistisch, aphoristisch zum Ausdruck zu bringen den Wunsch hege verlangte, daß alle Einwanderer
1044 3091 2241 3148 Ich muß nicht erst betonen, daß diese Worte weder eine Stellung¬
2266 3116 2889 3172 werden und sich vollständig in
1039 3137 2232 3199 nahme gegen Enqueten im allgemeinen, noch eine solche gegen die
2266 3160 2889 3211 müssen. Auch das Verkehrsproble¬
1046 3190 2236 3239 von Ihnen veranstaltete Enquete, noch gar eine gegen den vor¬
2273 3209 2880 3271 Polizeichefs sowohl der kleinen wi
1049 3236 2239 3292 züglichen Artikel von Dr. Kürschner zu bedeuten haben, sondern
2266 3250 2882 3310 ihre Erfahrungen ausführliche Be¬
1046 3285 2236 3336 daß ich nur mit aller Entschiedenheit das Bestehen einer mora¬
2264 3301 2880 3354 daß keines der vorgeschlagenen Sr.
1042 3331 2878 3410 lischen Verpflichtung in Abrede stelle, mich an irgendeiner Wir können unseren Verkehr mit
1044 3378 2234 3435 Enquete zu beteiligen, Meinungen abzugeben, mich kritisch zu
2271 3398 2871 3461 gleichen, der sein Gepräge durch
1037 3422 2239 3482 äußern, kurz irgendwo und sei es im allerespektabelsten Kreise,
2266 3440 2882 3500 Autos erhält. Der Ausspruch eines
1035 3482 2891 3558 und über irgendein Problem, sei es so aktuell und interessant am besten die amerikanischen Verhält¬
1046 3523 2239 3579 wie möglich, mitzureden, ohne daß mich im Augenblick ein inneres
2264 3537 2866 3598 nichts zu machen. Hier kauft sich
1037 3567 2241 3625 Bedürfnis dazu zwingt. Sollten Sie aber, sehr verehrter Herr
2271 3591 2882 3648 in zweiter Linie einen Radioapp
1039 3614 2241 3669 Chefredakteur, den Lesern Ihres hochgeschätzten Blattes eine
2266 3639 2861 3688 einen Anzug." Tatsächlich hat
1037 3662 2239 3727 Erklärung für meine Nichtbeteiligung an Ihrer Enquete schuldig
2273 3676 2884 3743 jeder dritte Einwohner ein Auto
1039 3713 2236 3783 zu sein glauben (ich bin ja keineswegs dieser Ansicht), so habe ich
2262 3725 2891 3787 mechanisch geregelt. Das Aufleuch
1044 3778 2202 3827 gegen die Veröffentlichung dieses Briefes nichts einzuwenden
2264 3778 2882 3836 Verkehrstürmchen der Straßenkreuz¬
1044 3801 2236 3866 natürlich nur einer vollständigen Veröffent¬
2266 3827 2882 3882 einen Richtung auf volle fünf M.
1037 3857 2239 3919 lichung, da einzelne Sätze immer leicht mißverstanden werden
2266 3868 2891 3926 dem Aufflammen eines grünen L
1039 3908 1176 3973 können.
2262 3919 2891 3975 Fahrt fortsetzen. Dieser unfreiwil
1153 3933 2889 4037 Mit verbindlichstem Dank für Ihre freundliche Einladung immer wieder, und so gehört das
1030 3966 1630 4079 und in vorzüglicher Hochachtung
2264 4014 2889 4070 mehr zu den schnellsten Fahr¬
1465 4051 1822 4130 Ihr sehr ergebener
2479 4058 2884 4125 lange Fahrtverzögen
2262 4067 2352 4121 man
2250 4109 2889 4181 In Wien muß alles individualisie¬
1678 4086 2199 4197 Arthur Schnitzler.
