<?xml version="1.0" encoding="UTF-8" standalone="yes"?>
<PcGts xmlns="http://schema.primaresearch.org/PAGE/gts/pagecontent/2013-07-15" xmlns:xsi="http://www.w3.org/2001/XMLSchema-instance" xsi:schemaLocation="http://schema.primaresearch.org/PAGE/gts/pagecontent/2013-07-15 http://schema.primaresearch.org/PAGE/gts/pagecontent/2013-07-15/pagecontent.xsd">
    <Metadata>
        <Creator>prov=READ-COOP:name=PyLaia@TranskribusPlatform:version=2.12.1:model_id=39995:lm=provided:date=28_03_2024_20:24</Creator>
        <Created>2019-10-07T20:37:14.567+02:00</Created>
        <LastChange>2024-03-28T20:24:09.854+01:00</LastChange>
        <TranskribusMetadata docId="224456" pageId="9578677" pageNr="54" tsid="156371910" status="IN_PROGRESS" userId="40391" imgUrl="https://files.transkribus.eu/Get?id=JEARDNPVZBARNEJJYHXTATND&amp;fileType=view" xmlUrl="https://files.transkribus.eu/Get?id=CFSOYGXNPFTLNMHDMMBOHXLA" imageId="6208155"/>
    </Metadata>
    <Page imageFilename="224456_0054.jpeg" imageWidth="3392" imageHeight="4352">
        <ReadingOrder>
            <OrderedGroup id="ro_1712662126894" caption="Regions reading order">
                <RegionRefIndexed index="0" regionRef="tr_1"/>
            </OrderedGroup>
        </ReadingOrder>
        <TextRegion orientation="0.0" id="tr_1" custom="readingOrder {index:0;}">
            <Coords points="158,303 158,3597 3086,3597 3086,303"/>
            <TextLine id="tr_1_tl_1" custom="readingOrder {index:0;}">
                <Coords points="1167,379 1232,357 1313,372 1371,328 1499,368 1590,350 1590,252 1535,270 1502,259 1484,277 1418,230 1349,270 1324,259 1258,277 1218,255 1167,270"/>
                <Baseline points="1187,334 1212,334 1238,334 1264,336 1290,337 1315,337 1341,336 1367,334 1393,336 1418,337 1444,337 1470,337 1496,337 1521,336 1547,334 1573,334 1599,337"/>
                <TextEquiv>
                    <Unicode>box 42/2</Unicode>
                </TextEquiv>
            </TextLine>
            <TextLine id="tr_1_tl_2" custom="readingOrder {index:1;}">
                <Coords points="310,379 485,394 784,372 835,397 897,368 984,379 984,266 842,292 777,292 711,255 576,292 492,263 310,284"/>
                <Baseline points="331,349 364,347 397,347 430,349 463,349 496,347 529,346 562,346 595,346 628,346 662,345 695,343 728,340 761,340 794,341 827,343 860,343 893,341 926,341 959,343 993,355"/>
                <TextEquiv>
                    <Unicode>Miscellaneous</Unicode>
                </TextEquiv>
            </TextLine>
            <TextLine id="tr_1_tl_3" custom="readingOrder {index:2;}">
                <Coords points="142,1170 201,1141 284,1167 325,1145 438,1145 634,1170 631,1032 562,1046 503,1025 441,1043 394,1025 270,1050 139,1017"/>
                <Baseline points="158,1131 183,1131 208,1131 234,1131 259,1131 285,1131 310,1132 335,1134 361,1134 386,1134 412,1136 437,1137 463,1137 488,1137 513,1137 539,1137 564,1137 590,1137 615,1137 641,1137"/>
                <TextEquiv>
                    <Unicode>Max Goldschmidt</Unicode>
                </TextEquiv>
            </TextLine>
            <TextLine id="tr_1_tl_4" custom="readingOrder {index:3;}">
                <Coords points="149,1254 241,1265 299,1218 365,1240 397,1221 521,1229 547,1254 576,1221 627,1221 627,1152 605,1149 543,1174 500,1152 470,1174 339,1145 215,1160 197,1141 149,1163"/>
                <Baseline points="170,1205 196,1207 222,1208 248,1208 274,1208 300,1208 326,1208 352,1208 378,1208 404,1208 430,1208 456,1208 482,1208 508,1210 534,1211 560,1211 586,1211 612,1211 638,1211"/>
                <TextEquiv>
                    <Unicode>für Zeitungsausschnitte</Unicode>
                </TextEquiv>
            </TextLine>
            <TextLine id="tr_1_tl_5" custom="readingOrder {index:4;}">
                <Coords points="376,1283 799,1287 799,1218 766,1207 696,1240 671,1221 562,1240 529,1221 376,1229"/>
                <Baseline points="396,1271 421,1271 447,1271 473,1273 499,1274 524,1274 550,1274 576,1274 602,1274 627,1274 653,1274 679,1275 705,1277 730,1277 756,1277 782,1277 808,1274"/>
                <TextEquiv>
                    <Unicode>Telefon Norden 3051</Unicode>
                </TextEquiv>
            </TextLine>
            <TextLine id="tr_1_tl_6" custom="readingOrder {index:5;}">
                <Coords points="164,1378 263,1378 284,1393 478,1382 478,1283 405,1287 368,1265 277,1280 255,1258 201,1258 164,1273"/>
                <Baseline points="185,1364 210,1366 235,1367 260,1367 285,1367 310,1367 335,1367 360,1367 385,1367 410,1367 435,1369 460,1369 486,1367"/>
                <TextEquiv>
                    <Unicode>sait un</Unicode>
                </TextEquiv>
            </TextLine>
            <TextLine id="tr_1_tl_7" custom="readingOrder {index:6;}">
                <Coords points="153,1499 343,1484 470,1502 518,1469 558,1484 642,1451 769,1491 766,1375 153,1386"/>
                <Baseline points="173,1435 203,1435 233,1435 263,1435 293,1437 323,1438 353,1438 384,1438 414,1438 444,1438 474,1440 504,1441 534,1441 564,1441 595,1441 625,1441 655,1443 685,1443 715,1441 745,1443 776,1444"/>
                <TextEquiv>
                    <Unicode>Neueste Nachrichten</Unicode>
                </TextEquiv>
            </TextLine>
            <TextLine id="tr_1_tl_8" custom="readingOrder {index:7;}">
                <Coords points="153,1703 237,1663 343,1699 525,1688 558,1674 554,1542 514,1561 383,1553 357,1572 292,1542 263,1553 215,1524 146,1550"/>
                <Baseline points="170,1626 196,1626 222,1626 249,1626 275,1626 302,1626 328,1628 355,1629 381,1631 408,1634 434,1637 461,1638 487,1638 514,1636 540,1636 567,1638"/>
                <TextEquiv>
                    <Unicode>11. Nov. 1926</Unicode>
                </TextEquiv>
            </TextLine>
            <TextLine id="tr_1_tl_9" custom="readingOrder {index:8;}">
                <Coords points="941,1809 1065,1841 1229,1801 1382,1849 1655,1790 1980,1830 2049,1801 2184,1852 2159,1666 944,1699"/>
                <Baseline points="961,1802 1022,1801 1084,1799 1146,1799 1208,1799 1269,1798 1331,1796 1393,1796 1455,1795 1516,1791 1578,1787 1640,1787 1702,1790 1763,1790 1825,1790 1887,1787 1949,1784 2010,1784 2072,1781 2134,1781 2196,1781"/>
                <TextEquiv>
                    <Unicode>Die Dichter=Akademie</Unicode>
                </TextEquiv>
            </TextLine>
            <TextLine id="tr_1_tl_10" custom="readingOrder {index:9;}">
                <Coords points="908,3376 2224,3347 2224,3293 2170,3278 908,3314"/>
                <Baseline points="928,3361 993,3361 1058,3361 1124,3360 1189,3358 1254,3358 1320,3356 1385,3355 1450,3354 1516,3355 1581,3351 1646,3349 1712,3349 1777,3347 1842,3346 1908,3346 1973,3346 2038,3343 2104,3340 2169,3340 2235,3337"/>
                <TextEquiv>
                    <Unicode>Dichter und Schriftsteller, die zur Mitgliedschaft eingeladen wurden</Unicode>
                </TextEquiv>
            </TextLine>
            <TextLine id="tr_1_tl_11" custom="readingOrder {index:10;}">
                <Coords points="321,3453 813,3409 2706,3376 2815,3409 2819,3336 2633,3300 2563,3336 1054,3380 325,3336"/>
                <Baseline points="340,3420 464,3415 588,3414 712,3412 837,3411 961,3408 1085,3408 1210,3405 1334,3405 1458,3401 1583,3398 1707,3396 1831,3393 1955,3391 2080,3387 2204,3387 2328,3381 2453,3378 2577,3377 2701,3375 2826,3369"/>
                <TextEquiv>
                    <Unicode>Obere Reihe: Hermann Sudermann, Max Halbe, Hugo v. Hofmannsthal, Hermann Hesse, Heinrich Mann, Wilhelm Schmidtbonn.</Unicode>
                </TextEquiv>
            </TextLine>
            <TextLine id="tr_1_tl_12" custom="readingOrder {index:11;}">
                <Coords points="401,3479 2735,3435 2735,3384 2567,3376 405,3424"/>
                <Baseline points="426,3459 541,3456 657,3453 773,3453 889,3450 1005,3449 1121,3447 1236,3445 1352,3444 1468,3442 1584,3438 1700,3435 1816,3434 1932,3432 2047,3428 2163,3426 2279,3424 2395,3420 2511,3418 2627,3414 2743,3417"/>
                <TextEquiv>
                    <Unicode>Untere Reihe: Bernhard Kellermann, Ricarda Huch, Jakob Wassermann, Arthur Schnitzler, Hermann Bahr, Emil Strauß.</Unicode>
                </TextEquiv>
            </TextLine>
            <TextLine id="tr_1_tl_13" custom="readingOrder {index:12;}">
                <Coords points="149,3544 3012,3471 2983,3380 2738,3435 1057,3475 397,3479 153,3420"/>
                <Baseline points="170,3519 312,3516 454,3511 597,3510 739,3507 881,3507 1024,3504 1166,3502 1308,3502 1451,3498 1593,3494 1735,3492 1878,3489 2020,3488 2162,3483 2305,3477 2447,3474 2589,3474 2732,3471 2874,3468 3017,3468"/>
                <TextEquiv>
                    <Unicode>neue Sektion für Dichtkunst an der preußischen Akademie der Künste beschäftigte sich in ihrer ersten Arbeitssitzung mit der Frage der Ergänzung</Unicode>
                </TextEquiv>
            </TextLine>
            <TextLine id="tr_1_tl_14" custom="readingOrder {index:13;}">
                <Coords points="149,3581 299,3621 365,3566 547,3592 631,3548 2454,3515 3012,3570 3081,3548 3085,3417 2979,3486 149,3522"/>
                <Baseline points="170,3558 315,3558 461,3554 607,3548 753,3549 899,3546 1044,3543 1190,3540 1336,3540 1482,3536 1628,3534 1773,3531 1919,3525 2065,3525 2211,3521 2357,3516 2502,3513 2648,3510 2794,3510 2940,3510 3086,3507"/>
                <TextEquiv>
                    <Unicode>on durch neue Mitglieder. Wie verlautet, sind bereits an mehrere Persönlichkeiten Einladungen zur Mitgliedschaft ergangen. Die offizielle Ver¬</Unicode>
                </TextEquiv>
            </TextLine>
            <TextLine id="tr_1_tl_15" custom="readingOrder {index:14;}">
                <Coords points="594,3610 2654,3581 2654,3515 2461,3511 594,3551"/>
                <Baseline points="614,3587 716,3587 818,3587 921,3587 1023,3584 1126,3583 1228,3581 1330,3578 1433,3578 1535,3575 1638,3572 1740,3571 1842,3567 1945,3566 2047,3563 2150,3560 2252,3558 2354,3558 2457,3557 2559,3552 2662,3552"/>
                <TextEquiv>
                    <Unicode>öffentlichung der neuen Mitgliederliste wird erst erfolgen, wenn die ministerielle Bestätigung gegeben ist.</Unicode>
                </TextEquiv>
            </TextLine>
            <TextEquiv>
                <Unicode></Unicode>
            </TextEquiv>
        </TextRegion>
    </Page>
</PcGts>
