3392 4352
174 279 264 381 1
1175 267 1607 396 box 42/2
321 264 785 399 Miscellan
815 273 1007 387 s
2386 740 2806 923 E
1733 764 2155 926 I
929 594 1316 938 E
450 962 2854 1070 Zeitung für Theater / Literatur / Film / Mode / Kunst / Gesellschaft / Sport
453 1058 2854 1130 Chefredakteur: Dr. Hans Liebstoeck - Eigentümer: Verlag „Die Stunde Erscheint jeden Donnerstag
1682 1124 2854 1175 Administration: Wien, I., Wipplingerstraße 32 (Tel. 65-5-05)
459 1127 1565 1184 Redaktion: Wien, IX., Canisiusgasse 8—10 (Tel. 66-5-35)
2563 1220 2848 1298 HET NR. 20
450 1226 764 1322 2. JAHRGANG
1484 1223 1796 1337 26. MARZ 1925
1912 1289 2860 1385 Arthur Schnitzler schrieb: „Ein Denkmal, der Wiener Operette
1912 1370 2860 1409 errichtet, müßte die Züge Mizi Günthers tragen.“ — Das Wiener
1912 1400 2869 1439 Publikum wird dieser Züge, die einem wirklichen Gesicht gehören,
1906 1436 2863 1472 immer mehr entwöhnt, seit Mizi Günther so selten auftritt. Die
1912 1466 2869 1523 Künstlerin begibt sich demnächst auf eine Operettentournee nach
2005 1499 2761 1577 Konstantinopel und Athen. Wann kehrt sie wieder!
2377 4002 2584 4098 Photo Setzer
1487 4014 1846 4131 Mizzi Günther
