3344 4352
1176 297 1595 402 box 42/2
328 304 992 421 Miscellaneous
853 1476 1876 1590 gen Wiedner Theater als Regisseur, Pohl war
860 1548 956 1615 itjof
988 1553 1246 1637 Wiener Type.
874 1595 962 1651 aus
1083 1608 2174 1673 (Artur Schnitzler und Budapest.) Aus Budapest, 9. d.,
863 1634 956 1695 ung,
990 1625 2332 1715 wird uns telegraphiert: „Pesti Naplo" veröffentlicht einen
862 1683 956 1739 rein
992 1702 2162 1753 Brief Artur Schnitzlers, der eine Absage auf eine Ein¬
990 1734 2399 1853 ladung zu einem Vortrag in Budapest enthält. Schnitzler,
990 1794 2173 1852 erklärt darin, nach dem Vorfall, durch den sein „Reigen“ in
990 1845 2174 1904 einem Budapester Theater nicht zur Aufführung gelangte und
981 1881 2174 1938 man ihn einen pornographischen Schriftsteller genannt habe,
2197 1815 2397 1969 4
986 1934 2094 1995 wolle er in Budapest grundsätzlich keinen Vortrag halten.
1083 1987 2176 2057 um die Bestattung
1158 2350 1339 2450 auch
1155 2406 1618 2508 der Hauptrollen kreieren.
1262 2468 2360 2562 Aus Budapest wird uns telegraphiert: Eine Konzert¬
1160 2545 2362 2606 agentur lud vor kurzem Artur Schnitzle, zu einem Vortrag
1160 2597 2371 2650 nach Budapest ein. Schnitzler lehnte diese Einladung in einem
1160 2641 2357 2699 Briefe ab, den er an den Direktor der Konzertagentur richtete.
1160 2689 2457 2771 In seinem Schreiben weist Artur Schnitzler darauf hin, daß er Au¬
1164 2738 2366 2790 in Budapest au prinzipiellen Gründen keinen Vortrag halten
1157 2766 2471 2845 könne, da ihn die Zensurbehörden im Vorjahre als pornographischen Nor
1167 2836 2362 2887 Schriftsteller bezeichnet hatten. Es sei ihm daher unmöglich, dieser
2390 2822 2473 2906 Moe
1167 2880 2473 2969 Einladung Folge zu leisten. (Wie noch erinnerlich, wurde die Platz
1160 2927 2362 3006 Aufführung von Schnitzlers „Reigen seinerzeit in Budapest
2380 2959 2462 3019 Mr.
1160 2980 1343 3048 verboten.)
2389 3012 2489 3082 im
1271 3005 2362 3110 Wir erhalten von der Direktion der Mailänder
1158 3080 1495 3159 Scala saa-
