3344 4384
368 362 1033 457 Miscellaneous
1213 343 1631 441 box 42/1
1995 987 2208 1071 1922
1090 987 1408 1124 eitung.
1957 1062 2239 1141 13. Juni
1176 1247 2167 1346 Haager Portraigalerie.
1645 1339 1767 1408 Von
1311 1395 2017 1477 Friedrich Markus Huebner.
1168 1468 2290 1538 Wer im Haag lebt, hat es bequem: aus allen Ländern kommen
1135 1515 2287 1584 die großen Leute, um hier ihre Ideen zu verkünden, um hier ihr
1135 1570 2287 1620 leibliches Gehabe, ihr Gesicht, ihr Mienenspiel vor Zuhörer und
1132 1614 2288 1666 Zuschauer zu bringen. Voriges Jahr war es Tagore, der hier
1141 1664 2284 1720 seine europäische Rundreise begann, dieses Jahr wird es der noch
1141 1705 2290 1758 heiligere indische Aszet Sing sein, der hier erstmals europäischen
1135 1749 2293 1802 Boden betritt. Aus den Vereinigten Staaten kam im letzten
1130 1789 2290 1842 Monat eine Mormonen=Abordnung, in einem kleinen regetarischen
1138 1831 2284 1893 Hotel hatten sich 1921. Sendlinge der persischen Bohaisten nieder¬
1135 1883 2287 1935 gelassen, R. Steiner mit seinen Jüngern veranstaltete gleich eine
1127 1926 2161 1982 ganze Vorlesungswoche, und alle wollen dasselbe: werben.
1171 1966 2293 2035 Um aber die Wahrheit zu sagen, so ist zwar das Interesse für
1135 2023 2293 2063 ausländische Geistesgrößen im Haag bedeutend, doch nicht eigent¬
1127 2063 2297 2115 lich überwältigend. Wenn allein im letztvergangenen Monat
1132 2110 2293 2159 Chesterton, Schnitzler, van Eeden in den Sälen von Diligentia
1132 2155 2293 2211 oder „Pulcher Studio sprachen, so finden die Haager solche Besuche
1132 2196 2296 2240 reizend und gehen in die Veranstaltungen, wie sie in ihre öffent¬
1131 2237 2296 2296 lichen Bildersammlungen gehen: als vollkommene geistige Genießer,
1135 2282 2293 2328 die im übrigen sich durch den fremden Einfluß nicht aus dem
1131 2329 2296 2385 Konzept bringen lassen. Nur wie Porträtbilder, ein wenig fern,
1135 2366 2293 2420 ein wenig gleichgültig, so ziehen hier am Publikum die Künstler¬
1124 2416 2299 2470 und Schriftstellerfiguren vorüber. Während jene vielleicht denken,
1132 2457 2303 2511 eine wirkliche, unvergängliche geistige Aussaat vorzunehmen,
1135 2502 2291 2548 bedeutet ihr Kommen für dieses überaus belesene und kultivierte
1141 2545 2293 2597 Publikum der holländischen Residenz nur mehr einen Zeitvertreib,
1132 2590 2293 2637 eine angenehme und mühelose Gelegenheit, in fremdem mensch¬
1138 2637 2302 2709 lichem Gefühl zu schwelgen, ohne sich selber menschlich darangeben
1130 2675 1330 2734 zu müssen.
1509 2701 1925 2797 G. K. Chesterton.
1168 2770 2294 2846 Ueberfüllter Saal. Viele holländische Priester. Arlaches der
1130 2830 2291 2892 amerikanischen und englischen Gesandtschaften. Die Flügeltüren
1135 2877 2293 2930 des Seitenzimmers gehen auf, und ein Zug von Damen aller
1135 2927 2294 2974 Altersstufen, die mit dem Dichter über den Aermelkanal gekommen
1138 2964 2294 3012 sind, bewegt sich zu den reservierten Plätzen vor dem Rednerpult.
1135 3008 2293 3063 Chesterton folgt als letzter im Zuge. Nicht gänzlich Herr über
1138 3046 2294 3093 seinen linken Arm, der seit einem Schlaganfall sich aus dem Be¬
1138 3091 2294 3142 fehlsbereich des Gehirns gelockert hat, klammert seine rechte Hand
1138 3139 2294 3186 fest die Linke; beides rosige, dicke, kindliche Hände von derselben
1138 3183 2290 3230 schwellenden, vielleicht befeuchteten Gewölbtheit wie die Lippen.
1132 3224 2290 3277 Die Lippen stehen in einem Gesichte, das sehr freundlich, sehr
1135 3264 2287 3318 arglos blickt und sonderbar die ganze Schädelform Lügen straft,
1135 3308 2287 3355 dieses mächtige, löwenförmige Haupt mit der Mähne kräftig ge¬
1132 3350 2288 3394 wellter Haare über einer durchfurchten, hohen Stirn. Gesicht und
1124 3394 2294 3449 Haupt, die Kinderlippen und der riesenhafte Wuchs von Schultern,
1128 3435 2287 3487 Rumpf, Armen, die näselnde, dünne, überhelle Engländerstimme
1127 3484 2290 3529 aus diesem Löwenhaupte heraus, dies alles wirkt irgendwie wider¬
1132 3525 2288 3578 sprüchlich, paradoxal, und so findet man eben an der Erscheinung
1127 3567 2290 3620 dies desto treffender und wesensgemäßer, daß sie fortwährend von
1132 3611 2288 3657 närrischen Wortspielen, Paradoxen und kleinen geistreichen Medi¬
1135 3655 2287 3705 sancen sprudelt. Dieses Sprudeln geschieht wörtlich, nämlich als
1135 3701 2284 3753 ein Prusten, das sich schon lange vorher, da die Pointe noch erst
1130 3736 2285 3790 im Anzuge ist, ankündigt, kaum noch bezähmbar wird, bis schließ¬
1135 3783 2284 3834 lich die Wangen, die Schulter, der Brustkasten des kindlichen
1132 3828 2284 3878 Riesen wankt und hüpft vor harmloser Freude, daß ihm der
1135 3869 2287 3922 Geist erlaubt, sich so munter und knabenhaft zu tummeln. Er
1127 3910 2287 3963 wird zum Beispiel gefragt: „Wenn beurteilen Sie höher: Dickens
1127 3957 2282 4005 oder Mark" (gemeint ist Mark Twain). Die Frage ist kaum for¬
1130 3998 2287 4055 muliert, als in dem Kindergesicht ein mächtiges, unhörbares
1135 4043 2287 4102 Lachen einsetzt, fürs Publikum desto überraschender, weil es nicht
1132 4080 2281 4136 ahnt, was an der Fragestellung irgendwie komisch sein könnte,
1130 4127 2281 4199 bis dann prustend die Antwort herauskommt, der sofort ein huldi¬
