3344 4384
1180 288 1610 379 box 42/2
321 294 1001 394 Miscellaneous
2014 855 2669 964 Neue Freie Presse.
1268 879 1598 979 Wien, Sonntag
643 879 852 967 Seite 36
2908 952 3032 1016 Ton:
1756 958 2866 1034 am nächsten stehende Arthur Schnitzler ist trotz der Mannig¬
576 976 1716 1049 derer geschehen, die mich gar nicht kennen. Wohlwollen
2914 1013 3036 1067 etwas
1768 1016 2493 1101 fältigkeit seines Wesens lauter Grazie.
579 1031 1719 1098 fremder Menschen ist mir unendlich gleichgültig; ich habe
2917 1055 3029 1113 meine
1844 1031 2884 1128 Er scheint mir für Wien sehr typisch, bald ernsthaft,
582 1077 1716 1140 nicht nur kein Bedürfnis, Herzen zu gewinnen, sondern es
2914 1104 3032 1161 Dime
1756 1089 2881 1177 bald leicht, bald mit den Pfeilen aus seinem Bogen ein
573 1122 1722 1183 befriedigt mein innerstes Wesen, mehr ungünstig beurteilt zu
1756 1143 2884 1228 glücklicher Treffer, bald vorbeischießend, weil er nicht am
579 1171 1722 1234 werden als Komplimente zu hören. Mein Leben hat es mit
2923 1195 3036 1255 gering
1762 1192 2878 1271 gezielt hat oder weil in seinem Wesen vielleicht eine Ver¬
588 1213 1725 1292 sich geführt, daß ich wohl tausend Toastreden habe hören
2914 1243 3032 1298 unter
1756 1237 2881 1328 stimmung überhandnahm; aber die Sicherheit der öster¬
573 1258 1716 1337 müssen, und Toastreden sind mir so widerlich wie Schmäh¬
1756 1292 2502 1359 reichischen Grazie hat ihn nie verlassen.
2914 1286 3045 1368 zulasse
576 1307 1725 1371 artikel. Es ist aus ihnen nichts zu lernen, und sie machen
1847 1322 2887 1398 Ich möchte nicht eine Fanfare auf sein Lebenswerk
2917 1343 3045 1395 an,
573 1349 1713 1434 den lächerlich, der sie mit Vergnügen anhört. Ich strebe als¬
1765 1374 2884 1440 anstimmen. Fanfaren sind lärmend und leer. Aber ich
2920 1380 3008 1434 mich
579 1410 1183 1492 nicht, den Wienern zu gefallen.
1771 1425 2881 1522 kenne keinen Poeten, der Oesterreich und dessen Anmut¬
2923 1428 3020 1486 nicht
679 1425 1729 1522 Wenn ich dennoch meine Dankbarkeit gegen Wien
2914 1477 3048 1531 melde
1768 1480 2114 1562 verkörpert wie er.
576 1489 1729 1571 äußere, geschieht es aus ruhigem Gefühl, nicht in der
2911 1522 3039 1580 Es is
579 1550 1732 1619 Hoffnung, von den Wienern gern gesehen zu werden. Im
2914 1565 3048 1638 ist spi¬
579 1595 1722 1662 Laufe eines Lebens von dreiundachtzig Jahren bin ich über¬
2914 1613 3054 1674 ein
2138 1550 2523 1701 Eheglück.
585 1644 1729 1716 haupt nur dreimal in Wien gewesen, jedesmal eine Woche
2920 1662 3032 1719 das
588 1695 1729 1768 oder zwei. Von einer gründlichen Kenntnis kann also über¬
2211 1686 2456 1780 Ein Gespräch.
2920 1704 3057 1768 erlau¬
588 1744 1095 1823 haupt nicht die Rede sein.
2920 1756 3060 1823 herzlie
2111 1762 2544 1859 Von Hermann Bahr.
685 1756 1738 1853 Aber Wien übt einen Zauber aus, und Zauber hat mit
2929 1804 3042 1868 zu so
579 1841 1277 1923 gründlicher Kenntnis nichts zu tun.
2926 1853 3039 1907 dem
1865 1832 2899 1923 „Nach meinen Erfahrungen, schloß der Hagestolz, als
685 1865 1735 1965 Ich habe noch den Johann Strauß gekannt, den Kom¬
2926 1892 3051 1947 heirat
1771 1904 2890 1974 wir ihn wieder einmal mit seiner Eheschen neckten, „nach
2929 1947 3011 2004 ist.
582 1938 1735 2008 ponisten der „Fledermaus", der die Walzer schrieb, welche
1768 1950 2905 2017 meinen Erfahrungen sind die schlechten Ehen relati noch
585 1995 1722 2056 den Namen Wiens in alle Herzen der tanzenden Jugend ein¬
1774 1989 3029 2065 immer die besten; nämlich wenn man's aushält." „Was meinstich
594 2029 1732 2114 schrieben. Seine Melodien waren echter als die Farbe seiner
2932 2035 3063 2105 zuerke
1771 2047 2587 2123 du mit schlechten Ehen?" fragte sein Neffe.
2929 2086 3066 2153 hat fi¬
585 2089 1550 2165 Haare. Sie waren echte Kunst und typische Kunst.
1853 2077 2899 2165 „Deine zum Beispiel." erwiderte der Oheim prompt
2942 2135 3054 2189 gard
691 2129 1738 2205 Und um von einem Extrem zum entgegengesetzten zu
1765 2138 2750 2214 Jener sagte lachend: „Ich wünsche mir keine bessere.
594 2183 1732 2265 springen, ich habe in Wien den tiefsten Eindruck von dem
1859 2168 3048 2253 „Mit vollem Recht", stimmte der Hagestolz zu. „Ich Liebe
2935 2232 3039 2280 ein
585 2223 1729 2302 Werke „Griechische Denker von Gomperz empfangen.
1774 2229 2911 2293 kenne keine bessere. Doch das ist es ja gerad Ihr seid seit
2938 2274 3051 2335 Sinn
1780 2271 2902 2347 sieben Jahren glücklichst verheiratet und worin besteht aber
597 2268 1729 2344 Wohl zwanzig Jahre hatte ich ein solches Werk vermißt,
2932 2323 3051 2381 Minn
594 2317 1735 2396 hoffte nicht, es jemals zu erleben. Ich war seit meinen
1777 2326 2902 2396 euer Glück? Darin, daß ihr euch in einem fort zankt's, Tag
1932 2362 3060 2432 Er hielt einen Augenblich ein, bevor er lachend fort¬
591 2362 1735 2438 ersten Jugendjahren ein fast fanatischer Verehrer griechischer
1771 2384 1901 2438 und -
2938 2417 3060 2471 kann,
603 2405 1738 2496 Philosophie, aber es plagte und peinigte mich, daß diese
1774 2408 2908 2487 fuhr: „No wie's bei der Nacht ist, weiß ich ja nicht, aber es
2938 2462 3057 2523 Gatti
600 2447 1738 2526 Philosophie nie der modernen Welt in klarer, einfacher
1774 2459 2914 2535 gehört viel Phantasie dazu, sich euch zwei beide friedlich auch
600 2499 1738 2575 Weise begreiflich gemacht wurde, daß die naturwissenschaft¬
2938 2511 3036 2569 und
1780 2499 2902 2569 nur nebeneinander schlafend vorzustellen. Am besten liegt
1774 2541 2908 2617 ihr doch immer... euch in den Harren! In Ehen dagegen,
597 2544 1735 2620 lichen, astronomischen, atomistischen Elemente des Griechen¬
1777 2602 2914 2660 wo man sich wohl fühlt, wo Behagen herrscht, wo der Mann
597 2593 1738 2669 tums den Modernen nie in leichtverständlichen Sätzen zu¬
2942 2602 3036 2656 Der
1774 2632 2914 2714 der Frau, die Frau dem Mann jeden Wunsch von den Augen
603 2644 1741 2714 gänglich gemacht, immer nur im fürchterlichen Professoren¬
2938 2644 3057 2711 Tafel
1774 2684 2905 2754 abliest, erfährt man dann immer, daß er sie betrügt, oder sie
597 2681 1741 2763 deutsch, der Allgemeinheit unverständlich, vorgetragen
2945 2699 3051 2754 Minn
600 2729 1738 2805 wurden. Und siehe da! Plötzlich lag der Anfang des
1783 2729 2905 2814 ihn oder beide einander. Ein Tropfen Untreue scheint das beste
2954 2747 3057 2808 schön
600 2775 1744 2854 Werbes „Griechische Denker“ vor mir, übertraf meine
2945 2793 3063 2851 wiede
1774 2793 2138 2872 Schmieröl der Ehe.
603 2820 1741 2899 kühnsten Hoffnungen, erfüllte meine Erwartungen, machte
1868 2790 2905 2914 „Ich verzichte darauf", sagte der Neffe kurz. „Mir ist
2948 2838 3060 2896 kom
606 2866 1735 2945 den ungelehrten Modernen die schwierigste Griechenwelt
1777 2878 2459 2948 meine Ehe schon ungeschmiert lieber
2942 2887 3078 2942 Heira
1865 2896 2914 2984 „Mir ja theoretisch auch versicherte der Oheim. „Aber
600 2914 1741 2993 durchsichtig. Was Fontenelle in dem Zeitraum von der
2945 2935 3069 2999 klang
1786 2948 2908 3045 praktisch: Wenn ich nicht durch meine Jahre schon jeder Ver¬
610 2966 1747 3036 Periode Voltaires für die Franzosen ausgerichtet hatte, ihnen
2954 2981 3069 3054 Spra¬
606 3002 1735 3084 die Naturwissenschaft und die Sternenkunde weltmännisch
1786 3011 2908 3087 suchung zur Heirat entrückt wäre, meiner Seel ich weiß nicht
1780 3057 2908 3133 ob ich das ungestörte Behagen einer durch gegenseitig un¬
603 3063 1744 3130 verständlich zu machen, das hat dies eine Werk „Griechische
2945 3057 3066 3160 Ohein
1777 3096 2914 3178 eingestanden zugebilligten Betrug erwärmten Ehe nicht boch
610 3096 1747 3175 Denker, ein echtes Wiener Werk, für die Oesterreicher und
603 3139 1744 3224 die Deutschen getan. Ich nenne es ein echtes Wiener Werk,
1783 3148 2917 3248 eigentlich den Unwettern einer Liebesheirat vorzuziehen die
2960 3151 3072 3233 und
603 3190 1747 3275 weil es voll tiefer Gelehrsamkeit ist, aber die Darstellung
1780 3208 2095 3287 Schwäche hätte.
2954 3224 3045 3281 das
1874 3211 2917 3336 „Treiben wir's," fragte der Neffe lächelnd, „treiben wir
606 3254 1416 3342 auch nicht eine Spur der Pedanterie zeigt.
1786 3293 2189 3381 denn wirklich so arg
710 3284 1747 3381 Das ist das Merkmal Oesterreichs und Wiens: keine
2951 3305 3063 3384 Auge
1880 3302 2920 3405 „Aerger!" versicherte der Alte. „Noch viel ärger! Ihr
606 3345 1747 3436 Pedanterie! Wie seinerzeit Metternich (mit all seinen Fehlern
2954 3366 3057 3424 bara
1792 3375 2920 3448 merkt es nur selber gar nicht. Ihr seid es schon so gewohnt
613 3390 1741 3469 ein wahrer Oesterreicher) sagte: nur kein Pathos,
2954 3412 3060 3472 eigen
1789 3421 2923 3493 Eine Liebe, die nicht fortwährend in Wut explodiert, könnt
606 3439 1750 3554 das wahre Motto Oesterreichs und besonders dasjenige von
2951 3460 3042 3512 nur,
1789 3475 2754 3563 ihr euch offenbar überhaupt gar nicht mehr vorstellen.
2963 3503 3066 3551 gera¬
610 3500 1161 3575 Wien: nur keine Pedanterie
1871 3490 2917 3587 „Darf ich bitten?" sagte da mit der gewohnten be¬
2960 3545 3048 3597 man
701 3515 1750 3612 Oesterreich hat die Eigenschaft, die den Deutschen trotz
1786 3548 2923 3633 leidigenden Höflichkeit der junge Dichter, der sich durch
2960 3587 3066 3642 beide
603 3578 1756 3669 all ihrer großen Eigenschaften, abgeht; die Grazie. Ja, für
1801 3600 2911 3675 sein Glück in der Wahl vergessener, im Zauber seine
2957 3633 3066 3697 Liebe
613 3627 1741 3709 mich ist das Oesterreich, das ich kenne und schätze, die in
1792 3645 2923 3727 Mundes zu neuer Lebenskraft erweckter Worte als Arbiter
619 3669 1747 3757 karnierte Grazie. Was ohne Grazie ist, kann tausend vor¬
1789 3688 2923 3769 aller geistigen Entscheidungen beglaubigt fühlte. Die Stille,
2960 3700 3069 3775 weni¬
619 3715 1759 3824 zügliche Eigenschaften haben, aber österreichisch ist es nicht.
1792 3733 2920 3821 die sogleich im Kreise der Horchenden entstand, schien ihm
2951 3772 3069 3863 war
713 3772 1759 3854 Ich kenne nur unvollkommen ihre Dichter. Ich rechne
1789 3778 2920 3869 noch nicht andachtsvoll genug und er wiederholte mit einer
616 3818 1753 3912 nicht erhabene Melancholiker, wie Lenau, oder herrliche
1795 3824 2926 3921 allen Hochmut weit überbietenden gereizten Bescheidenheit:
2957 3845 3063 3933 Gott
625 3866 1753 3960 politische Agitatoren, wie Moritz Hartmann, mit, denke nur
1792 3876 2929 3957 „Darf ich vielleicht bitten?“ Die Pause, tief in ehrfürchtiges
619 3909 1759 4000 an die neueren. Einige sind ja sehr ernsthaft, wie Beer¬
1795 3924 2923 4009 Schweigen gehüllt, dauerte lange. Dann begann er in
625 3957 1750 4039 Hoffmann, aber die beliebtesten, wie Hugo v. Hofmanns
622 3945 3060 4091 thal, sind sogar als Tragiker graziös, und der mir persönlich einem lässig lehrhaften, aus Herablassung etwas näselnden Unge
1798 4064 2929 4148 den Knien vor mir. Ist das der Dank für meine Treue?
2966 4100 3072 4167 mein
719 4106 1765 4179 Schauspieler. Ich pflege nicht so grob zu sprechen.
1798 4136 2156 4215 Für meine Liebe
719 4151 1765 4227 Schauspielerin. Du bist lächerlich. Ich klingelte,
1895 4145 2747 4249 Schauspielerin. Laß meinen Arm los.
