3344 4352
1135 270 1567 361 box 42/1
131 273 216 358 1
282 264 956 358 Miscellaneous
122 867 2403 1018 ople who think SUNDAY, SEPTEMBER 17, 1922 Business Telephone, Columbus 7000
2295 1103 2758 1246 OIR
1763 1149 2130 1237 TES
392 1038 1601 1240 MATE, DECLARES
2335 1246 2929 1416 Pacifism
1570 1263 2204 1428 Practical
122 1260 1473 1473 matist, Describes
2264 1402 2906 1476 and would stop wronging others.
1592 1413 2221 1487 hour for an ambulance which was
2269 1459 2909 1507 As I have said before, human
1590 1467 2215 1530 to fumigate her clothes in order
2275 1496 2918 1550 beings may become wiser, but
1598 1513 2215 1584 that she may not infect other
125 1445 1482 1584 rope?” Asks Master Mind
2266 1530 2810 1601 they will never grow better.
1592 1556 1738 1618 people.
2309 1544 2906 1615 "It is therefore the important
1632 1561 2227 1638 "When I went out of the house
2284 1610 2903 1664 task of intellectual leaders every¬
122 1564 1442 1675 an Before the War, The
1595 1615 2224 1686 a few minutes later, I noticed to
2284 1638 2935 1698 where to organize themselves and
1592 1664 2224 1715 my great amazement that the
2275 1692 2921 1735 start a campaign to enlighten
1601 1703 2224 1757 nurse entered a crowded street
134 1666 1320 1780 and Slaughter is Lost
2278 1720 2903 1777 the people that peace is in the
1604 1735 2227 1786 car, without having waited for
2284 1760 2912 1814 own interests that war will ruin
1601 1774 2230 1829 the ambulance. She had no
139 1766 1223 1857 ne World as Grown
2284 1797 2915 1868 them, while peace will bene¬
1604 1814 2235 1871 patience to wait fifteen minutes,
2286 1848 2397 1891 them.
1604 1854 2230 1905 and she went home by car with¬
2315 1848 2918 1937 Our conversation turned to his
1610 1891 2227 1956 out having taken the necessary
196 1840 859 1956 Human Life.
2289 1905 2912 1979 dramatic works. Suddenly he
1607 1931 2235 1982 précaution. She probably in¬
2284 1954 2412 2011 asked.
936 1922 1556 2011 that fifty thousand men had been
1610 1962 2227 2036 fected a number of people in that
247 1945 884 2036 thing is that people should have
2312 1956 2915 2045 How would you account for
933 2002 1556 2050 slain, and on the following morn¬
1607 2013 2036 2062 car with scariet feyer
245 2011 873 2059 the opportunity to work, undis
2289 2008 2918 2076 the fact that some of my plays
927 2036 1556 2082 ing the revised figures showed
1661 2030 2235 2102 "Here was a nurse who knew
247 2050 882 2104 turbed in peace; that they should
125 2022 210 2099 the
2292 2065 2915 2110 which were written twenty or
936 2070 1547 2124 that instead of it thousand
1615 2079 2227 2133 well the dangers of such conta¬
253 2084 884 2130 not interfere with others; that
2289 2096 2921 2156 twenty-five years ago are being
933 2116 1558 2164 there really were sity thousand
1615 2119 2244 2173 gion. She was intelligent and it
256 2116 879 2170 they should not destroy others;
2289 2141 2926 2193 produced only now? They seem
936 2150 1564 2201 casualties, did that difference dis¬
1618 2153 2235 2204 was her profession to look after
262 2158 884 2204 that they should not roh others.
2289 2181 2918 2244 to attract more attention now
933 2190 1564 2241 turb the people's sleep, or did it
1612 2193 2244 2244 patients, and be careful. But that
262 2195 879 2244 They must learn to realize that
2289 2215 2770 2272 than when I wrote them.
936 2218 1561 2289 affect their appetites? Not in the
1615 2227 2244 2289 did not matter to her. She went
262 2238 887 2278 war will affect that directly in
2326 2235 2966 2298 "Your works were at least a
936 2255 1564 2323 least. They went on eating, drink¬
1612 2269 2238 2323 into the crowded street car be¬
256 2264 882 2312 some way or other just as they
2295 2286 2923 2349 quarter of a century ahead of
1612 2306 2244 2357 cause the passengers were just
938 2303 1510 2366 ing and smoking their cigars.
259 2306 882 2375 believe war would affect the
2295 2323 2921 2377 their time," I answered. Only
990 2312 1573 2386 In fact, the men at the front
1612 2340 2241 2394 ordinary people whom he did
253 2340 691 2400 enemy, their neighbor.
2301 2357 2972 2414 now people are beginning to un¬
131 2278 225 2426 a
936 2377 1561 2429 hated the enemy less than the
1612 2383 2244 2446 not know. They were strangers
2298 2406 2932 2471 derstand and appreciate them
941 2409 1567 2471 people in the reare know that
1615 2417 2170 2480 to her, and she did not care.
333 2394 799 2491 Rejoining in Death
2295 2446 2420 2500 fully."
1675 2446 2247 2505 But if, for instance, she were
941 2446 1567 2508 at the front the men often fra¬
131 2463 216 2520 hem
2346 2454 2977 2531 When I mentioned "Reigen,
1615 2485 2241 2539 to learn that someone was in
296 2485 890 2554 Yesterday, while my daughter
944 2491 1561 2542 erized with the enemy, while
125 2511 208 2559 ser¬
2301 2514 2938 2571 his sex play which created a sen¬
1624 2520 2247 2574 fected in that car by her, and that
947 2528 1570 2582 the people in the rear hated the
264 2520 887 2585 was packing to go to the con¬
122 2551 213 2608 bor
2301 2557 2923 2613 sation last year in Berlin and
1612 2571 2247 2616 such person carried the disease to
953 2565 1564 2628 entend that
267 2585 893 2639 try, we found a batch of old news-
125 2594 213 2639 this
2309 2579 2963 2639 Vienna and which was at first
1627 2599 2249 2653 a child who happened to be a
944 2605 1567 2662 is continuing. And in certain
270 2625 896 2679 papers published during the war.
2303 2633 2943 2693 suppressed by the German cen¬
1627 2630 2249 2696 schoolmate of her own child, and
944 2642 1564 2696 places it is even encouraged de
2301 2667 2932 2739 sor, Schnitzler remarked
1618 2679 2252 2733 In that way infected her own
264 2667 896 2744 I looked at the headlines. The
947 2684 1570 2761 liberately fanned and spread ar¬
634 2707 893 2756 We Captured
1627 2704 2255 2761 child and her own child died as
2303 2704 2494 2764 modestly:
264 2713 483 2776 Battle of
947 2730 1115 2787 tifically.
131 2727 216 2793 love
2335 2719 2960 2793 Reigen is an ordinary play.
267 2747 893 2801 50,000 men. Tens of Thousands
1627 2744 2255 2795 a result of her recklessness and
122 2778 213 2830 ins
2309 2778 2935 2827 The dialogues were written more
1629 2781 2255 2835 neglect, then she would think and
259 2778 896 2830 lin. And the jubilation over
1066 2767 1459 2872 Careless of Life
2309 2818 2949 2866 than twenty-five years ago. When
125 2824 213 2869 and
267 2815 893 2875 each victory I remember how
1627 2821 2201 2886 act differently in the future.
2309 2855 2969 2903 this play of mine will long have
267 2861 893 2903 our people rejoiced when they
990 2864 1575 2921 recall a simple, quite uni¬
267 2895 899 2949 heard that thousands of Russians
2306 2892 2946 2943 been forgotten, the record of the
1729 2872 2147 2980 Benefits of Peace
953 2912 1578 2975 portant incident, but it is so char¬
273 2938 771 2994 were drowned in swamps.
2309 2932 2935 2986 Berlin trial connected with Rei¬
961 2955 1578 3023 acteristic that I will tell it to you.
310 2946 901 3026 "I was filled with terror as I
2309 2972 2946 3020 gen will live. The stenographie
136 2935 222 3020 ma.
1669 2969 2255 3048 "Of course, if such a thing hap¬
273 3000 899 3060 recalled all this. Of course, the
2306 3009 2949 3054 report of the testimony at that
128 3012 216 3060 sses.
961 3006 1575 3083 Some years ago my wife had scar¬
1641 3020 2255 3077 pened, people would say that it
270 3043 899 3094 other side did exactly the same.
136 3051 219 3097 that
2309 3048 2946 3100 trial is the most amazing satire
1638 3054 2252 3128 was an unusual case, a rare coin
958 3051 1584 3114 let feyer. We had a nurse who
276 3085 899 3128 They too, rejoiced when hun-
2309 3083 2935 3131 of our time. The four or five
136 3088 222 3148 love
1632 3097 2252 3154 cidence. But if people were to
953 3100 1578 3157 attended her. The nurse was very
273 3120 904 3168 dreds of thousands of our people
2306 3122 2955 3168 figures that revealed themselves
1635 3125 2252 3185 figure things ont logically they
941 3142 1578 3219 correct, devoted, efficient and in
276 3159 904 3208 were slaughtered. And I recalled
2312 3157 2955 3211 in that extraordinary document,
134 3142 216 3211 that
1641 3165 2255 3222 would find that the wrong they
961 3191 1132 3248 telligent.
276 3196 904 3245 with horror the indifference with
2312 3196 2938 3248 are types of hypocris that the
136 3205 219 3250 they
1635 3205 2255 3259 do to others in some way or othe
992 3213 1590 3279 When my wife recovered and
134 3242 225 3287 er
2312 3230 2969 3299 greatest of satirists could hardly
279 3236 907 3302 which people afterwards read
1638 3239 2266 3302 necessarily reacts on themselves
958 3245 1590 3313 the nurse was to leave, she had
2318 3267 2997 3341 have invented or improved upon
267 3276 651 3330 about those battles
1638 3282 2269 3356 they would understand that,
958 3302 1590 3378 to wait about a quarter of an
316 3293 910 3378 When, for instance, they read
122 3307 228 3378 tant
2309 3395 2949 3472 its rulers and suffers their will
2315 3435 2994 3506 patiently. Thus is the teaching
964 3341 1792 3575 PEMBERT
2306 3495 2958 3580 of Westminster and the law
259 3361 899 3577 By MAX
964 3543 1331 3620 tich Publicie.
