3392 4256
1202 252 1628 362 box 42/2
348 258 1017 388 Miscellaneous
1106 655 2358 759 JOURNAL ET LISTE DES ETRANGERS DE TERMATT
2899 666 3064 779 No 11
475 820 1703 921 Es gibt wirklich nur wenige Dichter, die internatio¬
1807 820 3122 918 um sich auf eine unmondäne Insel zu flüchten, den
382 875 1700 999 nal so rasch begriffen und erfasst worden sind wie er
1804 918 3113 988 Zweck dieser bestrickenden Bergeswelt, den Sinn dieser
391 970 1700 1054 Aber diess ist eben ein Kriterium der echten Dichter,
1804 985 3113 1083 in ihrer Daseins-Primitivität so zufriedenen Menschen
382 1040 1697 1130 dass sie nicht einem bestimmten Lande, einer bestimm¬
1801 1060 3111 1135 zu studieren und zu ergründen — oder um in die Al¬
385 1109 1700 1185 ten Zeit angehören dürfen. Ihre Stimme reicht über
1816 1121 3111 1208 pensymphonie des Wallis zu lauschen, und dieses edle
385 1173 1703 1254 Raum und Zeit hinweg. Sie haben wie Arthur Schnitzler
1810 1193 3096 1274 Stück Natur durch sein grosses Temperament bin -
382 1251 1700 1318 die Sendung, den Gruss ihrer weltumspannenden Liebe
1807 1260 3116 1355 durch zu sehen und zu erkennen??? Wer vermag es
379 1303 1689 1416 zum Schönen und Wahren in jedes Menschenherz ge¬
1801 1318 2149 1408 zu sagen???
388 1382 825 1480 langen zu lassen.
1885 1396 3119 1477 Eines aber bleibt gewiss : Die Tage von Zermatt
1801 1468 3116 1570 werden in ihm fortleben, ein Abglanz ihres Zaubers
1801 1541 2604 1625 wird in seine Seele geglitten sein.
472 1515 1700 1633 Ein kleiner Querschnitt aus des Dichters grosser
1883 1593 3113 1686 Sie werden einmal in einer seiner Schöpfungen als
382 1599 1697 1712 Gedankenwelt: Worin besteht das gebrechliche Glück
1799 1671 3113 1773 Resonanz vibrieren oder zur letzten künstlerischen Ver¬
385 1689 1689 1773 des menschlichen Lebens? In der Erkenntnis der Wahr¬
1799 1735 2615 1813 dichtung und Vision emporreifen.
382 1761 1706 1851 heit, dass die Grenzen zwischen Geist und Sinnlichkeit
1883 1758 3119 1900 Nicht zum Abschiede, sondern zum Wiederschen
391 1839 1700 1943 bei jedem Menschen von der Liebe verbunden und ge¬
1799 1868 2638 1987 reichen wir ihm freudig die Hand !
388 1903 820 2010 trennt werden...“
1885 1940 2601 2071 Zermatt, den 22. August 1926.
2754 1926 3021 2080 A. HENB.
472 2022 1706 2140 Somit ist der Name Arthur Schnitzlers in das
379 2132 1703 2239 Schicksalsbuch Zermatt eingetragen. Kam er hieher,
1014 2265 1121 2311 —.—
1289 2424 1535 2711 1
1773 2543 2465 2714 D
1506 2679 2960 2835 Chemin de fer électrique depuis
1883 2804 2552 2966 Loche C. F. F.
1746 2937 2722 3087 ALTITUDE 1411 METRES
2010 3108 2870 3200 de votre séjour en Valais pour visiter
1596 3119 2873 3252 Profitez les célèbres sources thermales (1)
1561 3235 2870 3365 de la Société des Hôtels et Bains de
1868 3360 2575 3519 LOCHE
2172 3539 2882 3641 (3003 m.) à 3 h. de Coche
1561 3559 2882 3716 le Torrenthor es ans, dénommé le Rich¬
1558 3661 2662 3759 du Valais, offre un panorama des plus étendus.
1706 3800 2746 3936 On se rend en 5 heures de
1558 3916 2867 4032 Loche à Kandersteg par le gran¬
1567 3988 2861 4127 diose passage de la Gemmi (2349 m.)
637 4029 1382 4147 Les gorges de la Dale près de leche
