3344 4352
182 291 273 418 1.
1178 265 1614 400 box 42/2
745 280 1000 415 s
327 265 724 418 Miscelle
360 1069 985 1193 Dr. Max Goldschmidt
364 1160 985 1287 Büro für Zeitungsausschnitte
196 1200 455 1305 BERLINNA
727 1229 1145 1320 Telefon Norden 3051
502 1338 829 1422 Ausschnitt aus:
222 1360 1124 1527 Dresdner Neueste Nachrichten
495 1527 916 1727 11. Nov. 1926
1280 1713 2538 1891 Die Dichter=Akademie
1244 3316 2567 3404 Dichter und Schriftsteller, die zur Mitgliedschaft eingeladen wurden
651 3331 3156 3458 Obere Reihe: Hermann Sudermann, Max Halbe, Hugo v. Hofmannsthal, Hermann Hesse, Heinrich Mann, Wilhelm Schmidtbonn.
738 3418 3065 3498 Untere Reihe: Bernhard Kellermann, Ricarda Huch, Jakob Wassermann, Arthur Schnitzler, Hermann Bahr, Emil Strauß.
389 3433 3309 3567 Die neue Sektion für Dichtkunst an der preußischen Akademie der Künste beschäftigte sich in ihrer ersten Arbeitssitzung mit der Frage der Ergänzung
389 3516 3305 3633 Sektion durch neue Mitglieder. Wie verlautet, sind bereits an mehrere Persönlichkeiten Einladungen zur Mitgliedschaft ergangen. Die offizielle
924 3556 2985 3644 öffentlichung der neuen Mitgliederliste wird erst erfolgen, wenn die ministerielle Bestätigung gegeben ist.
