3392 4352
228 288 1057 395 1. Miscellaneous
1229 298 1653 392 box 42/1
2455 781 2658 867 Seite 19
1622 805 1956 870 20. April 1924
1357 856 2688 940 er für geht man zu Bett, und weite Straßenzüge in den Vorstädten sind
1355 924 2690 1001 ie be¬ vollkommen menschenleer. Am Sonntagabend geht man natürlich
1357 979 2693 1042 immen, ins Kino oder zu Volkssängern, am Dienstag und Freitag genießt
1360 1025 2690 1086 fach, man im Sommer „klassische Musik", die von einer Musikkapelle
1362 1078 2690 1141 t des auf einem öffentlichen Platz der wichtigsten Stadtviertel aus¬
1355 1120 2690 1180 1 hier geführt wird. Man hat, wenn man nicht die Worte der Um¬
1372 1171 2693 1238 Ver- stehenden anhört, den Eindruck, in einer kleinen deutschen Provinz¬
1360 1226 1461 1290 irklich
1491 1229 1783 1292 stadt zu weilen.
1590 1258 2698 1333 Nur in ganz flüchtigen Strichen sollte der Charakter der
1369 1277 1461 1331 dann
1357 1313 2695 1384 endlich Pariser Vorstädte umrissen werden, und diese Schilderung hat
1491 1364 2698 1430 bloß den Zweck, eine rasche Aufklärung über das wahre Paris zu
1381 1374 1461 1427 ver¬
1488 1416 2702 1476 geben, damit die Reisenden, die kaum die Oberfläche der Stadt
1364 1461 2695 1522 ihnen streifen, nach ihrer Rückkehr in die Heimat nicht falsche Vor¬
1364 1496 2700 1565 heure stellungen erwecken, die den Tatsachen nicht entsprechen. Es ist
1357 1549 2697 1617 immer vor dem Kriege viel gesündigt worden, weil man in Deutschland
1491 1599 2704 1665 nur allzu oft Berichten glauben schenkte, die nicht in die Tiefe
1355 1611 1459 1670 leich
1367 1648 2705 1706 über der Dinge gedrungen waren. Auch jetzt kann man wieder, da
1372 1708 2704 1771 dabei und dort, Schilderungen lesen, die nur von sehr
2622 1748 2702 1806 den
2462 1748 2566 1805 Wer
2169 1743 2423 1810 ausgehen.
1367 1755 2097 1817 , die unzureichenden Betrachtungen
1488 1791 2681 1849 Dichter will verstehen, muß in Dichters Lande gehen.
1360 1839 2697 1910 s an= Wer die Franzosen kennen und erkennen will, darf sich nicht damit
1360 1891 2700 1949 eltend begnügen, die Argentinier, Kanadier und Holländer zu betrachten,
1360 1944 2366 2004 ennen die sich in den Luxusnachtlokalen umhertreiben.
1360 1995 1473 2053 heim¬
1367 2046 1473 2101 Auto¬
1367 2087 1474 2152 ch die
1629 2094 2576 2206 Komödie der Errungen.
1360 2138 1473 2200 chuhe,
1362 2189 1473 2244 teeb in
2050 2188 2145 2247 Von
1355 2235 1476 2295 druck
1978 2222 2215 2327 Leo Feld.
1360 2281 1479 2334 t der
1607 2286 2710 2377 Man erweist mir seit einiger Zeit die Ehre, mich mit
1352 2327 1466 2395 Paris
1503 2358 2705 2423 Artur Schnitzler zu verwechseln. Auf der Straße, im Theater,
1367 2377 1473 2429 and die
1357 2406 2705 2481 eichlich auf der Elektrischen — es passiert mir fortwährend. Man spricht
1364 2462 2717 2535 steckten mich mit seinem Namen an, man grüßt, blickt, tuschelt, kurz man
1503 2501 2710 2576 benimmt sich gegen mich, als ob ich der berühmte Dichter der
1360 2527 1464 2576 nen
1510 2566 1810 2629 „Liebelei" wäre,
1355 2569 1481 2630 Heimat
1611 2564 2705 2671 Das ist eine Auszeichnung, vielleicht sogar eine Schmeichelei,
1360 2612 1478 2676 muß
1367 2663 2341 2721 luttes aber sicherlich kein Vergnügen. Wirklich nicht.
1616 2671 2705 2768 Es ist nicht angenehm, wenn man den Leuten immer
1500 2736 2709 2797 wieder versichern muß, daß man nur mit sich selbst identisch
2584 2785 2712 2852 Einem
1500 2785 2523 2862 ist. Dieses „nur ist besonders unsympathisch.
1360 2838 2714 2901 chieden Minister macht es vielleicht Spaß, wenn man ihn für seinen
1357 2882 2712 2961 rselben Hofrat hält. Aber der Hofrat fährt unweigerlich zusammen, wenn
1507 2944 2712 3005 ein schmeichlerisches „Exzellenz", seine subalternen Ohren um¬
1357 2950 1479 3007 auf
1507 2988 1636 3066 flüstert.
1352 2998 1473 3059 Gefühl
1617 2996 2714 3099 Dabei ist es weder Artur Schnitzler noch mir, noch irgend
1396 3046 1478 3104 sind,
1510 3087 2712 3150 jemandem, der uns genau kennt, jemals klar geworden, warum
1360 3093 1476 3151 emein¬
1510 3122 2704 3187 uns die Leute verwechseln. Schnitzler hat wundervolle blaue Augen,
1381 3143 1478 3202 Plan
1512 3172 2715 3238 schönes, ach, noch so blondes Haar, ein ausgesprochen französisch
1367 3194 1481 3255 iemals
1507 3216 2715 3288 konturiertes Gesicht — es ist rätselhaft, daß sich die Leute da
1355 3236 1479 3306 ir alle
1507 3262 2715 3333 auf eine Aehnlichkeit kaprizieren. Ich kann es mir nur mit dem
1360 3328 2717 3403 häuser begreiflichen Wunsche erklären, daß sie mit einem Schnitzler
1500 3374 1985 3436 nicht genug haben wollen.
1619 3414 2709 3490 Immerhin, bis vor kurzem konnte man sich solche Unfälle
1367 3429 1486 3488 in die
1512 3475 2714 3538 gefallen lassen. Sie waren nicht gar so aufregend. Es war aller¬
1357 3473 1481 3536 hat es
1510 3514 2717 3580 dings nicht sehr angenehm für den Dichter, wenn er plötzlich
1357 3522 1479 3585 wie
1357 3579 2724 3643 ttelbar von der Volksoper angerufen wurde, was er von der Direktion
1500 3613 2715 3677 wünsche und er sich absolut nicht entsinnen konnte, jemals
1386 3657 2714 3723 fehlte etwas von ihr gewünscht zu haben. Er konnte freilich nicht
1374 3703 2717 3774 sich in wissen, daß ich in den Vormittagsstunden desselben Tages den
1364 3754 2709 3837 he Be¬ Direktor Markowsky vergebens gesucht hatte, weil ich ihn für
1381 3798 2715 3854 durch einen Freund interessieren wollte. Noch verdrießlicher mag es ihm
1365 3844 2710 3912 unächst gewesen sein, als er eines Tages aus Schärding, einem lieben,
1381 3897 2715 3962 Masse verrunzelten Städchen am Inn, einen vorwurfsvollen Brief
1372 3950 2715 4018 te den erhielt, es sei nicht schön von ihm, daß er einmal in einen so
1372 3994 2724 4069 halten weltfernen Winkel verschlagen, für seine alten Freunde dort nicht
1364 4043 2712 4096 e man eine Viertelstunde übrig habe. Was wußte ich, als ich den ein¬
1515 4086 2715 4164 samen Platz der Stadt durchquerte, daß mich hinter den ge¬
1381 4098 1486 4159 dafür
1364 4144 2498 4205 ignete, schlossenen Fensterläden grollende Blicke verfolgten —
