3392 4384
1210 339 1635 449 box 42/1
370 339 1032 453 Miscellaneous
805 1084 1341 1199 ten
701 1158 1445 1315 und
326 1239 557 1404 .
607 1348 922 1461 Nr. 10.023
1335 1382 1536 1476 Sonntag
723 1468 1840 1551 Frank Wedekind — ein diabolischer Platzagent, der der
599 1515 1843 1627 Kultur ein Offert unterbreitete, wie sie sich am besten aufhängen
601 1562 750 1635 könnte.
723 1625 1837 1701 Seine Haltung war: Subordination der Tollwut, Satanismus,
602 1655 1840 1755 habtachtgestellt vor dem guten Ton. Ja — er hatte ein Faible
606 1712 1842 1798 für bürgerliche Tracht und Sitte. Aber aus purem Schuld¬
606 1765 1842 1845 bewußtsein. Er fürchtete sonst als Täter alles dessen erkannt zu
607 1815 1832 1909 werden, was er seine Helden für sich begehen ließ. Und war doch
599 1850 806 1923 der Täter.
676 1936 1765 2046 Karl Kraus: ein leuchtender Saphir an Nietzsches Krone.
714 2011 1837 2086 (Moritz Gottlieb Saphir, geboren 1795 zu Budapest, gestorben
599 2050 1831 2152 1858 zu Wien, Subjekt des berühmten Satzes: „... hat ge¬
593 2097 943 2181 pflegt zu sagen.")
709 2210 1818 2292 Der Fanatiker, der Stiefsohn Gottes, der wider die väter¬
588 2245 1821 2347 liche Hand schlägt, weil sie ihn nicht streichelt — und damit sie
598 2294 828 2369 ihn streichle.
712 2331 1846 2436 Wie glänzend paßt dazu, daß der Marquis von Casti
588 2391 1823 2488 Piani zwei Sekunden vor seinem Tode sich im Stuhl aufrichtet:
593 2444 1853 2541 „Man muß den hohen Herrn doch stehend empfangen. Dem
590 2486 1283 2571 hohen Herrn war ja alles zugedacht!
701 2599 1603 2722 Georg Kaiser: oder Sudermann als Tiefstapler.
690 2720 1809 2838 Kennt man noch das Drama des Goethe=Freundes Klinger:
577 2781 1801 2874 „Der Hauslehrer"? Darin kastriert sich der Held, der einen Ein¬
577 2833 1806 2919 bruch in die bürgerliche Moral versucht hat, am Schluß selber.
580 2871 1807 2970 Es ist der genialste und symbolischste Akt. Der Hauslehrer, der
574 2923 1801 3021 sich kastriert, und Karl Herman, der sich erhängt, sie sind identische
576 2976 1796 3070 Gegenpole. Zwischen beiden ist die Tiefebene der deutschen Moral.
687 3095 1802 3203 Artur Schnitzler oder: post coitum omne animal est
569 3128 1051 3230 typisch wienerisch-graziös.
679 3263 1696 3354 Dr. Karl Schönherr — ordiniert täglich von 2 bis 3.
2253 507 2888 623 unberechnet
2137 609 2822 737 Neuenberg
2421 711 2733 839 Hamburg
2427 885 2855 1024 APR.
1997 1217 3032 1310 ein Telegrammwechsel. Eine lustige Geschichte von
1942 1282 3028 1348 Arthur Schnitzler und Hugo von Hofmannsthal
1939 1330 3028 1387 wird in „Ueber Land und Meer erzählt. Hofmannsthal be¬
1953 1371 3032 1428 sucht seinen Freund Schnitter in Ischl, und dieser bittet ihn,
1944 1409 3036 1473 da er ja sowieso nach Salzburg komme, ihm Karten für die
1953 1456 3040 1511 Salzburger Festspiele zu besorgen und diese in einem Hotel
1953 1487 3036 1556 zu hinterlegen. Es vergeht einige Zeit, während der Schnitzer
1950 1533 3034 1589 nicht mehr an die Sache denkt. Da bekommt er eines Tages
1953 1564 3036 1636 ein Telegramm: „Sitz besorgt, Hotel Gurope. Hofmanns¬
1973 1600 3039 1658 hat.“ Schnitzler grübelt und grübelt darüber nach, was wohl
1956 1644 3039 1701 dieses Telegramm bedeuten könne, und drahtet schließlich
1959 1686 3036 1746 zurück: „Warum sitzet du besorgt im Hotel Europe
1953 1733 2152 1809 Erben
2400 2650 3109 2789 „unberechnet
2157 2709 2439 2843 Täglich
2477 2734 2861 2847 Rundschau
2516 2828 2758 2921 Berlin
2441 2919 2838 3039 MAI
2408 3285 2670 3393 Allerlei
2254 3392 2806 3498 Ein Telegrammwechsel.
2003 3470 3105 3527 Eine lustige Geschichte von Arthur Schnitzler und
1942 3509 3094 3566 Hugo v. Hofmannsthal wird in „Reder Land und Meer
1939 3558 3101 3610 erzählt. Hofmannsthal besucht seinen Freund Schnitzler in Ischl,
1933 3603 3111 3649 und dieser bittet ihn, da er ja sowieso nach Salzburg komme, ihm
1933 3640 3112 3685 Karten für die Salzburger Festspiele zu besorgen und diese in
1942 3680 3105 3727 einem Hotel zu hinterlegen. Es vergeht einige Zeit, während
1939 3718 3106 3763 der Schnitzler nicht mehr an die Sache denkt. Da bekommt er
1942 3754 3105 3801 eines Tages ein Telegramm: „Sitze besorgt Hotel Europe. Hof¬
1942 3793 3109 3839 mannsthal. Schnitzler grübelt und grübelt darüber nach, was
1942 3836 3109 3897 wohl dieses Telegramm bedeuten könne und drahtet schließlich
1933 3870 3100 3950 zück: „Warum sitzest Du besorgt in Hotel Europe? Schnitzler.
