3392 4384
1176 307 1604 416 box 42/2
169 316 990 425 1. Miscellaneous
2479 841 2665 961 Seite 30.
1718 858 2045 944 12. April 1925
691 875 1357 944 Neue Freie Presse.
1584 952 2714 1018 beobachten und um seine Beobachtungen gleich die Phantasie
313 964 1558 1036 daß bald, wenn irgend möglich, sogleich. Der Autor kam an
1586 1007 2708 1079 weben zu lassen, war die tägliche Unterhaltung Meilhacs.
422 1013 1558 1102 dem festgesetzten Tag zur bestimmten Stunde. „Da ist Ihr
1675 1053 2711 1107 Wie er jetzt vor mir steht, Meilhac, dieser eingefleischte
427 1061 1552 1122 Manuskript," sagte ihm Sardou, „ich habe meine Be¬
307 1070 396 1142 egte
1592 1102 2711 1150 Pariser, der mit allen seinen Gewohnheiten hier wurzelte — er
425 1104 1549 1162 merkungen hineingeschrieben. Bitte, lesen Sie sie zu Hause
1589 1139 2714 1196 ist ein Stück von Paris, und er ist ein Poet. Seine kleine Muse
425 1153 1541 1208 durch." Sehr erwartungsvoll, sehr unruhig brach der Be¬
1589 1191 2708 1245 ist immer um ihn. Sie hat ein keckes Gassenjungengesicht,
436 1193 1552 1262 sucher rasch die Unterhaltung ab. Kaum war er draußen,
310 1211 393 1288 inte¬
1606 1236 2711 1300 spitzt die Nase in die Luft, und das macht ihn lachen. Sie
425 1242 1549 1300 wendete er die Blätter seines ersten Aktes um und las die
1595 1279 2714 1348 freut sich, daß ihr Näschen so lustig und nicht von klassisch¬
433 1291 1549 1345 Randbemerkungen: „Unklar..., überflüssig . . . unver¬
1606 1331 2714 1394 griechischer Form ist. Meilhac nimmt sie überallhin mit,
737 1328 1552 1397 zu breit . . ., schwerfällig . . . Wieder¬
433 1343 706 1403 ständlich ...
1606 1374 2711 1429 seine kleine Muse, denn sie ist neugierig und will alles
433 1374 1552 1437 holung", und plötzlich fand er ganz oben auf einem Blättchen
1609 1414 2720 1475 sehen. Sie begleitet ihn in das Hippodrom, in die Folies¬
430 1426 1549 1503 diese Notiz: „Hier ergreift der letzte Zuschauer die Flucht,
1589 1466 2720 1520 Bergères, in den Zirkus. Sie setzt sich zu ihm in den kleinen
427 1475 1191 1532 wenn er es nicht schon vorher getan hat¬
1598 1512 2717 1563 Wagen, den alle Pariser kennen und den sie mit einer ein
525 1489 1549 1578 Gewiß suchte Sardou niemandem Schmerz zu bereiten,
316 1495 399 1581 haft
1589 1558 2720 1612 bißchen affektierten Grazie, wenn er vorüberfährt, grüßen.
430 1549 1555 1632 seine Güte leuchtete in seinen schrecklichsten Zornesausbrüchen
1598 1612 2722 1664 Wahrhaftig, wenn alle Musen wüßten, daß ihnen ein so an¬
425 1606 1549 1661 auf, doch seine Aufrichtigkeit wirkte wieder seiner wohl¬
1604 1647 2720 1713 genehmes Los beschieden wäre wie dieser kleinen, es gäbe
1033 1652 1552 1707 Seine Gutmütigkeit mußte
318 1652 404 1718 um
430 1661 990 1713 wollenden Wärme entgegen.
1592 1698 2169 1770 viel mehr, als nur die neun
425 1698 1555 1761 manchen listigen Kampf mit der Ursprünglichkeit seines
1693 1730 2737 1825 Meilhac führte ein häuslich zurückgezogenes Leben. Er
433 1759 886 1825 Temperaments bestehen.
1606 1776 2722 1856 schrieb seine Komödien auf einem kleinen Mosaiktischchen
528 1764 1561 1847 Kein Zweiter besaß in einem so vollkommenen Grade
1604 1833 2734 1893 und er bediente sich goldener Federn. Dies schien ihm sehr
433 1825 1555 1896 die Gabe, die Vergangenheit wieder aufleben zu lassen. Ich
1595 1879 2725 1939 amusant, weil die Goldfeder, wenn sie stockt, ärgerlich knarrt,
430 1876 1561 1939 kenne eine rührende und zugleich unendlich liebenswürdige
430 1925 1566 1991 Geschichte, die das erweist — von ihm und von seinen
1598 1928 2731 1991 wie du selbst, der Autor, wenn dir nichts mehr einfällt
430 1974 1566 2034 Kindern. Sie waren damals noch sehr jung und begleiteten
313 1988 402 2045 ind¬
1687 1988 2731 2043 Nach Tisch liebte er ein Spielchen: Ecarté zog er vor.
439 2020 1558 2080 ihn auf seinen Spaziergängen. Sie hatten oft ihren Vater
1598 2031 2728 2083 Elf Runden wurden gemacht, niemals eine mehr, niemals eine
327 2066 1561 2131 der über Ludwig XIV. reden hören, als wäre er ein glänzender,
1595 2077 2731 2134 weniger. Er spielte nur um kleine Einsätze und war ein
439 2111 1529 2175 prunkliebender Nachbar. „Ludwig XIV. . . .", hörten
1606 2117 2731 2183 schlechter, aber ein ehrgeiziger Spieler. Verlor er, so war das
318 2123 410 2186 nem
436 2154 1466 2235 ihn sagen, „tut dies . . . Ludwig XIV. . . . tut das
1609 2166 2731 2229 schlechte Blatt daran schuld, gewann er, so war es durch seine
318 2177 402 2238 bei
531 2180 1561 2261 Eines Tages kommt Philippe Gille zu Besuch. Man
1606 2215 2737 2278 Geschicklichkeit. Er war auch ein Freund des Billards. Selbst
436 2240 1561 2309 macht einen gemeinsamen Spaziergang durch die Alleen
1606 2258 2731 2324 hier konnte er über eine Niederlage heftig in Zorn geraten.
318 2269 402 2324 ten
439 2289 1558 2358 von Marly zum Wald hin. „Hier waren einmal," sagte
1606 2306 2737 2370 Ich war dabei, wie er einmal eine Partie im Hause einer be¬
436 2341 1566 2410 plötzlich Sardou zu Gille, „wundervolle Hagenbuchengänge,
1615 2352 2740 2421 freundeten Familie verlor. Plötzlich hörte man Schreie der Wut
318 2364 402 2418 eine
436 2387 1397 2456 die man entfernte, seit Ludwig XIV. gestorben ist.
1606 2415 2740 2464 und der Verzweiflung. „Das ist Herr Meilhac," sagte einer der
525 2421 1563 2493 Der Tag neigte sich, und die Spaziergänger kehrten
1604 2450 2737 2510 Gäste, „er ruft eben den Himmel zum Zeugen an, daß noch ne¬
433 2479 1566 2542 heim. Man setzte sich zu Tisch, aber die Kinder kamen nicht.
1609 2493 2743 2568 jemand solches Pech gehabt habe". — „Ich werde," versichert
436 2527 1561 2593 Man ging sie suchen. Man fand sie endlich, in Tränen auf¬
1604 2553 2740 2611 er, „wenn dieses Pech nicht aufhört, meinem Leben ein Ende
321 2553 407 2613 um
445 2573 1575 2642 gelöst, und sie erklärten schluchzend, sie würden heute nicht
1604 2590 2737 2651 machen.“ Meilhac tobt weiter, und als die Dame des Hauses,
445 2616 1558 2685 zu Mittag essen. Man fragte sie nach dem Grund ihres
1604 2639 2737 2699 der er ungemein sympathisch ist, ihm heimlich zuflüstert:
439 2674 1010 2754 Kummers und sie erwiderten:
1604 2682 2737 2757 „Sie machen sich lächerlich, lieber Meilhac, ruft er laut:
531 2688 1563 2806 „Nun ja ... ja ... weil... weil Ludwig XIV. ge-
1604 2728 2734 2791 „Natürlich mach ich mich lächerlich, und ich lege Wert darauf,
445 2760 651 2843 storben ist.
1609 2777 2745 2846 daß man es öffentlich erfahre. Alle lächerlichen Figuren in
531 2783 1566 2863 Dieser Erfolg, den Victorien Sardou damals gewann,
1604 2834 2711 2903 meinen Stücken habe ich nach einem Modell geformt¬
436 2852 1454 2949 ist, glaube ich, der schönste seines Lebens gewesen....
318 2866 407 2935 Die
1604 2874 2071 2946 nämlich nach mir selbst.
1695 2883 2743 2986 Niemals hat ein Lustspieldichter eine freimütigere Ant¬
316 2920 407 2986 ihm
1609 2949 2754 3061 wort gefunden. Dieses Wortes hätte sich Molière nicht
534 2946 1572 3044 Durchaus verschieden von ihm, war Henry Meilhac,
1618 3021 1934 3098 schämen müssen.
445 3027 1575 3087 der gemeinsam mit Ludovic Halévy seine phantasievoll
2048 3024 2717 3127 (Deutsch von Paul Wertheimer.)
318 3064 407 3124 im
445 3072 1566 3136 leichten Stücke schrieb, die bei aller Phantastik voll be¬
445 3115 1575 3176 obachteter lebensechter Figuren sind. Henry Meilhac war
316 3153 404 3227 g
445 3156 1575 3224 ein ironischer Gemütsmensch, wie ich ihn nennen möchte.
318 3207 404 3265 und
459 3207 1578 3268 Ich sehe noch sein gutes Gesicht, auf dem Heiterkeit in
2068 3187 2321 3319 Wien.
445 3250 1578 3319 Melancholie hinüberspielte, ein Schauspiel, das uns die
324 3296 410 3354 em.
456 3305 1228 3368 wahren Menschenbeobachter oft gewähren.
1971 3302 2404 3402 Von Georg Brandes.
542 3316 1578 3405 Meilhac liebte die Gesellschaft, die große Welt
450 3391 1575 3451 keineswegs. In der Stadt zu speisen, war ihm ein Greuel.
1707 3391 2754 3477 Schon zur Zeit, wo Oesterreich, mit Ungarn verbunden,
445 3434 1575 3497 und nur seinen intimsten Freunden brachte er dieses Opfer¬
1624 3442 2748 3511 groß und mächtig sich entfaltete, war Wien im Grunde eine
459 3483 1575 3549 Frau Aubernon, diese vortreffliche Dame, hatte von dieser
1621 3506 2743 3586 Insel. Wieviel mehr jetzt, wo Oesterreich, so viel kleiner ge¬
450 3526 1581 3586 Abneigung erfahren. Da sie ihn nun zufällig eines Tages
1621 3554 2083 3629 worden, isoliert dasteht
456 3566 1575 3638 traf, machte sie ihm Vorwürfe: „Ist es wahr, Herr Meilhac
333 3569 416 3649 ink
1710 3566 2745 3652 Enthusiasmus ist ein Juwel, das wenige zu tragen ver¬
450 3617 1575 3678 was man mir erzählt? Sie wollen nicht zu mir auf einen
1621 3626 2745 3695 mögen. Die meisten nehmen sich noch einmal so schäbig und
450 3663 1584 3732 Besuch kommen und erklären überall, daß die Abende bei
1624 3681 2748 3749 lumpig aus als Enthusiasten. Enthusiasmus ist auch nicht
453 3709 1575 3772 mir tödlich langweilig sind?" Worauf Meilhac einfach er¬
1621 3727 2745 3795 mein Fach. Aber ich kann nicht ohne Unwahrheit verleugnen,
453 3752 1575 3818 widerte: „Jawohl, gnädige Frau, so ist es. Aber diese Tat
1624 3775 2602 3867 daß Wien mir immer Enthusiasmus eingeflößt hat.
459 3804 1394 3881 sache war nicht für die Oeffentlichkeit bestimmt!
1713 3798 2751 3893 Aus Wien habe ich nur eine Fülle der schönsten Er¬
545 3830 1589 3907 Meilhac zog es vor, im Restaurant zu speisen. Da
1629 3861 2754 3936 innerungen, und immer sind mir aus dieser Stadt schöne
450 3893 1584 3956 konnte man selbst den Ort, das Menu, die Gesellschaft
1629 3927 2022 4005 Eindrücke zugeströmt
450 3945 1584 3999 wählen. Am liebsten aber nahm er seine Mahlzeit allein und
1716 3942 2760 4028 Jeder meiner Leser weiß mehr über Wien als ich, und
450 3988 1589 4045 betrachtete dabei die Gäste an den anderen Tischen — nach
1627 4008 2748 4082 ich setze mich dem Verdacht aus, durch eine Captatio bene¬
456 4033 1586 4094 dem Gesicht und dem Gehaben machte er sich von jedem
1627 4056 2760 4122 volentiae jetzt bei meiner Ankunft in der Stadt mir Wohl¬
450 4076 1584 4140 einzelnen ein Bild von dem Leben, das er wohl führen
450 4099 2751 4194 mochte, von den Liebhabereien, die ihn wohl erfüllten. Zu wollen gewinnen zu wollen. Das kann aber nur von der Seite
