3436 4384
1187 308 1611 410 box 42/1
334 325 1003 410 Miscellaneous
594 1255 1146 1355 Dr. Max Goldschmidt
544 1316 1187 1404 Büro für Zeitungsausschnitte
903 1353 1338 1421 Telefon: Norden 3051
375 1390 643 1457 BERLIN N4
387 1427 1345 1527 Ausschnitt aus: Hannoverscher Anzeiger
761 1527 1109 1649 22. Nov. 1924
390 1625 1294 1714 Das deutsche Drama der Gegenwart seien.
342 1665 1299 1751 vierten Vortrag schloß Julius Bab an Hugo von
345 1696 1297 1789 Hofmannsthal an, den er als einen Fortsetzer der
350 1733 1299 1821 alten deutschen Romantik bezeichnete, die von Wien
342 1766 1296 1855 aus einsetzt. Kleinen Naturen sei diese Neuroman¬
342 1800 1295 1883 tik gefährlich geworden. Vollmöller und Max Rein¬
357 1829 1293 1923 hardt arten in rein sinnliche Ausstattungsstücke aus
353 1862 1297 1959 Ernst Hardt zeigt eine markierte Melancholie und
353 1897 1299 1987 bringt Gestalten der Gudrunsage auf die Bühne, die
363 1942 1304 2022 mit ganz modernen Gefühlen keinen Hörer ergreifen,
359 1967 1307 2082 deren Seelenstimmung nur Pose ist. Auch Schnitzlers
353 2004 1312 2093 Technik wird nachgeahmt, und so hat sich die ora¬
365 2032 1302 2125 matische Kunst in 20 Jahren gewissermaßen im
359 2066 1313 2163 Kreise gedreht. Der ganze naturalistische Fortschritt
360 2100 1307 2192 ware verloren gewesen, wenn die Entwicklung ein¬
369 2130 1318 2232 zelner Richtungen in der Poesie sich ablöste. Es sei
369 2175 1322 2256 aber in Wirklichkeit so, daß verschiedene Richtungen
365 2204 1317 2294 immer nebeneinander hergehen und sich untereinan¬
375 2238 1323 2333 der verschieben und einzelne wieder in den Vorder¬
365 2267 1312 2372 grund traten. Richard Dehmel leistet Bedeutendes
373 2298 1322 2397 als Lyriker, versagt aber im Drama. Paul Ernst
381 2340 1322 2432 schilderte der Vortragende als verbissenen Theore¬
377 2373 1334 2469 tiker, radikal in jeder Hinsicht, aber tiefer als Arno
379 2403 1325 2497 Holz, grausig konsequent, aber nach wenigen Jahren
385 2436 1322 2529 radikal in entgegengesetzter Richtung wirkend, in¬
396 2472 1338 2563 dem er Dramen in altgriechischem Sinne versucht.
390 2509 1333 2616 Aus dem Sozialisten ist ein Aristokrat geworden.
391 2539 1338 2633 In seinen Dramen Canossa und Brunhild geht der
396 2571 1340 2667 Naturalismus schon in Expressionismus über. An
393 2607 1342 2699 Paul Ernst schließt sich die neu=klassische Schule an:
396 2640 1338 2733 Walter Harden als Komödiendichter und der Nie¬
397 2676 1338 2766 derdeutsche Hans Frank. Sie erinnern an Hebbel,
397 2716 1341 2805 der am Jahrhundertende wieder lebendig wird.
392 2743 1346 2854 Hans Brandt, und besonders Frank Wedekind, brin¬
411 2777 1352 2866 gen den Menschen wieder als Kraft auf die Bühne.
402 2810 1340 2901 Wedekind aber den Menschen als physische Kraft, an
408 2843 1348 2937 die er glaubt. Bei Wedekind ist das einzig Wahre
408 2881 1350 2971 im Menschen seine Sinnlichkeit und das feruelle
411 2912 1352 3004 Prinzip ist bei ihm das Ideal, der körperlich befrie¬
418 2951 1356 3042 digte Mensch. Sein Frühlingserwachen zeigt den
407 2987 1357 3079 Kampf des ganz jungen Menschen und sein Stre¬
411 3011 1363 3106 ben, sich sexuell zu befreien. Dieses Thema beim
419 3050 1358 3144 ganz jungen Menschen sei Wedekind meisterhaft ge¬
416 3083 1392 3182 lungen, aber beim Erwachsenen hore sein Verständ¬
416 3127 1368 3223 nis auf. Der „Erdgeist, in dem der kämpfende
431 3203 1375 3280 Mensch auftritt, werde noch lange leben. Hermann
443 3241 1372 3323 Ollenberg sei ein begabter Dichter, ebenso Wilhelm
448 3272 1372 3354 Schmidt=Bonn, der den Kampf zwischen Vater und
441 3301 1374 3377 Sohn in neuer Art darstelle, und Karl Sternheim.
441 3337 1373 3411 der die negative Seite von Wedekinds Kunst übe
441 3375 1380 3448 und in satirischer Weise den Kampf mit der Vergan¬
443 3405 1381 3482 genheit aufnehme. Ein unbegreifliches Talent sei
443 3443 1384 3511 Georg Kaiser in seiner wunderbaren Vielseitigkeit.
436 3470 1374 3560 die ihn in den Stand setzte, in 12 Jahren 20 Stücke
443 3516 1384 3581 zu schreiben, die gar keine Aehnlichkeit untereinan¬
447 3538 1391 3611 der haben. Er sei ein ganz kal er Mensch mit rasen¬
443 3579 1387 3650 dem Spieltrieb und habe für alles Sinn und Auge
443 3611 1392 3681 und Ohr, sehr talentvoll, aber kein Herz, keine
433 3653 1158 3755 Fähigkeit des Empfindens für andere.
1625 1391 1768 1488 61
1823 1471 2438 1554 Dr. Max Goldschmidt
1823 1539 2430 1605 Büro für Zeitungsausschnitte
2191 1582 2602 1634 Telefon: Norden 3051
1647 1580 1902 1642 BERLIN N 4
1998 1716 2377 1810 de Frage
2202 1773 2486 1875 29
1747 1829 2051 1904 other sehe.
1742 1902 2344 1992 Sie haben sich nicht geändert.
1802 1955 2623 2042 Zu den charakteristischen Eigenschaften der
1747 2037 2627 2099 Franzosen gehört, daß sie alle Vorgänge im Aus¬
1751 2091 2634 2146 land einfach negieren. Die französischen Schrift¬
1751 2119 2628 2202 steller, Maler, Bildhauer, Schauspieler, sie alle
1751 2169 2634 2258 kennen nur ihre französischen Kollegen. So war
1754 2224 2520 2285 es vor dem Kriege und so ist es noch heute.
1815 2277 2627 2352 Ein Pariser Berichterstatter des Neuen
1754 2322 2628 2384 Wiener Journal hat Sacha Guitry besucht, den
1754 2377 2630 2436 Schauspieler, Theaterdirektor und Dramatiker,
1753 2424 2630 2499 den beliebtesten Lustspieldichter von Paris. Es ent¬
1760 2478 2279 2555 wickelte sich folgender Dialog:
1815 2508 2633 2614 „Haben Sie bekannte, Freunde, in den deutsch¬
1756 2580 2139 2652 sprechenden Ländern,
1815 2607 2637 2688 „Persönlich kenne ich niemanden. Ich habe viel
1760 2674 2636 2733 Schönes von Monsieur Reinhardt gehört,
1766 2736 2637 2790 aber persönlich kenne ich ihn nicht. Die Dramen
1758 2776 2642 2844 Monsieur Schnitzlers habe ich mit Freuden
1764 2840 2644 2889 gelesen, weder über kenne ich ihn auch nicht. Von
1764 2880 2644 2942 den Deutschen kenne ich niemanden. Auch Mon¬
1772 2924 2644 2994 sieur Moissi und Monsieur Wegener nicht,
1766 2982 2187 3061 die ich sehr hoch schätze:
1823 3030 2637 3093 „Kennen Sie jemand von den deutschen Schrift
1778 3079 2216 3153 stellern und Regisseuren?"
1823 3134 2187 3203 „Leider niemanden."
1823 3181 2332 3243 „Vielleicht Georg Kaiser?"
1823 3235 2078 3304 „Wer ist das?
1829 3264 2202 3349 „Leopold Jeßner?
1829 3333 2100 3399 „Wer ist das?"
1833 3385 2207 3457 „Von den Russen?"
1835 3422 2651 3492 „Niemanden. Aber entschuldigen Sie
1770 3476 2645 3533 mein Herr, wenn meine Antworten heute nicht er¬
1778 3534 2651 3599 schöpfend sind... Bitte, schreiben Sie Ihre Fragen
1771 3583 2647 3664 auf und ich verspreche Ihnen, daß Sie morgen mit
1777 3640 2256 3717 mir zufrieden sein werden."
