3392 4352
2041 111 2610 187 .
892 111 1758 179 Geschichte, Landschaft, Bauten, Kunst
2200 152 2727 196 leenband mit Goldruck K 0.0
1970 172 2980 229 Dieses Buch, das Hunderttausende englische Kinder
911 172 1734 227 Starker Quartband mit zahlreichen alten Stichen u.
1967 212 2986 260 entzückt hat, wird jetzt das Lieblingsbuch der deutschen
908 217 1734 293 zehn zum Teil farbigen Original Steinzeichnungen
2334 244 2619 296 Kinder werden.
1126 254 1534 301 von LUGI KASIMIK.
173 215 703 322 ERMEIERZEIT
911 286 1543 336 Luxusausgabe in Leder, mit Bildermappe,
2131 271 2817 346 Kleine Sesam-Bücher
175 304 396 358 che Billet von
968 284 1737 364 Jedes Blatt vom Künstler steuert... K 960.000
1969 336 2977 397 bringen hervorragen le Werke der Weltliteratur in vorzügl. Ausstattung.
176 334 703 405 AUL DE KOCK u. a.
920 349 1740 403 la Halbleder oder Halbpergament, signiert K 300 000
2248 378 2709 432 jeder Band 1000 Kronen
1567 382 1737 432 K 100 000
181 396 342 441 tionen vor
920 390 1206 439 In Halblehnen. . .
1329 423 1407 459 —
2033 409 2942 473 Die bester Geschenkwerke für Bescherungen in
188 394 706 489 VICTOR ADAM u. a.
921 435 1737 504 Verlag Ingo Heller & Cie. (Bukum A.-G.)
2125 458 2853 498 Schulen, Waisenhäusern, Spitälern etc.
179 468 676 527 her des 19. Jahrhunderts. Kultur¬
2331 488 2995 530 Verlangen Sie ausführliche Verzeichnisse vom
1060 485 1615 549 Wien, I., Bauernmarkt 3.
1973 491 2268 542 Ueberall erhältlich!
169 507 539 567 and voll Geist und Wil.
2018 527 2965 578 Gesam-Verlag, Wien, I., Wallfischgasse 10.
391 530 674 590 Hld. K 120.000.
169 567 710 632 EN PRAG • LEPIC
2456 670 3019 719 Ein gehaltsvolles Geschenk bildet die
2462 706 2703 745 schöne Pelle
1017 694 1660 766 Hervorragendes Geschenkwerk!
2468 709 3025 771 der Weiterate Amor und Psyche
2024 728 2425 771 Es ist zweifellos ein
176 707 710 795 esellschaft m. b. H.
2471 759 3016 793 von Apenteins. Uebersetzung von Dr.
1967 759 2422 807 Verdienst Dr. Engels, diese
477 768 688 840 MUNCHEN.
2462 789 3019 843 Engel. Mit 32 reizenden Stichen nach
1967 796 2419 829 anmutige Erzehlung auf
802 752 1856 858 Baukunst und Landschaft
188 784 286 853 U:
1975 819 2428 855 ben zu lassen und sie
2638 820 2852 892 Raffael:
1970 847 2422 886 der Vergessenheit zu ent¬
1976 876 2434 912 reisen. An dem reizenden
1150 832 1522 920 in China.
2471 874 3027 917 ferner die französische Ausgabe
1976 906 2428 941 Büchl in mit dem silber
181 846 712 953 FARINE
2468 909 3025 944 in derselben Ausstattung geb. K 24.000,
1078 908 1600 963 Von ERNST BOERSCHMANN.
1976 930 2428 969 Umschlag wird jeder, der
2471 938 3027 977 geschmackvoll in Silberbrotatpapier
802 920 1863 1028 Mit 288 ganz seitigen Abbildungen in Kupfertiendruck. Schöner Ganzleinen¬
1979 960 2431 1001 es erwirbt, eine aufrich¬
184 945 477 1011 alten Meistern.
2474 966 3025 1005 geb. Halbleinen K 36.00. Portofrei
1221 983 1455 1028 bond K 2000.
1976 984 2315 1037 tige Freude haben.
2474 992 3019 1032 gegen Voreinsendung oder Nachnahme.
173 981 709 1058 häldcharakter. Originalgrösse.
819 1008 1859 1072 Gilhofer & Ranschburg. Kun-buchhandlung, Wien, I.,
2471 1022 3031 1118 und
1108 1054 1567 1099 negasse 2. Telephon 63233.
185 1049 689 1109 handlungen erhältlich.
1991 1112 3076 1210 Wien, I., Wipplingerstrasse 3
2316 1181 2909 1279 (Eingang Stoss im Himple).
787 1178 1999 1309 „Altes Rathaus
185 1195 725 1311 a
1947 1336 3075 1403 und Werk ist das „Silberband der Donau“ geschlungen und,
780 1338 1914 1425 dem Tod glüht wieder ein letztes Mal das gesteigerte Leben:
591 1362 712 1431 „Gustl
175 1356 552 1442 Mädel am Arm -
1958 1388 3073 1454 farbig genug, Augarten und Bastei; aus Raimund rauschen
780 1404 1875 1476 aus einer sterbenden Stadt („Der Schleier der Beatrice")
182 1413 739 1484 mal Leutnant gewesen, gleich
1949 1434 3070 1493 die Wälder von Gutenstein; aber aus Artur Schnitzler grüßen
783 1449 1904 1513 einer sterbenden Zeit („Der grüne Kakadu"); aus Menschen,
191 1466 737 1531 stl, in dem sich ironisch das
1944 1479 3079 1540 diese Hügel, schlägt die Goldammer des Wienerwaldes. Hier,
783 1507 1907 1559 die dem Tod verfallen sind („Der Ruf des Lebens", „Die
182 1507 734 1574 piegelt. Dieses Herrchen mit
1946 1523 3082 1597 aus diesem Winkel des Wienertums, blüht sein Werk am
783 1552 1908 1621 letzten Masken"). Oder in einer Frau, der schon das Sterben
206 1550 734 1625 jede Weiblichkeit verstehend
1944 1570 3081 1639 echtesten auf, hier zwischen den grünen Torbogen des Dörf¬
784 1597 1913 1669 bestimmt schien, hebt, wieder zum Leben befreiend, jenes
200 1600 736 1659 wie aus unzeitgemäßer Er¬
1955 1618 3085 1686 chens unten, den alten Brunnen, den Heurigenblischen hier,
784 1640 1913 1701 wohlbekannte Rauschen des Blutes an („Frau Berta
182 1639 733 1717 ante Lächeln des „Anatol.
1952 1665 3088 1725 wo das Volkhafte — durch die Natur — immer noch einen
789 1693 1919 1756 Galan"). Oder es kreisen Leben und Tod eines Gefühles
188 1696 740 1758 heimfahrende Casanova wieder
1955 1717 3081 1797 Schimmer des Geistigen, das Geistige einen Schimmer des
784 1732 1904 1797 ineinander („Zwischenspiel"). Oder es leuchtet aus großen,
197 1741 739 1804 sicht selbst unter der Maske
1949 1768 2327 1829 Volkhaften bewahrt.
792 1780 1905 1868 gestorbenen Worten noch einmal scheinlebendig trügerisch auf
181 1783 740 1860 se ziehen sie heute über den
2039 1788 3087 1860 Und da ich jetzt meinen Weg entlang heimwärts schreite
789 1836 1228 1908 „Komödie der Worte
194 1839 480 1907 fesche Figuren.
1958 1850 3087 1910 und noch einmal seines Dichters denke und seiner Zukunft
874 1881 1916 1952 Aus diesem Friedhof, um den es schnitzlerisch weht,
197 1871 743 1960 jetzt weht mich ein Hauch der
1958 1896 3085 1958 in diesem Lande, steigt wieder ein Schatten von den Zypressen
796 1929 1910 1994 sucht jetzt der Blick — da die Sonne jäh den Schleier durch¬
182 1940 739 2014 Ausgang des Sommerhaiden¬
1952 1940 3087 1997 auf. Ist er nicht heute, wie dieser Weg, nicht bereits ein
790 1978 1917 2042 brochen — lichtere Gärten. Ja, Gärten sind überall, sie
194 1982 740 2042 ein Bild des Gekreuzigten,
1955 1987 3090 2051 Stück Vergangenheit? Aber nein, getrost — nur in diesem
796 2029 1919 2093 schimmern von der Stadt herüber, und viele Gärten sind in
185 2026 742 2104 Rosmarinkränzel. Ein blinder
1955 2032 3090 2096 alten Wien, zu dem Artur Schnitzler gehört, lebt die Gewähr
790 2065 1916 2137 dieses Dichters Werk. (Darum ist ein Duft des Lyrischen
179 2077 743 2139 einem älteren, dort mit der
1958 2081 3082 2139 unserer Dauer, wie dieses Wien selbst nur noch hier zwischen
784 2124 1923 2185 über ihm, wie es über Schönherr von seinen Bergen
182 2115 743 2184 das Würgen über die Welt
3012 2127 3090 2182 wie
1961 2127 2968 2187 diesen Hügeln lebt, den Ausläufern des Wienerwaldes
790 2161 1923 2229 dramatisch gewittert.) Dort hinter St. Stephan ... der
179 2166 748 2235 über die Biegung in die grüne
1955 2166 3094 2238 Schnitzler in letzter, des Endes bewußter heiter melancholischer
792 2209 1916 2277 Stadtpark, der junge Lobheimer und die Christine, sie haben
227 2215 743 2277 warum ich vor den beiden
1955 2220 3082 2279 Klang dieser Heimat ist, ein Ausläufer Grillparzers und
224 2262 751 2328 seinen Bruder denken muß,
796 2256 1917 2333 gewiß von dem schmiedeisernen Gitterhäuschen zugesehen,
1961 2264 2998 2328 Raimunds und der Beginn eines noch ungewissen Neuen.
242 2301 746 2387 auch eine Seele blind und
784 2309 1920 2397 wie die Schwäne — zeitlos wie das Gefühl, das jetzt durch
1955 2322 3087 2378 wird er wohl, gleich diesem Weg, bestehen bleiben. Ich stelle
238 2349 749 2414 Sie ereignet sich auf dem
1958 2366 3099 2422 mir vor, daß einmal aus der „Liebelei künftigen Geschlechtern
796 2354 1528 2426 diese Jugend zog — dahingeglitten . . .
188 2399 752 2470 höhe, aber etwas von den
1961 2405 3096 2462 eine zarte Erinnerung steigen wird, wie sie für uns jetzt aus
883 2384 1923 2470 Später hat es ihn dann in die Cottagegärten gelockt,
182 2447 749 2518 lege hier oder unten im Dorf
1970 2452 3093 2516 Schuberts Liedern steigt, und daß man den Herrn von Sala
793 2453 1928 2518 wo die Menschen spekulativer sind — auch über die Seele,
196 2494 671 2580 ist irgendwie doch darin.
1966 2494 3097 2580 wie ein fernes, verblaßtes Ahnenbild, nicht ohne leise Trauer,
799 2510 1920 2572 das „weite Land". Und über diese neuen Pfade flogen, von
1964 2545 2354 2622 betrachten wird....
799 2554 1923 2614 einem anderen Friedhof herüber, wo Theodor Herzl begraben
343 2548 745 2634 stärker weht er jetzt
178 2558 299 2628 fut
2053 2569 3091 2661 Nein, die Schatten des Vergänglichen, sie dürfen und
799 2599 1922 2658 ist, Schatten aus seines Volkes Vergangenheit und sie ver¬
194 2601 752 2673 den Zypre des Friedhofes,
1961 2647 3099 2700 nicht schrecken, gedenkt man des feinsten Künstlers in dem
799 2638 1928 2720 dichteten sich zu diesen schmerzlich ironischen und zweifelnd
223 2653 751 2723 mit mildem Ernst bewacht.
1967 2683 3097 2748 derb gewordenen Oesterreich von heute. Und ist es ein Wunder
796 2688 1925 2753 aufbegehrenden Gestalten um den „Wegs Freie. Aber
184 2676 756 2769 t man, hat Artur Schnitzer
1978 2730 3100 2789 — eines dieser telepathischen Wunder, die Artur Schnitzler
795 2733 1923 2799 da sind andere Gärten in seinem Werk, Wiener Vorstadt¬
182 2736 751 2804 sizziert. Von hier hat er oft
1976 2789 3099 2852 gern beschreibt — er, der in den Traum wie in den Tag ge¬
802 2783 1923 2861 gärten, durch die verschwiegene Menschlichkeiten, Trauer¬
182 2780 748 2850 überschaut, die spitzen Kirchen,
1973 2825 3088 2885 schaut — da kommt er selbst des Weges: trotz der beginnenden
176 2829 754 2905 des Praters blinken — ja,
811 2823 1928 2903 spiele zwischen Sohn und Mutter, dunkeln. Und ein Garten
1970 2869 3106 2929 Sechzig mit diesem vom Tempement dirigierten Schritt —
176 2882 759 2941 d überlebendige, marionetten¬
805 2872 1928 2950 mit einem Teich, in den eine stolz Enttäuschte gleitet, und
1967 2912 3097 2986 gedrungene Kraft bei aller Zartheit — und mit diesem klaren
176 2929 748 2986 ele — die Seele Wiens viel¬
805 2924 1928 2987 ein Garten rauscht — in Bologna sollen mir glauben —
1970 2960 3001 3040 Blick — melancholisch-heiter in den Kern der Dinge:
176 2963 752 3046 nte. Solches bedenkend, will
796 2978 1925 3037 in dem die süße Beatrice dem Dichter Philippo Loschi ihren
2203 3013 2813 3076 Tiefsinn hat nie ein Ding erhellt;
197 3016 759 3087 niederlassen. Aber da sitzt ein
810 3028 1151 3102 Traum bekannte;
2197 3057 2825 3142 Klarsinn schaut tiefer in die Welt.
176 3061 759 3142 ersichtlich poitrinärer Herr und
923 3067 1652 3135 Warst du nicht, Beatrice, nur ein Kind,
176 3112 763 3179 se wohl — das um ihn sorgend
932 3115 1669 3185 Das mit der Krone spielte, weil sie glänzte
181 3160 760 3230 Felix aus dem „Sterben", der
929 3170 1741 3243 Mit eines Dichters Seel, weil sie voll Rätsel-
2203 3171 2881 3276 Volks- und Jugendbücher.
176 3206 772 3281 te, aus dem, bevor er blut¬
895 3212 1943 3303 Blüht er nicht, blühen diese Gärten nicht alle irgendwo
236 3254 763 3326 Flamme eines letzten Be¬
2060 3267 3099 3329 Vilhjamur Stefansson, der geniale und kühne,
811 3290 1943 3361 um diesen Weg Ist nicht dort auf der Höhe hinter diesem
187 3305 748 3374 sem Friedhof hier, an dem -
1976 3306 3097 3377 erfolgreiche und vielgefeierte Polarfahrer, hat die Schilderung
814 3338 1935 3406 galanten Lustschlößchen von einst ein verschollener Garten
182 3346 765 3415 liebte Jugend an diesem ver¬
1981 3358 3097 3433 seiner fünfjährigen Reisen im höchsten Norden und die Er¬
868 3371 1931 3434 Libellen spielen um den Weiher, die bourbonische Lilie
182 3398 771 3460 verliert, schlägt mir plötzlich
1973 3416 3105 3477 gebnisse seiner Forschungen im ewigen Eise in einem um¬
1442 3421 1937 3487 ist hier nicht der junge
811 3434 1358 3501 ist in den Stein gegraben
176 3448 763 3507 ferisch-schwermütigen Schnitzler¬
1985 3445 3106 3514 fänglichen Buche jetzt der Allgemeinheit zugänglich gemacht.
808 3469 1938 3538 Medardus, unbesorgt um die klaffenden Hunde, zu der
182 3493 766 3567 enscherz des Todes ist dieses
1982 3495 3105 3561 Mit Recht nennt Stefansson dieses im Verlage von F. A.
817 3522 1449 3606 schönen, stolzen Helene gestürmt?
197 3541 766 3610 Lebensfülle hinein wie dieser
1982 3541 3094 3609 Brockhaus in Leipzig erschienene, reich ausgestattete
905 3559 1938 3639 Wirklich, dieser „Sommerhaidenweg“, an dessen Fuß
191 3580 763 3647 „Liebelei" in das Gezwitscher
1988 3604 3121 3660 zweibändige Werk „Länder der Zukunft“. Denn
814 3621 1940 3677 ich jetzt wohne, und dieser wienerisch-wahre, weiche Poet,
182 3645 771 3693 im „Vermächtnis der Todes¬
1973 3635 3111 3732 das belebte Neuland, das der zäh vordringende Gelehrte in
817 3656 1940 3756 sie gehören für mich zusammen. Um Grillparzers Wesen
179 3681 774 3770 der hinein geschieht. Und aus
