3344 4320
1198 238 1632 341 box 42/2
360 250 1032 345 Miscellaneous
264 686 803 762 Nr. 43/25. November 1920
1765 693 2330 796 M. Der Montag Morgen
643 893 2554 1015 Mein Streit mit Herrn Fehler
1320 996 1889 1089 Von Herbert Eulenberg
298 1060 1110 1134 Im Frühling dieses Jahres bestellte das preu¬
1158 1053 2039 1141 mich als Dichter zu finden. Von seiner Sym¬
2087 1048 2859 1139 rend der ganzen Generalprobe nachsinnen.
241 1127 1115 1182 ßische Ministerium des Innern bei mir ein Poli¬
2082 1136 2950 1182 wäre mir fast lieb gewesen, wenn er mich aus
1163 1134 2037 1179 pathie für meine übrigen Stücke zu reden, und
241 1177 1113 1227 geistück, das, wie man mir erklärt, aus Anlaß der
1163 1170 2037 1220 mir sein Bedauern über diesen nach seiner Mei¬
2082 1170 2866 1225 diesem seinem Hause hinausgewiesen hätte.
241 1220 1113 1270 großen Berliner Polizeiausstellung im Herbst zur
2094 1220 2866 1282 hätte so zeitgemäß gewirkt und so folgerecht
1163 1217 2042 1275 nung mißglückten Wurf auszudrücken „Und so
245 1267 1113 1315 Aufführung kommen soll. Und zwar unter der
2092 1265 2942 1310 Gegenwart gepaßt, wenn der Dichter aus den
1165 1265 2039 1320 weiter!“, wie Gerhart Hauptmann gewichtig sagen
236 1306 1115 1360 Voraussetzung, daß ich die Entwürfe Schillers, die
2087 1303 2950 1360 Bühnenhaus vertrieben und verbannt worden
1160 1310 2032 1363 würde. O heiliger Brahm, du warst zwar kein
2082 1351 2942 1401 wäre. Jedenfalls hätte es mir auch mehr Achtung
236 1356 1110 1408 er zu einem gewaltigen dramatischen Seelenge¬
1170 1348 2032 1401 Gemütsriese, aber mit welcher Zartheit würdest du
1163 1394 2037 1449 die Situation erhellt und beseelt haben! Herr
2092 1401 2952 1449 vor Herrn Jeßner eingeflößt, wenn er so rein sach¬
231 1396 1110 1451 mälde, betitelt „Die Polizey“, verfaßt hat, zur
1172 1444 2032 1499 Jeßner gibt kein Wort von sich, sondern weidet
2097 1444 2964 1489 lich und kalt gegen mich vorgegangen wäre, als
236 1441 1115 1511 Grundlage meines Stückes mache. Wohlverstan¬
2087 1487 2947 1537 daß er sich hinterher wieder heimlich hinter die
1177 1487 2037 1541 sich nur kalt lächelnd an meiner Zwangslage. Da
236 1489 1110 1541 den, dies war mein Auftrag, und ich sah mich
2087 1527 2954 1577 Presse machte, soweit er ihrer habhaft werden
1172 1530 2030 1584 reißt mir die Geduld angesichts dieser seiner glei¬
236 1532 1115 1582 an diesen geschichtlichen Stoff gebunden. Könnte
1177 1577 2037 1632 genden Miene. „Sie haben sich erbärmlich be¬
2087 1570 2961 1649 konnte, um sie erneut gegen mich und mein Stück
241 1577 1113 1625 also nicht völlig frei ins Moderne mich ergehen.
2094 1622 2950 1689 nach Kräften einzunehmen. „Exoriare aliquis
1172 1625 2039 1673 nommen!" brüll ich ihn auf der Bühne an.
245 1625 1113 1677 Aber da ich gerne nach Aufträgen arbeite, so
1170 1665 2044 1715 „Wer hat sich erbärmlich benommen?" fragt er
2094 1668 2952 1723 habe ich ihm noch auf der Bühne zugedonnert.
236 1663 1115 1723 war mir der vorgeschriebene Weg nicht unange¬
1163 1711 2037 1763 noch, weil er gar nicht ahnt, daß sich so etwas wie
2097 1711 2964 1761 Hoffentlich hat er's nicht für hebräisch gehalten.
245 1715 1113 1761 nehm, noch hinderlich. Ich vollende also unter
2094 1758 2954 1808 Aber statt müßig auf meinen Rächer zu warten,
1165 1758 2032 1806 ein Dichter einmal gegen einen allgewaltigen In¬
245 1754 1115 1806 Benutzung der Schillerschen Skizzen mein Stück in
2087 1804 2961 1849 will ich lieber schon selber heute meinen Aerger
1170 1804 2039 1854 tendanten erhoben kann. „Sie!“ wiederhole ich
243 1799 1115 1854 verhältnismäßig kurzer Zeit, was mich viel
2094 1839 2952 1892 über diese Entwürdigung in Tinte und Drucker¬
1172 1839 2039 1896 laut, und zeige mit meinem Hut in die Rich¬
243 1839 1113 1896 Schweiß und noch mehr Nervenschmalz gekostet
2094 1882 2952 1942 schwärze wegschwemmen. Handelt es sich ja doch
1172 1894 2039 1937 tung, wo er steht. Das Gesicht Nasos, seines
245 1894 1113 1942 hat, und liefere mein Werk noch vor der dafür
2094 1927 2961 1985 bei diesem Fall nicht allein um mich, sondern auch
1170 1937 2044 1985 Dramaturgen, der neben ihm auf der Bühne seines
245 1937 1113 1992 festgesetzten Frist ab. Der Tonschöpfer Reznicek,
2097 1970 2952 2032 um meine ganze Gilde, die sich heute fortgesetz
1177 1982 2044 2030 Spiellteramtes waltet, wird bleich. Nasos Nase
236 1982 1110 2044 ein streng wählerischer und krittliger Herr, mach
2094 2020 2954 2070 lakaienhaft behandelt und vor die Theatertüre ge¬
1170 2023 2044 2075 wird länger. Er sieht aus, wie ein vornehmes
236 2030 1120 2078 aufs angenehmste von dem Stück berührt, eine
2104 2068 2959 2123 setzt sieht. Und handelt es sich doch hierbei auch
1170 2066 2039 2123 Rassepferd, das seinen Herrn betrauert. „Aber,
245 2070 1113 2123 reizvolle und wirksame Bühnenmusik zu einem
2097 2113 2959 2161 darum, mit wie wenig Entgegenkommen man von
1175 2116 2042 2166 Herr Doktor!" beschwichtigt er mich: „Machen Sie
245 2118 1113 2192 Zwischenspiel, das in das Ganze von mir hinein¬
2099 2159 2954 2209 seiten der Theaterintendanz bei uns auf den sel¬
1170 2156 2042 2209 doch hier auf der Bühne keine Scene! Vor dem
245 2161 617 2235 geflochten worden ist.
2094 2201 2952 2249 tenen Entschluß eines unserer Ministerien, einmal
1182 2206 2037 2261 Personal!“ „Ich denke, es gibt kein Personal
298 2206 1120 2273 Das preußische Ministerium des Innern, das
2097 2249 2954 2294 etwas für die Kunst auszuwerfen, antwortet und
1172 2242 2044 2299 mehr in der Republik", erwidere ich. „Bitten Sie
248 2263 1120 2309 dies alles veranlaßt hat, wendet sich nun an Herrn
2094 2285 2959 2347 sich rührt. Das preußische Ministerium des In¬
1175 2294 2042 2349 doch Herrn Intendanten um eine Unterredung
241 2299 1115 2359 Jener als den Intendanten des Staatstheaters
2097 2337 2959 2387 nern wird jedenfalls nach diesen Erfahrungen mit
1170 2342 2042 2392 allein und unter vier Augen!“ redet mir Naso
241 2352 1120 2404 mit der Litte um die Aufführung des Stückes.
2099 2375 2954 2437 Herrn Jeßner so bald nicht wieder Lust verspüren.
1170 2378 2044 2447 gut zu. „Nun wohl! Ich bitte um diese Unter¬
245 2399 1108 2456 Jeßner konnte nun zweierlei tun. Zunächst wär¬
2094 2425 2964 2478 einem Künstler eine Festdichtung in Auftrag zu
1175 2428 1470 2497 redung. Sofort!
245 2437 1113 2490 es sein gutes Recht gewesen, zu erklären: „Nein
2094 2464 2950 2525 geben. Und wer könnte es ihm nach solchem Hin¬
1222 2442 2037 2525 Daraufhin erklärt Jener dem Vermittler:
245 2485 1113 2537 Die ganze Richtung Eulenbergs paßt mir nicht
2097 2509 2749 2566 tertreppenspiel auch weiter verdenken?
1172 2516 2039 2575 „Nein! Sagen Sie Herrn Doktor Eulenberg, er
245 2535 1125 2580 und dies sein Werk besonders nicht. Ich kann
1170 2566 2042 2616 würde mir mit Recht gleichfalls eine Aussprache
2149 2561 2959 2621 Es bleibt ein Jammer, daß durch den rohen,
243 2583 1117 2640 es nicht bringen.“ Dies hätte ihm, der ja nicht im
1172 2614 2039 2661 verweigern, wenn ich mich so in seinem Hause
2092 2599 2952 2664 bildungslosen Betrieb unserer heutigen Schau¬
245 2616 1115 2678 Untertanenverhältnis zum Ministerium des In¬
1170 2654 2030 2707 benommen hätte, wie er soeben in meinem Hause.
2094 2656 2961 2709 bühnen schließlich noch die letzten Poeten von
245 2666 1120 2716 nern steht, kein Mensch verarzt und verargen dür¬
1182 2702 2039 2757 Damit eilt er fort. Und ich kann ihm nur noch
2097 2702 2959 2759 diesen Stätten gedrängt werden, an denen bald
253 2714 1120 2771 fen. Sogar ich nicht einmal. Oder aber, wenn
1175 2749 2042 2799 nachrufen: „Wenn Sie sich in meiner Lage be¬
2097 2742 2959 2799 nur noch Macher und Schieber gedeihen. Es kann
243 2757 1122 2804 er das Stück annahm, so mußte er als Intendant
1175 2788 2042 2845 fänden, so dürften Sie sich gegen mich in meinem
2097 2792 2964 2845 leicht sein, daß die für das nächste Jahr geplante
241 2799 1122 2854 auch alles dafür tun, daß es so gut und schön wie
1177 2828 2037 2888 Hause ebenso aufführen, wie ich hier. So viel
2094 2835 2961 2892 große und umfassende Theaterausstellung in Mag¬
245 2842 936 2919 möglich an seinem Theater herauskam.
1175 2880 1949 2952 Temperament wie mir gestehe ich Ihnen zu.
2097 2883 2964 2933 deburg zugleich Ruhmes- wie Grabeshalle der
312 2890 1120 2959 Jenner tut nicht das eine noch das andere, son¬
2097 2921 2959 2978 Schaubühne, wie sie Schiller und die seines Stre¬
1227 2919 2039 2981 Aber er zieht sich scheu zurück. Und mir bleibt
245 2947 1125 3002 dern beginnt heimlich einen Krieg gegen den
2094 2964 2961 3023 bens sahen und sehen, werden kann, und daß vor
1177 2969 2044 3023 nichts übrig, als ihm durch seinen Dramaturgen,
243 2997 1122 3045 Dichter und sein Stück zu führen. Zunächst in¬
2099 3016 2961 3069 ihrem Eingangstor, unsichtbar für die Menge, aber
1175 3019 2042 3069 Dr. Naso, noch bestellen zu lassen, daß ich als
262 3040 1120 3097 zeniert er es nicht selbst, noch läßt er es von
1175 3062 2044 3109 deutscher Dichter jedes Theater, wenigstens vom
2099 3059 2961 3119 sichtbar jedem Dichter, die Worte prangen: „Hier
253 3078 1120 3140 seinen Spielleitern vorbereiten, sondern bestellt
2097 3107 2964 3159 ruht das deutsche Theater. Es starb an Roheit,
1175 3107 2044 3164 Vorhang an bis zur letzten Bühnenwand, auch als
248 3133 1122 3185 seinen Dramaturgen, Doktor Eckart von Naso,
2104 3154 2961 3221 Sachlichkeit, Dichterhaß, Politisiererei und anderen
1175 3157 2044 3204 mein Haus betrachte. „In meinem
248 3178 1122 3228 dazu, der das abendfüllende Werk auf die heute so
2094 3197 2542 3274 zeitgenössischen Gebrechen.
1177 3195 2044 3281 Hause!" Diesem Wort Jeßners mußte ich wäh¬
253 3221 1122 3293 beliebte Anderthalbstundenlänge, also fast auf ein
243 3271 803 3336 Einakterformat, zusammenpreßt.
303 3307 1127 3383 Dann besetzt Jeßner es nicht mit seinen ersten
248 3347 1127 3424 Kräften, sondern mit zweiten und dritten. Jeden¬
1267 3269 2921 3459 Erwiderung an Herrn Dr. Herbert Eulenberg
245 3417 1125 3474 falls nicht mit Premierenschauspieler. Herr
1825 3426 2337 3536 Von Leopold Jener
248 3455 1127 3512 Doktor von Naso, der sich übrigens als besserer
255 3505 1125 3559 Regisseur, denn als Dramaturg an dem Stück
2092 3514 2973 3576 befehligt war, hat seine Kräfte bis zum letzten in
243 3555 1125 3605 offenbart, und die übrigen Herrschaften, die tapfer
2097 3567 2966 3624 den Dienst einer Sache gestellt, die sicherlich nicht
1227 3548 2049 3626 Herr Dr. Herbert Eulenberg hält mich —
248 3593 1127 3643 und schön bei seiner Aufführung mitgeholfen haben,
2097 3607 2964 3669 dem eigenen Lorbeer — wohl aber einer festlichen
1182 3619 2049 3693 warum nur — für seinen Feind und für einen
253 3638 1125 3695 kennen mich zu gut, um nicht zu wissen, daß ich
2094 3655 2966 3712 Veranstaltung von allgemeinem Interesse galt. Des
1177 3664 1918 3717 Intriganten dazu. Der Gedanke ist frei.
248 3681 1122 3736 dies nicht anführe, um sie herunterzusetzen, son¬
2104 3700 2964 3755 Autors Wünsche, selbst wenn sie der (künstleri¬
1184 3705 2051 3767 kann daran — trotzdem ich weder des einen noch
253 3731 1125 3805 dern um nur Jeßners Verhalten mir gegenüber
2106 3745 2966 3800 schen) Meinung der Leitung und Regie zuwider¬
1177 3755 2049 3807 des anderen mir bewußt bin — leider nichts an¬
253 3776 476 3853 zu enthüllen.
2094 3791 2964 3848 liefen, wurden im Sinne des besonderen Charak¬
1182 3800 2044 3860 dern. Aber sachlich muß ich einiges richtig¬
2094 3836 2964 3893 ters der Aufführung erfüllt. Und wenn der „hohe
305 3807 1115 3895 Ich erscheine zu den letzten Dähnenproben
1184 3843 1294 3905 stellen.
2106 3879 2964 3934 Herr Jntendant dem Dialog einige schärfere
253 3876 1122 3934 Wenn ich der kleinste, unbedeutendste Anfänger ge¬
1234 3872 2049 3948 Ich konnte — sagt Dr. Eulenberg — sein Fest¬
2099 3931 2969 3991 Schlaglichter aufgesetzt wünschte, so wollte er da¬
248 3924 1127 3976 wesen wäre, so hätte der Jntendant jetzt ein Wort
1177 3934 2044 4000 spiel „Die beste Polizei ablehnen. Anderenfalls
2094 3962 2961 4024 mit gewiß nicht „Rembrandt" und „Kokoschka
264 3964 1122 4022 finden müssen, mir sein sonderbares feindseliges
1184 3984 2051 4038 mußte ich es gut aufführen. Letzteres geschah.
2094 4012 2966 4067 vermengen — und seine „Stillosigkeiten hätten
255 4017 1122 4067 Verhalten zu erklären. In Frankreich und Eng¬
1184 4022 2051 4105 Erstere Behauptung aber verschiebt die sachliche
2104 4057 2966 4112 sich lediglich auf der Linie bewegt, die der Autor
253 4057 1120 4112 land wäre ein solches verschwiegenen, verbitterte
1182 4076 1289 4138 Basis.
2104 4100 2971 4155 selbst vorgezeichnet hatte. Uebrigens sprach mir
248 4105 1127 4155 Benehmen, wie er es mir gegenüber beliebte, schon
1227 4096 2054 4169 Ich habe das Stück von vornherein nicht für
2992 793 3300 855 macht: auch nur
2995 853 3305 922 werden, das auf
3057 948 3321 1041 Es gefällt Herr
3002 1013 3312 1082 Oeffentlichkeit mit
3004 1060 3326 1122 Bühne des mira¬
3011 1105 3309 1172 Hauses" — mit
3004 1156 3290 1213 Szene mit aller
3002 1194 3297 1253 lichen Vergnügen
3004 1241 3266 1303 Antworten ist
3014 1287 3266 1344 sie ihm ins
3011 1329 3231 1391 nämlich auf
3011 1372 3231 1432 erwidert; da
3011 1422 3188 1472 mentes —
3016 1456 3209 1520 „kaltlächeln
3011 1511 3212 1572 mehr die
3071 1546 3202 1608 eine R
3014 1592 3202 1663 erzogen ha¬
3007 1634 3195 1699 lich rekap
3011 1682 3195 1744 quis..."
3007 1732 3195 1792 nicht für
3014 1773 3190 1830 hierzu nu¬
3021 1813 3202 1882 sicherlich
3014 1858 3197 1920 da ich als
3004 1904 3183 1980 Kenner
3069 2011 3209 2094 Doch in
3016 2080 3216 2142 vates verlie
3016 2128 3231 2187 hier auf dem
3014 2168 3233 2232 Herr Herber
3011 2211 3235 2271 um einen Ab¬
3014 2256 3238 2318 um das Fest
3014 2301 3233 2366 setzung. Si¬
3016 2344 3254 2404 zip der Verga
3023 2387 3247 2449 genwart.
3016 2433 3243 2494 durch Jahre
3016 2478 3233 2537 den Geist¬
3016 2523 3243 2587 Wandlung sie
3014 2573 3264 2623 Wie aber kan
3014 2609 3254 2673 wenn er sie in
3016 2656 3233 2716 nungsformen
3016 2704 3207 2768 tun, statt de
3011 2747 3204 2807 zu erfüllen
3016 2790 3200 2849 griffen ha¬
3021 2833 3185 2897 wirklich
3016 2878 3183 2935 „verdräng
3016 2928 3164 2981 Stätten
3014 2971 3183 3023 kaum ein
3028 3009 3193 3073 auch
3016 3062 3209 3133 Waffe und
3069 3173 3164 3243 en
3011 3207 3178 3288 wenig
3007 3269 3159 3331 Worte!
3014 3316 3247 3374 Eulenberg ei
3014 3359 3231 3421 seinen Feind
3007 3405 3243 3462 verstand. M.
3007 3445 3243 3509 rungen haben
3016 3486 3247 3555 Eulenberg,
3016 3536 3254 3605 stehen, nur we
3069 3583 3259 3643 Aber im
3014 3626 3262 3688 kenberg. Ueb¬
3026 3671 3257 3729 seinen Streit
3019 3726 3264 3783 Tag kommen
3014 3767 3264 3824 wieder als „
3014 3807 3300 3872 ter Festspiel auto
3016 3857 3288 3912 einem neuen
3011 3895 3333 3955 Mögen inzwischen
3016 3945 3336 4024 meinem Schattenri
3150 4074 3305 4157 Ber¬
