3392 4352
1223 258 1656 372 box 42/2
376 258 1049 392 Miscellaneous
2001 817 2179 910 Seite 5
1093 837 1417 933 31. Mai 1925
447 874 625 951 journal
999 894 2220 997 Plakate eine Strafanzeige gegen den Verein
1008 970 2217 1052 erstattet, da diese Plakatierung eine Fortsetzung der Vereins¬
459 967 766 1077 gestrichen.
449 1024 2220 1122 des Jockeiklubs teilt uns tätigkeit darstellt, obwohl der Wehrbund „Rheinland" bereits
465 1079 1499 1159 bisherige Günstling für das behördlich aufgelöst wurde.
474 1145 995 1216 30 Minuten aus dem
1132 1154 2229 1266 Die „Korr. Wilhelm" meldet hiezu: „In der heutigen
1020 1230 2233 1309 Nummer der „Deutschen Arbeiterpresse", des Parteiorgans der
1020 1275 2236 1357 nationalsozialistischen Partei, sind zwei Artikel: „Deutsche Arbeiter
1020 1321 2229 1417 denkt nach" und „Einige der Rathenauschen 300“ mit den Unter¬
474 1252 983 1458 den Aufreizung
1029 1373 2229 1455 titeln „Die Giftmischer in Wien“ und „Arme Juden“ erschienen,
1029 1419 2238 1499 in welchen die Namen und Adressen mehrerer Wiener Publizisten,
1022 1478 2238 1547 Bankleute und Großindustriellen veröffentlicht wurden. Die
474 1442 897 1585 r Drohung.
1029 1522 2240 1613 Polizeidirektion hat gegen Walter Gattermayer, der den
1038 1558 2252 1645 ersten Artikel unterzeichnet hat, und gegen den verantwortlichen
477 1554 990 1656 Hakenkreuzlerblattes.
459 1613 2240 1716 gan, das sich „Deutsche Redakteur der „Deutschen Arbeiterpresse“ wegen gefährlicher
1031 1672 2252 1738 Drohung und Aufreizung zu Feindseligkeiten gegen Nationalitäten
474 1690 1001 1773 eine förmliche Proskriptions
1031 1711 2252 1825 und Religionsgemeinschaften die strafgerichtliche An¬
481 1759 1006 1848 ten verschiedener Persönlich¬
1036 1782 1369 1875 zeige erstattet.
474 1811 1015 1887 blizistik unter Hinzufügung
465 1871 1008 1944 Veröffentlichung hatte offen¬
1045 1846 2247 1996 Ein Theater ohne Publikum.
465 1916 1017 2003 cherischen Gewalt¬
1045 1939 2254 2060 Die gestrige Abendvorstellung in den Kammerspielen
465 1978 1020 2062 ufzureizen. Wie wir
1542 2023 1761 2096 abgesagt.
474 2030 1022 2122 wird die Staatsanwaltschaft
1300 2069 1987 2147 Originalbericht des „Neuen Wiener Journal".
461 2094 1027 2179 tlichen Leiter des Hetzblattes
1163 2085 2249 2199 Die für gestern abend angesetzte Abendvorstellung von
495 2149 1020 2247 und gefährlicher Drohung
1052 2179 2261 2261 Strindbergs „Östern mußte wegen Teilnahmslosigkeit des Publikums
1043 2222 2265 2293 abgesagt werden. Im Vorverkauf sollen nicht mehr als
1065 2270 2261 2357 fünf Karten angebracht worden sein. Die Nachtvorstellung
449 2295 1036 2382 and hat in der Nacht auf
484 2318 2265 2432 mit einer Darstellung der „Fünf Minuten Liebe, die programmgemäß stattfand, war dagegen
456 2384 1412 2509 trektion hat auf Grund dieser relativ gut besucht.
2017 2471 2279 2733 es.
477 2724 2286 2868 mit dem Lippowitz=Preis der „Concordia“ aus¬
465 2829 2293 2970 Vorschlag Dr. Artur Kürschners zum Abbau des
620 2913 1512 3045 Rassen= und Klassenhasses.
477 2988 2293 3105 des Bundespräsidenten Marianne Hainisch, des polnischen Gesandten
481 3045 2284 3153 Kowalski, des Schriftstellers Stephan Zweig und des Geschichts¬
465 3105 2290 3198 iversität Dr. Alfons Dopsch. — Ein Brief Artur Schnitzlers an den
468 3169 1766 3255 ausgeber des „Neuen Wiener Journals" I. Lippowitz.
465 3207 2288 3351 rtur Kürschners, den daß die einzelnen Völker auf die Pfleg=
470 3299 2293 3413 ie Schaffung eines inter ihrer nationalen Ideale durch die Schul¬
470 3351 2295 3481 tes zu paralysieren, hat größtes Gewicht legen müssen, aber das läßt
1095 3406 2297 3477 sich sehr wohl mit dem das gegenseitige Verständnis fördernden
474 3449 2293 3529 en und es sind dem „Neuen Bestreben vereinbaren, die Eigenart der anderen Völker kennen
465 3493 2297 3598 nzahl von teils zustimmenden, zu lernen. Hoffentlich tragen das Preisausschreiben und die
468 3540 2293 3636 n darüber zugegangen. Wir Diskussion, der das „Neue Wiener Journal" seine Spalten zur
1100 3593 2300 3680 Verfügung gestellt hat, wesentlich zur Förderung des schönen Zieles
465 3623 1063 3700 ter solcher Zuschriften, einer
1097 3664 1572 3744 der Völkerversöhnung bei.
459 3677 1074 3750 präsidenten, der Frau Marianne
456 3732 1072 3823 intlich gerade durch ihre Be¬
1198 3723 2300 3837 Schriftsteller Dr. Stephan Zweig
477 3791 1077 3864 des Pazifismus einen guten
1116 3807 2217 3903 chreibt zu dem Vorschlag Kürschners:
474 3846 1074 3933 ßerung des polnischen Gesandten
1198 3844 2295 3949 Der Vorschlag Ihres preisgekrönten Aufsatzes, ein inter¬
474 3917 1074 3992 alski, ferner ein Schreiben des
1106 3910 2297 3999 nationales Arbeitsamt zur Bekämpfung des Rassen- und Klassen¬
1106 3960 2304 4049 hasses zu machen, scheint mir gewiß lobenswert, aber wir haben
477 3972 1081 4045 phan Zweig, der gleichfalls
486 4022 2304 4102 seltversöhnungsgedankens zählt, doch schließlich gerade speziell bei uns genug Erfahrungen darüber,
481 4067 2306 4163 s Wiener Universitätsprofessors daß Aemter und Kommissionen immer nur Scheinmittel sind und
1104 4106 2304 4191 niemals eine radikale Kur schwärender Fieberzustände. Für mein
2058 4147 2306 4204 Ein der
