3392 4320
177 298 259 396 1.
317 290 980 388 Miscellanos
301 1223 407 1458 0
485 1384 1107 1501 Dr. Max Goldschmidt
481 1474 1100 1576 Büre für Zeitungsausschnitte
301 1508 556 1609 BERLINNA
843 1562 1259 1642 Telefon: Norden 3051
621 1639 932 1721 Ausschnitt aus:
523 1704 1023 1811 Prager Tagblatt
580 1851 954 1958 30 Okt. 1925
325 1923 1223 2021 Heinrich Mann über Thomas Mann, Schrittler,
301 2003 1212 2055 und Coudenhove, Heinrich Mann hält in Wien eine
304 2038 1218 2103 Vorlesung und äußerte sich zu einem Mitarbeiter
311 2082 1222 2141 der „N. Fr. Pr." Ich glaube, daß diejenigen, die
303 2118 1215 2185 immer auf den künstlerischen Gegensatz zwischen
311 2155 1226 2219 meinem Bruder und mir hingewiesen haben, im
307 2197 1218 2262 Unrecht sind. Es besteht zwischen uns eine viel
307 2241 1218 2297 wesentlichere Gemeinsamkeit, als es oberflächlicher
314 2275 1217 2334 Betrachtungsweise erscheinen mag. Bei aller Ver¬
318 2311 1220 2380 schiedenheit der dichterischen Ausdrucksmittel besteht
307 2350 1223 2416 doch zwischen meinem Bruder und mir eine innige
317 2394 1218 2459 geistige Verwandtschaft. Von den Arbeiten meines
317 2432 1225 2494 Bruders steht mir der Tod in Venedig menschlich
317 2479 1223 2533 deshalb am nächsten, weil ich mich mit meinem
317 2511 1215 2572 Bruder in Venedig aufgehalten und die Stimmung
317 2550 1220 2617 von der sein Buch erfüllt ist, gemeinsam mit ihn
317 2593 1225 2651 erlebt habe. Was die „Betrachtungen eines Unpoli¬
322 2639 1223 2697 tischen betrifft, so stehe nicht nur ich selbst gesin¬
317 2667 1231 2730 nungsmäßig weit links von diesem Buche, sondern
322 2714 1231 2769 ich bin davon überzeugt, daß sich auch mein Bruder
328 2744 1226 2804 seit damals stark nach linke entwickelt hat. — Für
322 2777 1244 2851 Frankreich empfinde ich seit jeher eine besondere
328 2829 1236 2886 Liebe, und ich weiß mir nichts Schöner, als die
320 2870 1236 2932 Mitarbeit an einer recht innigen Ausgestaltung der
325 2907 1233 2963 geistigen Beziehungen zwischen Frankreich und
318 2949 1239 3012 Leuten. Ich rechne el Condenhove-Ka¬
322 2985 1244 3052 lergi, mit dem mich herzliche Freundschaft ver¬
322 3022 1237 3083 bindet, hoch an, daß er sich den Kampf für den
328 3060 1242 3138 Frieden zur Lebensaufgabe gemacht hat. Wien ist
334 3104 1241 3167 für mich und wol für jeden zeitgenössischen Schrift¬
331 3143 1225 3205 steller vor allem die Stadt, in der Arthur Schu¬
334 3175 1248 3245 ler lebt und schafft. Berlin hat meiner Ansicht nach
334 3219 1256 3285 kein Gegenstück zu jener wienerischen Literatur, die
340 3255 1252 3324 in Schnitzler so glanzvoll verkörpert ist. Berlin hat
340 3302 1248 3365 keinen Dichter, den es seinen Arthur Schnitzler nennen
342 3340 1250 3403 könnte. Ich freue mich über meinen Besuch in der
340 3370 1264 3461 Stadt, die im schönsten Sinne Arthur Schnitzlers
328 3439 538 3517 Heimat ist.
1170 282 1598 388 box 42/2
1887 1568 2520 1680 Dr. Max Goldschmidt
1896 1649 2513 1778 Büro für Zeitungsausschnitte
2268 1709 2680 1800 Telefon: Norden 3051
1728 1753 1980 1828 BERLINNA
2062 1832 2371 1909 Ausschnitt aus:
1789 1885 2645 2007 Königsberger Hartungsche Zeitung
2141 1991 2427 2089 an
1754 2079 2699 2186 Die Dichter-Professoren.
1568 2134 2796 2252 Eigene Drahtung der „Hartungschen Zeitung"
1636 2215 2815 2308 B. D. Berlin, 5. November. In ihrer ersten Arbeitssitzung hat
1554 2265 2817 2355 sich die neue Sektion für Dichtkunst un der preußischen Aka¬
1554 2330 2815 2409 demie, die bisher aus Thomas Mann, Ludwig Fulda, Hermann Stehr
1560 2371 2815 2456 und Arno Holz besteht, damit beschäftigt, neue Mitglieder zur
1570 2410 2817 2492 Ergänzung vorzuschlagen. An diese Sitzung, die streng vertrau¬
1562 2456 2803 2552 lich war, haben sich mancherlei und sehr verschiedene Vermutun¬
1564 2503 2810 2599 gen und Gerüchte über die Namen der in Vorschlag ge¬
1562 2563 2809 2650 brachten Kandidaten geknüpft. Das „B. T." ist hatte morgen in der
1562 2610 2809 2713 Lage, Näheres über die Persönlichkeiten, denen eine Einladung zur
1557 2659 2807 2754 Mitgliedschaft der Akademie zugegangen ist, mitzuteilen. Im gan¬
1557 2706 2814 2792 gen sind 24 Dichter und Schriftsteller davon sechs aus
1562 2762 2807 2858 Berlin und 18 Auswärtige von den bisherigen Mitgliedern
1554 2801 2809 2905 zur Ergänzung vorgeschlagen worben. Es handelt sich u. a. um fol¬
1551 2870 2799 2952 gende Namen; Heinrich Mann, Hugo von Hofmanns¬
1559 2911 2807 3006 thal, Artur Schnitzler, Bernhard Kellermann, Wilhelm
1559 2951 2806 3042 Schmidtbonn, Jakob Wassermann, Ricarda Huch, Her¬
1548 3014 2814 3093 mann Hesse, Hermann Wahr, Rainer Maria Rille Fran¬
1565 3088 2820 3152 Werel, Hermann Sudermann, Wilhelm von Scholz, Max
1567 3132 2814 3201 Halbe. Zu diesen Persönlichkeiten dürften noch Georg Kaiser
1568 3184 2814 3247 und Leonhard Franck treten. Im Augenblick liegen erst einige
1579 3233 2820 3301 Zusagen vor. So sollen u. a. bereits Heinrich Mann und Max Halbe
1567 3285 2821 3357 die Mitgliedschaft angenommen haben. Viele Zusagen stehen noch
1576 3331 2829 3413 aus. Die izielle Veröffentlichung der neuen Mitglieder wird erst
1570 3394 2547 3458 erfolgen, wenn die ministerielle Bestätigung vorliegt.
