3436 4384
1211 310 1645 407 box 42/2
366 315 1032 424 Miscellaneous
450 1177 1366 1303 10. II. und 1926
1820 1239 2685 1323 Berlin und der „Schule von Uznach in
1818 1305 2689 1360 Wien, gedulden möchte, weil ihre letzten
1817 1343 2682 1414 Stücke „Die Gefangene und „Gneisenau so
1814 1381 2692 1450 außerordentlichen Erfolg gehabt haben, daß
1820 1432 2681 1502 unsere sämtlichen Dispositionen, die wir ge¬
1817 1468 2688 1538 troffen haben, über den Hafen geworfen sind.
1819 1511 2692 1585 Bei der heiklen Lage im Berliner Theaterleben
1824 1556 2691 1622 Ist es nicht möglich, so ausgesprochene und zur
1824 1602 2696 1672 Zeit noch unübersehbare Erfolge abzusprechen
1238 1584 1569 1680 MENUNG
847 1602 1034 1694 EINE
1826 1648 2451 1719 oder auch nur zu beeinträchtigen.
1869 1652 2698 1750 Aus den Zeitungen lese ich, daß den Stück
1830 1734 2697 1790 G. Hauptmanns das gleiche Schicksal wie den
1832 1769 2700 1843 meinigen beschieden ist, und Sie kennen mich
1252 1747 1606 1896 an
1832 1824 2697 1882 als einen zu guten Konner der Realität, als
793 1763 1096 1927 Kee
1830 1871 2703 1927 daß ich Ihre freimütige Mitteilung und Ihre
1276 1883 1569 1987 er
1835 1902 2703 1965 tiefe Verbeugung vor der gefüllten Kasse etwa
811 1904 1075 1999 vorzüglich
1835 1955 2713 2014 ironisch glossieren möchte. Das Theater ist
1835 1997 2709 2056 heute in Deutschland eingestandene maßen
1835 2033 2708 2107 eine rein finanzielle Angelegenheit und ich
1845 2090 2713 2148 wünsche Ihnen jedes Jahr einen Regierungs¬
1390 2105 1734 2173 Heute findet beim
1851 2123 2711 2185 rat mit einem Feldherrn von Cäsar bis zu
778 2112 1198 2223 anz im
1331 2143 1807 2239 Five o'clock ein Catis
1847 2168 2715 2237 Ludendorff, jedes Jahr einen homosexuellen
1477 2213 1678 2278 otto statt
1851 2212 2715 2274 oder lesbischen Boulevardfranzosen, der die
828 2207 1304 2317 atersaal
1849 2243 2713 2318 Interessen der Afterkunst mit denen Ihres
1746 2305 1821 2363 auch
1852 2305 2422 2372 Bankdepots glücklich vereint.“
1890 2325 2720 2406 Reinhardt stört Herrn Sternheims Rassonne¬
1853 2386 2713 2447 ment wenig. Dessen Taktik ist zu durchsichtig
1745 2425 2726 2495 Zeit er von der Bühne aus nicht mehr auf
1757 2474 2726 2545 von sich aufmerksam machen kann, versucht er
1857 2520 2265 2597 es auf anderem Weg.
1757 2607 1834 2663 kam
1869 2605 2735 2696 Eine italienische Stagione in der
1763 2652 1838 2700 lein
2167 2669 2431 2748 Volksoper
1756 2694 1836 2750 bst¬
1910 2728 2736 2800 Anfangs Dezember wird eine italienische
1871 2772 2738 2842 Stagione in der Volksoper gastieren. Sie kommt
1864 2815 2739 2889 aus Rom und steht unter der Leitung des be¬
1873 2865 2736 2937 rühmten Dirigenten Patti, eines Enkelkindes
1874 2912 2209 2968 der Adelina Patti,
1914 2935 2745 3013 Anläßlich des zweiten Todestages Puccinis
1883 2989 2742 3063 dürfte in der Volksoper abermals eine japa¬
1779 3036 1854 3095 che
1883 3029 2749 3119 nische Sängerin, Jovita Fuentes, gastieren.
1775 3080 1858 3150 sicht
1953 3114 2682 3215 Arthur Schnitzlers Absage an
1778 3152 1855 3226 mo¬
2198 3178 2424 3247 Budapest
1922 3220 2612 3298 Aus Budapest wird uns gemeldet:
1919 3278 2752 3343 Ein hiesiges Konzertbureau richtete an Arthur
1787 3303 1863 3354 iner
1886 3326 2754 3382 Schnitzler die höfliche Aufforderung, im
1890 3358 2759 3421 Laufe des Monats November nach Budapest zu
1890 3407 2758 3469 kommen und in der Musikakademie einen Vor¬
1898 3444 2756 3509 trag zu halten. Darauf erhielt das Konzert
1898 3482 2763 3551 bureau von Arthur Schnitzler folgende Antwort
1897 3545 2763 3607 „Sehr geehrter Herr! Ich erlaube mir höflich
1896 3567 2764 3642 mitzuteilen, daß ich in Budapest prinzipiell
1894 3610 2769 3688 keinen Vortrag halte, umso weniger, als mir der
1898 3672 2766 3723 vorjährige Fall noch lebhaft in Erinnerung ist.
1902 3705 2772 3768 Man hat mich in Budapest ganz einfach als
1902 3744 2769 3811 einen pornographischen Schriftsteller hinge¬
1902 3789 2769 3850 stellt, es kann daher keine Rede davon sein,
1901 3836 2769 3907 daß ich in Budapest einen Vortrag halte. Hoch¬
1909 3887 2495 3954 achtungsvoll Arthur Schnitzler.“
1948 3901 2769 3991 (Wie erinnerlich, wurde Schnitzlers „Reigen“,
1910 3965 2769 4034 dessen Aufführung im vorigen Jahr im Inner¬
1915 4001 2775 4074 städter Theater angesetzt war, von der Polizei
1922 4064 2099 4136 verboten.)
