3344 4352
210 150 321 213 seines
1521 176 2644 225 dem von Ernst Lubitsch in großzügigster Rheinhardt Manier
365 176 1478 229 sang. Als künstlerische Gesamtleistung ausgezeichneten Ranges
130 174 314 263 at Colles
1524 217 2637 283 inszenierten Bild „Rosite", das Motive aus „Toska und
369 222 1478 283 schlossen sich den Darbietungen der ersten Woche, denen auch
123 246 314 304 essene Be¬
1521 258 2649 326 „Carmen" recht wahllos an eine spanische Hosintrige bindet,
357 266 1483 321 das erfolgreiche Debit Miguel Fletas als Partners der Jeritza
130 292 324 350 selchen das
1521 307 2647 365 wogegen Pola Negri mit einer ganz ähnlichen Geschichte, die
360 309 1480 374 in „Toska zuzuzählen ist, die seit mehreren Jahren nicht mehr
159 338 321 398 hat, und
1536 353 2644 403 sich die „Spanische Tänzerin" betitelte, weniger Glück hatte.
901 360 1478 411 an, für deren Einstudierung
357 362 843 427 gegebenen „Meistersinger
138 379 328 447 lichen mit
1521 401 2649 456 Norma Talmadge, die als höchstbezahlter Stern während der
365 384 1478 456 Bodanzky seine ganze Energie eingesetzt hatte. Orchester und
128 435 321 493 ung ge¬
1524 447 2649 497 Arbeitszeit 10.000 Dollar per Woche erhält, sichert einem
884 449 1485 519 eigentlichen Triumphatoren des
360 449 763 514 Chor waren mit ihm
133 473 326 536 in dieser
1526 493 2647 543 in der französischen Renaissance spielenden Melodram an¬
357 495 1478 553 Abends, denen gegenüber die Solisten — mit Ausnahme etwa
133 519 326 584 zweifellos
1529 531 2654 594 dauernde Zugkraft und bereitet inzwischen eine Darstellung
1154 536 1478 599 eher zurücktraten.
896 543 1031 601 Pogner
357 543 862 604 von Benders wundervollen
135 568 328 628 sich eine
1529 584 2649 633 von „Romeo und Julia vor, die in Italien, wo auch Lilian
357 584 1485 642 Whitehill und Florence Easton fehlte trotz allem stilistischen
138 611 331 674 schon lange
1529 628 2642 679 Gishs gegenwärtig bewunderte „White Sister“ („Die Nonne",
360 630 1483 686 Einfühlen, das bei dem hohen Ernst dieser beiden Künstler
138 662 331 717 sen gedeckt
1526 667 2649 729 hergestellt wurde, aufgenommen werden soll. Chaplin be¬
369 679 1485 739 stets achtunggebietend ist, der deutsche Grundzug für den ganz
130 703 328 763 sten In¬
1534 729 2652 785 währte sich zum erstenmal als ungewöhnlich feinsinniger
350 722 1483 780 ad quaten Ausdruck von Hans Sachs, beziehungsweise
138 751 328 809 richt nicht
1534 768 2635 819 Autor, beziehungsweise Regisseur in „A woman of Paris
362 768 1473 824 Edchen, während Laubenthal, der, als Stolzing erstmalig auf
145 790 336 855 abgesehen
1534 809 2649 872 („Eine Pariserin"), während Jackie Coogan in „Zirkus¬
365 816 1485 867 tretend, die technischen Mängel seiner schönen Stimme bedauern
133 833 328 903 is, gerade
1526 860 2654 910 tagen" seinen Oliver Twist womöglich noch überbot. Eine
357 857 1490 918 ließ, auch ungehemmt durch nationale Elemente ziemlich
133 884 328 956 sie stärkste
1534 908 2664 966 Sonderstellung nimmt der Film „The covered wagon“ („Der
357 898 1485 959 unpersönlich blieb, und Schützendorf die possenhaften Elemente
215 937 326 1000 zumal
1536 952 2661 1017 Zeltwagen") ein, der in großartigen Naturaufnahmen die
360 949 1485 1007 in der Figur Beckmessers, namentlich im dritten Akt, etwas
135 976 220 1038 den
1536 990 2661 1051 Schwierigkeiten schildert, welche die Wanderer auf ihrem
362 990 1490 1060 zu grell hervorkehrte. Für die zweite Woche war eine Reprise
150 1019 341 1084 wie Frau
1536 1043 2661 1108 Zuge nach dem fernen Westen einst zu bestehen hatten. Das
360 1043 1483 1099 von Mascagnis „L'Amico Fritz mit Lukrezia Bori ange¬
135 1070 326 1125 ausver¬
365 1084 1490 1145 kündigt, der sich vor Weihnachten an Neuheiten, beziehungs¬
1534 1087 2661 1145 Interesse für dieses spezifisch nationale Bild ist so groß, daß
138 1116 328 1174 Newyork
360 1133 1483 1186 weise Neueinstudierungen, noch Laparras „Habanera“
1534 1133 2659 1188 das von Hugo Riesenfeld, dem früheren Mitglied der Phil¬
155 1162 331 1217 ihrer von
365 1174 1490 1232 Riccitellis „Compagnacci" und Giordanos „Feodora, mit
1536 1176 2669 1236 harmoniker, geleitete Criterion seit Monaten zweimal täglich
130 1200 333 1265 f Gipfeln,
362 1224 1490 1278 Maria Jeritza in der hier zuletzt von der Bellincioni gesungenen
1534 1222 2659 1282 überfüllt ist und der Kartenverkauf für acht Wochen im vor¬
135 1251 328 1309 erstandes,
1536 1270 2661 1326 aus stattfindet. Viele der markantesten Darbietungen auf
365 1273 913 1335 Titelrolle anschließen werden.
135 1292 328 1352 stem Er¬
1534 1311 2666 1372 allen gestreiften Gebieten stehen derzeitig noch in Vor¬
464 1307 1495 1386 Die gleiche Geschäftigkeit setzte in den über sechzig
133 1338 328 1406 ahier sang
1538 1360 2666 1420 bereitung, doch kann man aus dem Gesagten die allgemeinen
362 1374 1495 1427 Schauspielhäusern ein, die mit ihren mehr als 68.000 Plätzen
155 1381 333 1449 geleiteten
1541 1415 2661 1492 Richtlinien erkennen, die während der laufenden Saison dem
362 1420 1495 1476 Oper und Konzertsäle an Fassungsraum noch übertreffen.
135 1432 336 1490 scher Kan¬
1550 1454 2526 1536 schillernden Leben am Broadway ihr Gepräge geben.
365 1468 1485 1526 Die Haupterfolge der vorigen Saison, Manghams „Rain
135 1478 333 1538 Reihe ihrer
362 1514 1507 1567 und Austin Strongs „Seventh Heaven, von denen an
1625 1507 2166 1601 Newyork, im November.
138 1519 333 1582 auf setzten
362 1553 1495 1613 anderer Stelle hier bereits ausführlich gesprochen wurde,
145 1567 328 1628 Hall allein
369 1604 1502 1659 stehen als Ensuiterekord noch an der Spitze. Der Tragöde
140 1616 333 1674 gige Pro¬
1676 1620 2531 1710 Begegnung mit Artur Schnitzler.
372 1649 1505 1700 Sothern eröffnete einen Shakespeare-Zyklus mit einer
142 1659 333 1719 ten führt
377 1690 1502 1746 szenisch sehr geschickt auf die Bühne der elisabethinischen
138 1700 341 1765 der Musik¬
1541 1693 2673 1773 (Aus einem demnächst im Deutschösterreichischen Verlag erscheinenden
372 1744 1505 1799 Zeit zurückgreifenden Aufführung von „Cymbeline, jenem
1838 1753 2362 1806 Essaywerk „Brüder im Geiste.
133 1751 338 1811 schiedenen
365 1782 1502 1838 von den meisten Instituten — nicht zuletzt von den
147 1797 331 1862 besonders
1872 1797 2330 1876 Von Paul Wertheimer.
374 1828 1495 1881 deutschen — so stiefmütterlich behandelten Hohelied der
140 1840 333 1905 der Spitze
1633 1840 2671 1932 Von Pötzleinsdorf führt nach Salmannsdorf, wo ich jetzt
372 1869 1497 1937 Treue in allen ihren Formen, das in der Gestalt Imogens,
142 1893 328 1949 sters und
1534 1930 2673 1988 wohne, zwischen Wiesen, braunen Ackerkrumen und blumen¬
365 1922 1502 1971 einer Künstlerin etwa vom Range der Wohlgemuth, eine
140 1932 333 2009 Beethovens
1538 1966 2671 2029 umzogenen Holzhäuschen hin, mit dem Blick in das leise
374 1968 1507 2019 der edelsten Aufgaben stellt, die in Newyork von Julia
133 1985 331 2046 an Hoog-
1541 2009 2673 2072 gewellte Grün, der schönste Weg aus dem Herzen der Stadt
369 2014 1507 2072 Marlowe bewundernswert gelöst wurde. Walter Hampen,
138 2029 333 2089 leitung der
1541 2065 2649 2118 in das Herz des Wienerwaldes, der „Sommerhaidenweg
372 2058 1505 2113 der neben John Barrymore, dem größten Hamlet der Gegen¬
135 2074 333 2132 Stokowski
365 2106 1505 2159 wart, als der heute bedeutendste Schauspieler Amerikas
1548 2106 2671 2169 So oft ich diesen Weg entlang schreite, früh, wenn die Donau
138 2120 343 2181 keit, der,
1546 2147 2671 2200 ferner aus Nebelschleiern und die Stadt aus der Morgen¬
374 2149 1502 2210 gilt, eröffnete die Reihe seiner Vorstellungen, die fast durch¬
135 2169 331 2236 pieler und
362 2195 1509 2246 wegs dem klassischen Repertoire gewidmet sind, mit einer
1546 2195 2678 2258 frische steigt, und nachts, wenn sie mit tausend Lichtern
133 2215 333 2280 sche Ueber¬
377 2241 1505 2301 sehenswerten Darstellung von „Cyrano von Bergerac“, dem
1546 2246 2681 2299 phantastisch blitzt — wie ein Persermärchen — immer
138 2260 331 2323 durch seinen
372 2282 1507 2347 allerdings das englische Idiom nicht recht zuträglich erscheint,
1553 2292 2673 2347 schwebt mir — und manchmal nicht bloß figürlich — die
135 2306 336 2369 seim Nach¬
374 2330 1507 2384 um so mehr, als der Bearbeiter, weit entfernt von Fuldas
1558 2330 2683 2391 seine Silhouette Artur Schnitzlers vor, der, wie keiner neben
128 2350 338 2415 in vielleicht
369 2374 1502 2434 Meisterschaft, den Ton des Originals rhythmisch kaum
1548 2379 2681 2442 ihm, das Helle und Trauliche dieser Landschaft, die Anmut
138 2401 333 2471 könnte.
369 2422 1507 2478 wiederzugeben vermochte. An englischen Werken brachten die
1548 2429 2676 2487 dieser buschigen Hügel, die lässige Heiterkeit dieser Wein¬
169 2446 328 2512 im all-
377 2463 1509 2521 Gesellschaft des Theatre Guild, Newyorks lierarische Vor¬
1546 2478 2678 2536 gelände, den spielerischen Ernst, selbst noch um das brüchige
135 2487 338 2562 affen ein
382 2509 1490 2594 kämpfer auf dramatischem Gebiet, Galsworthys „Windows
1548 2521 2683 2579 Felsgestein, gefühlt und gestaltet hat. Durch den „Weg ins
198 2541 341 2608 Walter
382 2553 1507 2630 „Die Fenster"), denen Lenormands in Wien von der Dar¬
1553 2572 2676 2628 Freie", dieses schöne, von Schatten umdunkelte Bekenntnis¬
135 2555 338 2647 als ein¬
382 2601 1492 2659 stellung im Volkstheater bekanntes Schauspiel „Les Rates
1538 2615 2676 2669 buch, schmiegt sich dieser Pfad, und gegenüber, dort auf der
135 2628 333 2702 ter Sym¬
382 2642 1509 2734 folgen soll, und der Schauspieler Richard Bennett „The
1548 2659 2676 2714 Höhe von Salmannsdorf, wo der junge Strauß seine ersten
135 2676 341 2741 nol" und
377 2690 1509 2753 Dancers“ („Die Tänzer"), welche in London von ihrem
1548 2710 2673 2758 Walzer fand, da steht noch, ein paar Schritte von der weißen
369 2736 1514 2804 Autor Gerald du Maurier mehrere hundertmal gespielt
1550 2748 2676 2801 Straße zurück, am Waldrand das versponnene Haus mit
159 2753 338 2845 genannten
369 2777 1517 2859 wurden. Monar setzte die Reihe seiner großen Erfolge von
1550 2794 2673 2876 dem blauen Engel, in dem die arme Anna um ein kurzes
164 2826 341 2884 Wundern
377 2823 1505 2893 „Likiom" und „Herrenmode zwar nicht mit „Launzi"
1553 2840 2111 2917 Glück so schmerzlich litt....
138 2871 341 2934 und mono¬
374 2874 1505 2937 dessen märchenhaft mystische Szenen bald an „Hannele"
1642 2874 2632 2951 Wer oft diesen Weg beschreitet und wer ihn liebt
138 2922 341 2980 zum Brett.
377 2910 1512 2983 bald an Maeterlincks „Blauen Vogel“ gemahnen, um so
1553 2939 2661 3002 und ich lieb ihn sehr —, wird Wesen und Werk diese
130 2966 345 3028 a. Frédérik
374 2963 1509 3031 entschiedener aber mit dem „Schwan fort, der sich als ein
1560 2990 2681 3050 Dichters mit geistiger Zärtlichkeit umfassen. Dieses Dichters,
142 3014 348 3074 Programme,
382 3012 1509 3079 Trumpf der Saison erweist und in Eva le Gallienne die
1553 3043 2688 3103 in dem das Herz der großen Stadt und zugleich dieses grünen
135 3060 343 3113 d Gabrilo¬
377 3053 1512 3115 reizvollste Darstellerin fand. Neben dieser mehr oder weniger
1558 3089 2683 3142 Ländchens schlägt, das sich um sie weich wie ein Frauenarm
135 3108 338 3166 ters wirkt
382 3098 1507 3164 literarischen Gruppe nimmt die romantische Ausstattungs¬
1558 3135 2685 3188 schlingt. Ja, in dieser noch heute seltsam gegenwartsfremden
382 3149 1517 3210 bemödie einen breiten Raum ein. Casanova erscheint als
138 3149 343 3212 gekündigtes
1553 3181 2685 3229 biedermeierischen Landschaft wurzelt seine Kunst, wo sie an
382 3205 1512 3258 ziemlich zahmer Held eines gleichnamigen Produktes von
135 3197 343 3258 dolf Ganz,
1550 3219 2683 3277 innigsten, am sommerlich reissten und am menschlichsten ist.
382 3251 1512 3299 Lorenzo de Azertis, in dem der legendarische Verführer
142 3243 348 3301 te Künstler,
1553 3265 2681 3325 In dem „Sommerhaidenweg“ hier, wo junge Leute, die
389 3284 1517 3354 sterbend voll väterlicher Rührung seiner natürlichen Tochter
145 3284 348 3347 Arrau und
1553 3313 2685 3369 Laute am Band, wie einst in der Zeit der Schubertiaden, am
386 3330 1509 3393 gedenkt, und Rafael Sabatinis Romanheld Scaramonche
147 3335 350 3395 erstes Auf¬
1550 3364 2683 3424 Sonntag ziehen und noch immer manche Christine auf der
382 3376 1514 3434 dessen Schicksale während der französischen Revolution auf
155 3376 348 3441 Frühsaison
1563 3405 2683 3463 Waldbank sinnt und die Schlagermitzis mit den Burschen,
389 3417 1509 3480 eine Zusammenstellung aus Gauthier und Dumas schließen
135 3429 345 3487 fünf Abend¬
1558 3458 2681 3509 die Arme schlenkernd, über die Wiesen laufen, wo von unten
386 3466 1519 3533 lassen könnten, ist so teilnahmswürdig befunden worden, daß
135 3470 355 3536 nachlässigte
1550 3504 2683 3555 her aus den Heurigenschenken mit dem grünen und braunen
382 3511 1509 3567 er gleichzeitig im Film in der Gestalt des neuen Star¬
135 3521 350 3579 nem wahren
1560 3552 2676 3601 Busch davor mancher Schnalzer springt und manches Volks¬
389 3557 1517 3618 Ramon Novarro und auf den Brettern unter den Zügen
147 3562 355 3622 podin ihrer
1563 3594 2683 3644 sängerbänkel getragen tönt, und vielleicht ist unter diesen
391 3601 1519 3661 Sidney Blackmers erscheint, der sich voriges Jahr durch
157 3610 348 3668 modernster
1553 3644 2685 3695 Mädchen auch eine blinde, wie in jener lieben, traurigen
401 3644 1502 3717 seine außerordentliche Leistung in Batailles „Kind der Liebe
155 3656 357 3717 er hat sich
1558 3690 2685 3760 Geschichte der „blinden Amsel". Da wird ein geschwinder
167 3697 1208 3779 dafür aber als vielversprechendstes Talent offenbarte.
