<?xml version="1.0" encoding="UTF-8" standalone="yes"?>
<PcGts xmlns="http://schema.primaresearch.org/PAGE/gts/pagecontent/2013-07-15" xmlns:xsi="http://www.w3.org/2001/XMLSchema-instance" xsi:schemaLocation="http://schema.primaresearch.org/PAGE/gts/pagecontent/2013-07-15 http://schema.primaresearch.org/PAGE/gts/pagecontent/2013-07-15/pagecontent.xsd">
    <Metadata>
        <Creator>prov=READ-COOP:name=PyLaia@TranskribusPlatform:version=2.12.1:model_id=39995:lm=provided:date=28_03_2024_20:24</Creator>
        <Created>2019-10-07T20:37:00.696+02:00</Created>
        <LastChange>2024-03-28T20:24:00.125+01:00</LastChange>
        <TranskribusMetadata docId="224456" pageId="9578099" pageNr="2" tsid="156371823" status="IN_PROGRESS" userId="40391" imgUrl="https://files.transkribus.eu/Get?id=KQVHUPINIDKCNPAXMDAYKAVA&amp;fileType=view" xmlUrl="https://files.transkribus.eu/Get?id=PLFHYQEHWOMRNUHYFAIFPRHW" imageId="6207979"/>
    </Metadata>
    <Page imageFilename="224456_0002.jpeg" imageWidth="3344" imageHeight="4352">
        <ReadingOrder>
            <OrderedGroup id="ro_1712662122703" caption="Regions reading order">
                <RegionRefIndexed index="0" regionRef="tr_1"/>
            </OrderedGroup>
        </ReadingOrder>
        <TextRegion orientation="0.0" id="tr_1" custom="readingOrder {index:0;}">
            <Coords points="1116,213 1116,4228 2432,4228 2432,213"/>
            <TextLine id="tr_1_tl_1" custom="readingOrder {index:0;}">
                <Coords points="1214,247 1810,248 1808,208 1775,202 1213,204"/>
                <Baseline points="1223,235 1252,235 1282,236 1311,238 1341,236 1370,235 1400,235 1429,237 1459,238 1488,238 1518,238 1548,238 1577,238 1607,238 1636,238 1666,238 1695,240 1725,241 1754,241 1784,241 1814,241"/>
                <TextEquiv>
                    <Unicode>lung in ihm zur Reise gebracht.</Unicode>
                </TextEquiv>
            </TextLine>
            <TextLine id="tr_1_tl_2" custom="readingOrder {index:1;}">
                <Coords points="1848,248 2426,251 2426,216 2246,228 2170,207 1848,207"/>
                <Baseline points="1856,241 1884,241 1913,241 1941,241 1970,241 1999,241 2027,241 2056,241 2085,241 2113,239 2142,239 2171,241 2199,241 2228,242 2257,244 2285,244 2314,245 2343,247 2371,247 2400,247 2429,247"/>
                <TextEquiv>
                    <Unicode>In seinen Briefen an Actur</Unicode>
                </TextEquiv>
            </TextLine>
            <TextLine id="tr_1_tl_3" custom="readingOrder {index:2;}">
                <Coords points="1214,288 2415,309 2413,254 2317,247 1213,239"/>
                <Baseline points="1223,280 1282,281 1342,283 1402,283 1461,283 1521,283 1581,283 1640,286 1700,286 1760,286 1820,286 1879,288 1939,289 1999,288 2058,286 2118,286 2178,286 2237,288 2297,292 2357,295 2417,292"/>
                <TextEquiv>
                    <Unicode>Schnitzler gibt Herzl interessante Aufschlüsse über seine Abkehr</Unicode>
                </TextEquiv>
            </TextLine>
            <TextLine id="tr_1_tl_4" custom="readingOrder {index:3;}">
                <Coords points="1214,341 2419,351 2419,309 2352,296 1214,299"/>
                <Baseline points="1223,328 1283,328 1343,330 1403,331 1463,331 1523,331 1583,331 1643,332 1703,334 1763,334 1823,334 1883,334 1943,337 2003,336 2063,334 2123,334 2183,335 2243,337 2303,340 2363,342 2423,340"/>
                <TextEquiv>
                    <Unicode>vom Theater. Es sind Bekenntnisse von großem psychologischen</Unicode>
                </TextEquiv>
            </TextLine>
            <TextLine id="tr_1_tl_5" custom="readingOrder {index:4;}">
                <Coords points="1217,386 2419,395 2418,361 2236,340 1217,337"/>
                <Baseline points="1226,376 1285,378 1345,374 1405,376 1465,378 1525,378 1585,382 1644,379 1704,381 1764,382 1824,382 1884,382 1944,382 2004,382 2063,382 2123,382 2183,382 2243,384 2303,388 2363,388 2423,388"/>
                <TextEquiv>
                    <Unicode>Reiz. Sie sind in dem von uns bereits besprochenen Werke von</Unicode>
                </TextEquiv>
            </TextLine>
            <TextLine id="tr_1_tl_6" custom="readingOrder {index:5;}">
                <Coords points="1217,455 1380,441 1458,455 1525,427 1585,453 1617,439 1724,447 1724,394 1697,407 1637,387 1537,404 1217,386"/>
                <Baseline points="1226,423 1251,423 1276,423 1301,423 1326,423 1351,423 1376,423 1401,423 1426,424 1451,425 1477,426 1502,426 1527,426 1552,426 1577,426 1602,427 1627,428 1652,428 1677,426 1702,423 1728,420"/>
                <TextEquiv>
                    <Unicode>Professor Kellner enthalten.</Unicode>
                </TextEquiv>
            </TextLine>
            <TextLine id="tr_1_tl_7" custom="readingOrder {index:6;}">
                <Coords points="1323,501 2419,501 2419,441 2380,433 1323,452"/>
                <Baseline points="1331,477 1385,481 1440,483 1494,483 1549,483 1604,481 1658,486 1713,486 1767,486 1822,486 1877,486 1931,486 1986,486 2040,486 2095,486 2150,486 2204,486 2259,488 2313,492 2368,492 2423,492"/>
                <TextEquiv>
                    <Unicode>Herzl schreibt unterm 16. November 1892: „Ver¬</Unicode>
                </TextEquiv>
            </TextLine>
            <TextLine id="tr_1_tl_8" custom="readingOrder {index:7;}">
                <Coords points="1208,536 2416,545 2416,501 2301,493 1208,501"/>
                <Baseline points="1217,525 1277,528 1337,530 1397,528 1457,529 1517,531 1577,531 1638,532 1698,534 1758,534 1818,532 1878,534 1938,534 1998,536 2059,536 2119,534 2179,534 2239,534 2299,534 2359,537 2420,537"/>
                <TextEquiv>
                    <Unicode>ehrter Freund! Was aus Ihrem Briefe spricht, ist das Wiener</Unicode>
                </TextEquiv>
            </TextLine>
            <TextLine id="tr_1_tl_9" custom="readingOrder {index:8;}">
                <Coords points="1208,590 2413,602 2412,548 1207,541"/>
                <Baseline points="1217,576 1277,576 1337,578 1397,576 1457,579 1517,579 1577,579 1637,582 1697,582 1757,579 1817,580 1877,582 1937,582 1997,582 2057,582 2117,582 2177,582 2237,582 2297,582 2357,586 2417,588"/>
                <TextEquiv>
                    <Unicode>Découragement. Kenn ich. Es wird durch Ortsveränderung</Unicode>
                </TextEquiv>
            </TextLine>
            <TextLine id="tr_1_tl_10" custom="readingOrder {index:9;}">
                <Coords points="1211,648 1231,646 1288,655 1298,646 1351,646 1351,602 1338,602 1329,593 1262,585 1243,599 1211,596"/>
                <Baseline points="1220,629 1247,625 1274,623 1301,623 1328,624 1355,626"/>
                <TextEquiv>
                    <Unicode>geheilt.</Unicode>
                </TextEquiv>
            </TextLine>
            <TextLine id="tr_1_tl_11" custom="readingOrder {index:10;}">
                <Coords points="1332,694 2410,707 2410,629 2113,665 1981,629 1332,645"/>
                <Baseline points="1340,677 1393,680 1447,681 1501,681 1554,680 1608,683 1662,683 1715,683 1769,683 1823,683 1877,686 1930,688 1984,686 2038,684 2091,683 2145,683 2199,684 2252,686 2306,688 2360,689 2414,686"/>
                <TextEquiv>
                    <Unicode>Ein anderes ist das meinige. Ich bin von mir abge¬</Unicode>
                </TextEquiv>
            </TextLine>
            <TextLine id="tr_1_tl_12" custom="readingOrder {index:11;}">
                <Coords points="1202,740 2383,750 2413,707 1200,694"/>
                <Baseline points="1211,722 1271,726 1331,728 1391,728 1452,728 1512,726 1572,728 1633,728 1693,730 1753,731 1814,731 1874,733 1934,734 1994,734 2055,734 2115,732 2175,732 2236,731 2296,732 2356,736 2417,734"/>
                <TextEquiv>
                    <Unicode>kommen. Das ist der Grund, warum ich Ihrem so freundlichen</Unicode>
                </TextEquiv>
            </TextLine>
            <TextLine id="tr_1_tl_13" custom="readingOrder {index:12;}">
                <Coords points="1205,778 2422,793 2412,743 1205,729"/>
                <Baseline points="1214,773 1274,774 1335,776 1395,779 1456,776 1517,776 1577,776 1638,776 1698,776 1759,779 1820,779 1880,779 1941,779 2001,781 2062,782 2123,782 2183,782 2244,782 2304,783 2365,785 2426,785"/>
                <TextEquiv>
                    <Unicode>Wunsch, Ihnen etwas von mir zu schicken, nicht entspreche. Ich</Unicode>
                </TextEquiv>
            </TextLine>
            <TextLine id="tr_1_tl_14" custom="readingOrder {index:13;}">
                <Coords points="1202,825 2419,841 2419,795 2335,782 1202,778"/>
                <Baseline points="1211,817 1271,820 1332,822 1392,820 1453,823 1514,823 1574,823 1635,823 1695,823 1756,826 1817,826 1877,826 1938,826 1998,826 2059,826 2120,826 2180,826 2241,829 2301,826 2362,828 2423,832"/>
                <TextEquiv>
                    <Unicode>kann diesen Wunsch eben nur für eine Freundlichkeit halten, und daß</Unicode>
                </TextEquiv>
            </TextLine>
            <TextLine id="tr_1_tl_15" custom="readingOrder {index:14;}">
                <Coords points="1202,887 2418,894 2418,841 2349,831 1202,838"/>
                <Baseline points="1211,865 1271,866 1331,868 1392,871 1452,871 1513,871 1573,871 1634,871 1694,871 1755,871 1815,873 1875,871 1936,872 1996,874 2057,874 2117,874 2178,874 2238,871 2299,874 2359,876 2420,880"/>
                <TextEquiv>
                    <Unicode>ich bei einer gewissen Einsicht, zu der ich herangealtert bin, doch</Unicode>
                </TextEquiv>
            </TextLine>
            <TextLine id="tr_1_tl_16" custom="readingOrder {index:15;}">
                <Coords points="1205,916 2297,939 2413,936 2413,894 1204,890"/>
                <Baseline points="1214,913 1274,913 1334,915 1394,916 1454,916 1514,916 1574,919 1635,919 1695,917 1755,919 1815,921 1875,919 1935,919 1995,920 2056,922 2116,922 2176,921 2236,921 2296,922 2356,922 2417,925"/>
                <TextEquiv>
                    <Unicode>nicht so frei von Eitelkeit bin, um das Gelesenwerden nur der</Unicode>
                </TextEquiv>
            </TextLine>
            <TextLine id="tr_1_tl_17" custom="readingOrder {index:16;}">
                <Coords points="1202,975 2419,980 2419,937 2277,923 1202,933"/>
                <Baseline points="1211,961 1271,962 1332,964 1392,964 1453,965 1514,967 1574,967 1635,967 1695,967 1756,967 1817,967 1877,970 1938,968 1998,970 2059,970 2120,970 2180,970 2241,970 2301,970 2362,972 2423,976"/>
                <TextEquiv>
                    <Unicode>Reziprozität verdanken zu wollen, werden Sie begreiflich finden.</Unicode>
                </TextEquiv>
            </TextLine>
            <TextLine id="tr_1_tl_18" custom="readingOrder {index:17;}">
                <Coords points="1329,1032 2393,1047 2421,980 1328,988"/>
                <Baseline points="1337,1023 1391,1020 1445,1020 1500,1020 1554,1023 1609,1020 1663,1021 1718,1023 1772,1023 1827,1026 1881,1023 1935,1024 1990,1026 2044,1026 2099,1026 2153,1024 2208,1026 2262,1026 2317,1026 2371,1026 2426,1029"/>
                <TextEquiv>
                    <Unicode>Ja, mein lieber Schnitzler, es gibt schon Leute, die um</Unicode>
                </TextEquiv>
            </TextLine>
            <TextLine id="tr_1_tl_19" custom="readingOrder {index:18;}">
                <Coords points="1200,1083 2429,1083 2427,1035 1199,1037"/>
                <Baseline points="1208,1068 1269,1065 1330,1067 1391,1068 1452,1068 1514,1068 1575,1069 1636,1071 1697,1071 1758,1071 1820,1071 1881,1071 1942,1071 2003,1073 2064,1074 2126,1073 2187,1074 2248,1072 2309,1074 2370,1077 2432,1077"/>
                <TextEquiv>
                    <Unicode>zehn oder gar fünfzehn Jahre jünger als wir und fertige</Unicode>
                </TextEquiv>
            </TextLine>
            <TextLine id="tr_1_tl_20" custom="readingOrder {index:19;}">
                <Coords points="1202,1121 2422,1132 2422,1086 2370,1080 1202,1086"/>
                <Baseline points="1211,1101 1271,1113 1332,1113 1393,1116 1454,1116 1514,1116 1575,1117 1636,1119 1697,1119 1757,1117 1818,1119 1879,1119 1940,1119 2000,1119 2061,1119 2122,1122 2183,1119 2243,1120 2304,1122 2365,1122 2426,1125"/>
                <TextEquiv>
                    <Unicode>Künstler sind. Ich weiß ganz wohl, daß darin einige Melancholie</Unicode>
                </TextEquiv>
            </TextLine>
            <TextLine id="tr_1_tl_21" custom="readingOrder {index:20;}">
                <Coords points="1205,1167 2426,1176 2424,1136 2321,1127 1204,1121"/>
                <Baseline points="1214,1161 1274,1161 1335,1161 1396,1161 1457,1162 1517,1162 1578,1164 1639,1164 1700,1164 1760,1165 1821,1167 1882,1167 1943,1167 2003,1167 2064,1167 2125,1170 2186,1168 2246,1167 2307,1170 2368,1170 2429,1173"/>
                <TextEquiv>
                    <Unicode>liegt. Aber wir wollen uns nur freuen. Sie speziell sind wie</Unicode>
                </TextEquiv>
            </TextLine>
            <TextLine id="tr_1_tl_22" custom="readingOrder {index:21;}">
                <Coords points="1208,1219 2410,1239 2410,1182 1207,1170"/>
                <Baseline points="1217,1205 1276,1206 1336,1208 1396,1205 1456,1208 1516,1208 1576,1211 1635,1209 1695,1211 1755,1211 1815,1213 1875,1213 1935,1214 1995,1214 2054,1212 2114,1214 2174,1214 2234,1214 2294,1214 2354,1215 2414,1214"/>
                <TextEquiv>
                    <Unicode>die jungen Mädchen, die erst spät in die Gesellschaften ge¬</Unicode>
                </TextEquiv>
            </TextLine>
            <TextLine id="tr_1_tl_23" custom="readingOrder {index:22;}">
                <Coords points="1205,1263 2410,1283 2410,1239 2268,1223 1205,1220"/>
                <Baseline points="1214,1253 1274,1253 1334,1253 1394,1256 1454,1256 1514,1256 1574,1256 1634,1259 1694,1259 1754,1259 1814,1260 1874,1260 1934,1259 1994,1262 2054,1264 2114,1262 2174,1262 2234,1262 2294,1262 2354,1262 2414,1259"/>
                <TextEquiv>
                    <Unicode>kommen sind. Man sieht Ihnen Ihre dreißig Jahre nicht an —</Unicode>
                </TextEquiv>
            </TextLine>
            <TextLine id="tr_1_tl_24" custom="readingOrder {index:23;}">
                <Coords points="1197,1325 1458,1305 1544,1325 1839,1315 1838,1277 1755,1266 1605,1285 1493,1263 1196,1272"/>
                <Baseline points="1205,1298 1236,1300 1268,1301 1300,1301 1332,1299 1364,1298 1395,1299 1427,1301 1459,1303 1491,1304 1523,1304 1554,1304 1586,1304 1618,1305 1650,1307 1682,1305 1713,1304 1745,1304 1777,1306 1809,1307 1841,1307"/>
                <TextEquiv>
                    <Unicode>verstehen Sie es im guten Sinne.</Unicode>
                </TextEquiv>
            </TextLine>
            <TextLine id="tr_1_tl_25" custom="readingOrder {index:24;}">
                <Coords points="1328,1360 2207,1380 2410,1369 2409,1323 1326,1311"/>
                <Baseline points="1334,1346 1388,1349 1442,1348 1496,1348 1550,1351 1604,1352 1658,1352 1712,1353 1766,1355 1820,1355 1874,1355 1928,1355 1982,1355 2036,1357 2090,1358 2144,1358 2198,1358 2252,1360 2306,1359 2360,1361 2414,1361"/>
                <TextEquiv>
                    <Unicode>Wenn Sie mich, wie Sie im Sommer schrieben, immer</Unicode>
                </TextEquiv>
            </TextLine>
            <TextLine id="tr_1_tl_26" custom="readingOrder {index:25;}">
                <Coords points="1202,1409 2338,1432 2410,1421 2410,1370 1200,1351"/>
                <Baseline points="1211,1393 1271,1393 1331,1395 1391,1396 1451,1396 1511,1396 1571,1396 1632,1399 1692,1401 1752,1399 1812,1399 1872,1401 1932,1402 1992,1405 2053,1405 2113,1405 2173,1405 2233,1405 2293,1405 2353,1406 2414,1405"/>
                <TextEquiv>
                    <Unicode>ein Stück Weges vor sich sehen — der Vorsprung ist mit Müdig¬</Unicode>
                </TextEquiv>
            </TextLine>
            <TextLine id="tr_1_tl_27" custom="readingOrder {index:26;}">
                <Coords points="1202,1452 2419,1468 2410,1413 1202,1409"/>
                <Baseline points="1211,1441 1271,1442 1332,1444 1392,1444 1453,1445 1514,1447 1574,1447 1635,1447 1695,1447 1756,1450 1817,1450 1877,1450 1938,1454 1998,1454 2059,1456 2120,1452 2180,1452 2241,1456 2301,1453 2362,1455 2423,1456"/>
                <TextEquiv>
                    <Unicode>keit bezahlt gewesen, und heute, wie gesagt, sitze ich schon auf</Unicode>
                </TextEquiv>
            </TextLine>
            <TextLine id="tr_1_tl_28" custom="readingOrder {index:27;}">
                <Coords points="1205,1507 2429,1508 2429,1465 2314,1459 1205,1455"/>
                <Baseline points="1214,1489 1274,1492 1335,1490 1396,1492 1457,1492 1518,1492 1579,1495 1640,1495 1701,1495 1762,1495 1823,1495 1883,1498 1944,1498 2005,1498 2066,1501 2127,1501 2188,1501 2249,1501 2310,1501 2371,1504 2432,1501"/>
                <TextEquiv>
                    <Unicode>einem Stein der Landstraße und lasse die anderen an mir</Unicode>
                </TextEquiv>
            </TextLine>
            <TextLine id="tr_1_tl_29" custom="readingOrder {index:28;}">
                <Coords points="1199,1545 1277,1562 1401,1548 1527,1559 1528,1502 1487,1513 1464,1501 1364,1505 1325,1494 1227,1507 1200,1496"/>
                <Baseline points="1208,1540 1234,1538 1261,1540 1288,1540 1315,1540 1342,1540 1369,1540 1396,1540 1423,1542 1450,1542 1477,1538 1504,1533 1531,1528"/>
                <TextEquiv>
                    <Unicode>vorüberkommen.“</Unicode>
                </TextEquiv>
            </TextLine>
            <TextLine id="tr_1_tl_30" custom="readingOrder {index:29;}">
                <Coords points="1317,1609 2422,1612 2422,1551 2254,1534 1949,1573 1609,1534 1317,1563"/>
                <Baseline points="1325,1593 1380,1596 1435,1597 1490,1599 1545,1599 1600,1599 1655,1599 1710,1599 1765,1599 1820,1602 1875,1602 1930,1602 1985,1602 2040,1602 2095,1603 2150,1605 2205,1605 2260,1605 2315,1605 2370,1605 2426,1608"/>
                <TextEquiv>
                    <Unicode>Dann einen Monat später: „Meine Munuskripte! Ich habe</Unicode>
                </TextEquiv>
            </TextLine>
            <TextLine id="tr_1_tl_31" custom="readingOrder {index:30;}">
                <Coords points="1199,1657 2378,1674 2419,1625 1197,1594"/>
                <Baseline points="1208,1644 1268,1642 1329,1644 1390,1647 1451,1644 1511,1644 1572,1644 1633,1645 1694,1647 1754,1647 1815,1650 1876,1650 1937,1650 1997,1650 2058,1650 2119,1653 2180,1651 2240,1653 2301,1653 2362,1653 2423,1653"/>
                <TextEquiv>
                    <Unicode>sie vergessen. Von der Kunstübung ist mir nur etwas Liebe zur</Unicode>
                </TextEquiv>
            </TextLine>
            <TextLine id="tr_1_tl_32" custom="readingOrder {index:31;}">
                <Coords points="1199,1697 2418,1715 2416,1663 2344,1655 1199,1657"/>
                <Baseline points="1208,1686 1268,1692 1329,1694 1389,1692 1450,1695 1511,1695 1571,1695 1632,1695 1692,1695 1753,1695 1814,1697 1874,1698 1935,1696 1995,1698 2056,1698 2117,1698 2177,1698 2238,1701 2298,1701 2359,1701 2420,1701"/>
                <TextEquiv>
                    <Unicode>Kunst geblieben und an manchen Tagen und in verlorenen Stunden</Unicode>
                </TextEquiv>
            </TextLine>
            <TextLine id="tr_1_tl_33" custom="readingOrder {index:32;}">
                <Coords points="1199,1756 2422,1749 2318,1707 1199,1698"/>
                <Baseline points="1208,1740 1268,1740 1329,1742 1390,1740 1451,1741 1512,1743 1573,1743 1634,1742 1695,1746 1756,1743 1817,1745 1877,1746 1938,1746 1999,1748 2060,1746 2121,1746 2182,1746 2243,1749 2304,1750 2365,1750 2426,1746"/>
                <TextEquiv>
                    <Unicode>ein Heimweh nach der Dichtung. Nicht ungestraft ist man Jour¬</Unicode>
                </TextEquiv>
            </TextLine>
            <TextLine id="tr_1_tl_34" custom="readingOrder {index:33;}">
                <Coords points="1199,1798 2419,1815 2392,1756 1199,1762"/>
                <Baseline points="1208,1787 1268,1787 1329,1789 1390,1787 1451,1787 1511,1789 1572,1787 1633,1790 1694,1790 1754,1790 1815,1790 1876,1790 1937,1790 1997,1792 2058,1793 2119,1793 2180,1793 2240,1793 2301,1794 2362,1796 2423,1793"/>
                <TextEquiv>
                    <Unicode>nalist. Ich bemühe mich, dieses Metier, das der kleine reizende</Unicode>
                </TextEquiv>
            </TextLine>
            <TextLine id="tr_1_tl_35" custom="readingOrder {index:34;}">
                <Coords points="1199,1850 2422,1867 2373,1801 2259,1831 1199,1795"/>
                <Baseline points="1208,1832 1268,1835 1329,1835 1390,1838 1451,1837 1512,1835 1573,1838 1634,1838 1695,1838 1756,1840 1817,1840 1877,1841 1938,1841 1999,1841 2060,1841 2121,1841 2182,1841 2243,1844 2304,1844 2365,1842 2426,1841"/>
                <TextEquiv>
                    <Unicode>Hoffmannsthal verachtet, so unpanamistisch als möglich zu be¬</Unicode>
                </TextEquiv>
            </TextLine>
            <TextLine id="tr_1_tl_36" custom="readingOrder {index:35;}">
                <Coords points="1191,1893 1525,1891 1643,1913 1749,1893 1834,1913 1834,1856 1724,1839 1619,1859 1191,1847"/>
                <Baseline points="1199,1880 1232,1882 1266,1883 1299,1883 1333,1883 1367,1883 1400,1884 1434,1886 1468,1886 1501,1886 1535,1885 1568,1884 1602,1886 1636,1884 1669,1884 1703,1886 1737,1886 1770,1888 1804,1889 1838,1889"/>
                <TextEquiv>
                    <Unicode>treiben und schaue der Politik zu.</Unicode>
                </TextEquiv>
            </TextLine>
            <TextLine id="tr_1_tl_37" custom="readingOrder {index:36;}">
                <Coords points="1314,1952 2416,1963 2416,1899 2303,1871 1968,1917 1314,1903"/>
                <Baseline points="1322,1940 1376,1940 1431,1941 1486,1941 1541,1940 1596,1940 1651,1941 1706,1943 1761,1943 1816,1943 1871,1943 1925,1943 1980,1943 2035,1943 2090,1943 2145,1943 2200,1945 2255,1946 2310,1949 2365,1946 2420,1946"/>
                <TextEquiv>
                    <Unicode>Manchmal komme ich mir vor wie David Copperfield, der</Unicode>
                </TextEquiv>
            </TextLine>
            <TextLine id="tr_1_tl_38" custom="readingOrder {index:37;}">
                <Coords points="1199,1986 2354,2020 2354,1949 1199,1954"/>
                <Baseline points="1208,1984 1265,1985 1323,1987 1380,1987 1438,1987 1495,1985 1553,1987 1610,1987 1668,1987 1725,1987 1783,1990 1840,1987 1898,1990 1955,1990 2013,1990 2070,1990 2128,1990 2185,1990 2243,1993 2300,1993 2358,1987"/>
                <TextEquiv>
                    <Unicode>Stenograph — erinnern Sie sich der wonnevollen Stelle?</Unicode>
                </TextEquiv>
            </TextLine>
            <TextLine id="tr_1_tl_39" custom="readingOrder {index:38;}">
                <Coords points="1200,2060 2222,2044 2208,2001 1199,1991"/>
                <Baseline points="1208,2035 1258,2035 1309,2035 1360,2035 1411,2035 1462,2035 1513,2035 1564,2035 1615,2035 1666,2036 1717,2038 1767,2038 1818,2038 1869,2038 1920,2038 1971,2041 2022,2041 2073,2041 2124,2041 2175,2041 2226,2041"/>
                <TextEquiv>
                    <Unicode>und manchmal halte ich mich für einen Staatsjuristen."</Unicode>
                </TextEquiv>
            </TextLine>
            <TextLine id="tr_1_tl_40" custom="readingOrder {index:39;}">
                <Coords points="1311,2101 2197,2110 2197,2064 2092,2047 1311,2055"/>
                <Baseline points="1319,2092 1363,2092 1407,2092 1451,2092 1495,2095 1539,2095 1583,2092 1627,2092 1671,2095 1715,2095 1759,2093 1803,2094 1847,2095 1891,2097 1935,2098 1979,2098 2023,2098 2067,2098 2111,2098 2155,2096 2199,2092"/>
                <TextEquiv>
                    <Unicode>Noch aufschlußreicher ist der nachfolgende Brief:</Unicode>
                </TextEquiv>
            </TextLine>
            <TextLine id="tr_1_tl_41" custom="readingOrder {index:40;}">
                <Coords points="1323,2165 2396,2173 2413,2124 2266,2087 2055,2130 1321,2105"/>
                <Baseline points="1331,2152 1385,2149 1439,2149 1493,2149 1548,2152 1602,2149 1656,2150 1711,2152 1765,2150 1819,2152 1874,2152 1928,2152 1982,2152 2036,2154 2091,2152 2145,2155 2199,2155 2254,2155 2308,2155 2362,2158 2417,2158"/>
                <TextEquiv>
                    <Unicode>„Mein lieber Freund! Wie ernst muß es mir mit meinem</Unicode>
                </TextEquiv>
            </TextLine>
            <TextLine id="tr_1_tl_42" custom="readingOrder {index:41;}">
                <Coords points="1191,2213 2419,2225 2383,2162 1191,2167"/>
                <Baseline points="1199,2193 1260,2196 1321,2198 1382,2196 1443,2196 1505,2196 1566,2196 1627,2198 1688,2196 1749,2199 1811,2197 1872,2199 1933,2200 1994,2202 2055,2202 2117,2202 2178,2202 2239,2204 2300,2202 2361,2202 2423,2205"/>
                <TextEquiv>
                    <Unicode>Entschluß sein, meine Theaterstücke begraben sein zu lassen, wenn</Unicode>
                </TextEquiv>
            </TextLine>
            <TextLine id="tr_1_tl_43" custom="readingOrder {index:42;}">
                <Coords points="1196,2256 2415,2274 2413,2223 2305,2205 1196,2210"/>
                <Baseline points="1205,2241 1265,2245 1326,2247 1386,2244 1447,2245 1508,2247 1568,2244 1629,2244 1689,2244 1750,2247 1811,2247 1871,2250 1932,2250 1992,2250 2053,2250 2114,2251 2174,2251 2235,2253 2295,2253 2356,2253 2417,2253"/>
                <TextEquiv>
                    <Unicode>ich sie selbst auf Ihre liebe und unter solchen Umständen wieder¬</Unicode>
                </TextEquiv>
            </TextLine>
            <TextLine id="tr_1_tl_44" custom="readingOrder {index:43;}">
                <Coords points="1196,2320 1413,2337 1717,2303 1873,2324 1873,2259 1810,2249 1547,2274 1416,2251 1196,2262"/>
                <Baseline points="1205,2295 1238,2295 1272,2295 1305,2295 1339,2295 1373,2295 1406,2295 1440,2295 1473,2295 1507,2295 1541,2295 1574,2295 1608,2295 1641,2295 1675,2295 1709,2295 1742,2295 1776,2295 1809,2295 1843,2296 1877,2301"/>
                <TextEquiv>
                    <Unicode>holte Aufforderung nicht hervorhole.</Unicode>
                </TextEquiv>
            </TextLine>
            <TextLine id="tr_1_tl_45" custom="readingOrder {index:44;}">
                <Coords points="1459,2778 1906,2779 1906,2715 1888,2706 1821,2736 1617,2724 1577,2698 1459,2726"/>
                <Baseline points="1468,2761 1494,2763 1520,2764 1546,2766 1572,2767 1598,2767 1624,2767 1650,2767 1676,2767 1702,2767 1728,2769 1754,2768 1780,2767 1806,2767 1832,2767 1858,2767 1884,2767 1910,2767"/>
                <TextEquiv>
                    <Unicode>Neues Wiener Journal</Unicode>
                </TextEquiv>
            </TextLine>
            <TextLine id="tr_1_tl_46" custom="readingOrder {index:45;}">
                <Coords points="1217,2840 2318,2850 2297,2802 1655,2831 1217,2801"/>
                <Baseline points="1226,2835 1280,2838 1335,2838 1390,2838 1445,2838 1500,2838 1554,2841 1609,2841 1664,2841 1719,2841 1774,2841 1828,2841 1883,2841 1938,2841 1993,2841 2048,2841 2102,2839 2157,2838 2212,2838 2267,2840 2322,2841"/>
                <TextEquiv>
                    <Unicode>Verzeihen Sie es mir, aber ich will nichts mehr von mir</Unicode>
                </TextEquiv>
            </TextLine>
            <TextLine id="tr_1_tl_47" custom="readingOrder {index:46;}">
                <Coords points="1110,2891 2311,2897 2311,2854 2257,2845 1110,2854"/>
                <Baseline points="1119,2880 1178,2884 1238,2886 1298,2886 1357,2886 1417,2888 1477,2889 1536,2889 1596,2889 1656,2889 1716,2889 1775,2889 1835,2892 1895,2891 1954,2889 2014,2889 2074,2889 2133,2889 2193,2886 2253,2887 2313,2886"/>
                <TextEquiv>
                    <Unicode>wissen, ich bin nur mehr Journalist. Ich gehe als Komfortabel¬</Unicode>
                </TextEquiv>
            </TextLine>
            <TextLine id="tr_1_tl_48" custom="readingOrder {index:47;}">
                <Coords points="1113,2948 2318,2946 2318,2906 2239,2893 1113,2891"/>
                <Baseline points="1122,2931 1182,2931 1242,2931 1302,2934 1362,2934 1422,2934 1482,2934 1542,2934 1602,2934 1662,2937 1722,2937 1782,2937 1842,2937 1902,2937 1962,2937 2022,2937 2082,2937 2142,2937 2202,2934 2262,2934 2322,2931"/>
                <TextEquiv>
                    <Unicode>pferd in der Gabel, und nur wenn eine Militärmusik vorüber¬</Unicode>
                </TextEquiv>
            </TextLine>
            <TextLine id="tr_1_tl_49" custom="readingOrder {index:48;}">
                <Coords points="1116,3000 2118,3004 2118,2948 2058,2940 1116,2946"/>
                <Baseline points="1125,2984 1174,2981 1224,2983 1274,2981 1324,2981 1374,2981 1424,2981 1473,2983 1523,2981 1573,2984 1623,2984 1673,2984 1723,2984 1773,2984 1822,2984 1872,2984 1922,2984 1972,2984 2022,2984 2072,2984 2122,2984"/>
                <TextEquiv>
                    <Unicode>spielt, mache ich einige komisch aussehende Tanzschritte.</Unicode>
                </TextEquiv>
            </TextLine>
            <TextLine id="tr_1_tl_50" custom="readingOrder {index:49;}">
                <Coords points="1230,3046 2323,3032 2278,2986 2073,3015 1692,2989 1652,3020 1230,2986"/>
                <Baseline points="1238,3029 1292,3029 1346,3029 1401,3029 1455,3029 1509,3031 1564,3032 1618,3032 1672,3032 1727,3032 1781,3032 1835,3029 1890,3032 1944,3032 1998,3032 2053,3032 2107,3032 2161,3029 2216,3029 2270,3029 2325,3023"/>
                <TextEquiv>
                    <Unicode>Ich glaube Ihnen das schon einmal auseinander¬</Unicode>
                </TextEquiv>
            </TextLine>
            <TextLine id="tr_1_tl_51" custom="readingOrder {index:50;}">
                <Coords points="1110,3092 2315,3090 2268,3035 1110,3035"/>
                <Baseline points="1119,3077 1179,3074 1239,3076 1299,3077 1359,3075 1419,3077 1479,3074 1539,3077 1599,3079 1659,3077 1719,3078 1779,3080 1839,3080 1899,3077 1959,3077 2019,3077 2079,3078 2139,3078 2199,3077 2259,3077 2319,3077"/>
                <TextEquiv>
                    <Unicode>gesetzt zu haben. Es ist weniger Verdruß über meine Mißerfolge,</Unicode>
                </TextEquiv>
            </TextLine>
            <TextLine id="tr_1_tl_52" custom="readingOrder {index:51;}">
                <Coords points="1110,3144 2326,3150 2315,3087 1110,3095"/>
                <Baseline points="1119,3122 1179,3122 1239,3122 1300,3125 1360,3124 1421,3124 1481,3125 1542,3125 1602,3127 1663,3128 1723,3128 1783,3125 1844,3128 1904,3126 1965,3125 2025,3125 2086,3125 2146,3125 2207,3125 2267,3125 2328,3125"/>
                <TextEquiv>
                    <Unicode>über die wegwerfende Behandlung, die mir von der Kritik zuteil</Unicode>
                </TextEquiv>
            </TextLine>
            <TextLine id="tr_1_tl_53" custom="readingOrder {index:52;}">
                <Coords points="1110,3182 2274,3180 2199,3131 1110,3144"/>
                <Baseline points="1119,3169 1176,3169 1234,3167 1292,3166 1350,3170 1408,3172 1466,3172 1524,3172 1582,3172 1640,3174 1698,3175 1755,3175 1813,3175 1871,3172 1929,3172 1987,3172 2045,3172 2103,3172 2161,3171 2219,3169 2277,3164"/>
                <TextEquiv>
                    <Unicode>wurde — denn was sie loben, macht ihren Tadel wertlos</Unicode>
                </TextEquiv>
            </TextLine>
            <TextLine id="tr_1_tl_54" custom="readingOrder {index:53;}">
                <Coords points="1110,3225 2321,3225 2283,3180 1110,3179"/>
                <Baseline points="1119,3217 1179,3214 1239,3216 1299,3217 1360,3217 1420,3219 1480,3220 1541,3220 1601,3223 1661,3221 1722,3223 1782,3223 1842,3222 1902,3220 1963,3220 2023,3220 2083,3220 2144,3217 2204,3217 2264,3217 2325,3214"/>
                <TextEquiv>
                    <Unicode>als Neue über meine frühere leichtsinnige unkünstlerische und er¬</Unicode>
                </TextEquiv>
            </TextLine>
            <TextLine id="tr_1_tl_55" custom="readingOrder {index:54;}">
                <Coords points="1110,3288 2321,3274 2321,3229 1110,3225"/>
                <Baseline points="1119,3268 1179,3265 1239,3265 1299,3265 1360,3265 1420,3265 1480,3268 1541,3268 1601,3268 1661,3270 1722,3268 1782,3271 1842,3268 1902,3268 1963,3268 2023,3268 2083,3266 2144,3268 2204,3265 2264,3265 2325,3262"/>
                <TextEquiv>
                    <Unicode>folghascherische Produktion. Zur Strafe habe ich mich eingemauert</Unicode>
                </TextEquiv>
            </TextLine>
            <TextLine id="tr_1_tl_56" custom="readingOrder {index:55;}">
                <Coords points="1107,3323 2323,3323 2259,3274 1107,3289"/>
                <Baseline points="1116,3310 1176,3310 1236,3312 1297,3313 1357,3313 1418,3313 1478,3316 1539,3316 1599,3316 1660,3316 1720,3317 1780,3316 1841,3318 1901,3316 1962,3316 2022,3314 2083,3314 2143,3313 2204,3313 2264,3313 2325,3310"/>
                <TextEquiv>
                    <Unicode>und begraben. Aber wäre ich frei, hoffnungsvoll wie in meiner</Unicode>
                </TextEquiv>
            </TextLine>
            <TextLine id="tr_1_tl_57" custom="readingOrder {index:56;}">
                <Coords points="1110,3376 2326,3372 2326,3320 1110,3320"/>
                <Baseline points="1119,3361 1179,3359 1239,3361 1300,3361 1360,3361 1421,3363 1481,3363 1542,3363 1602,3363 1663,3363 1723,3363 1783,3363 1844,3363 1904,3363 1965,3363 2025,3363 2086,3361 2146,3361 2207,3361 2267,3361 2328,3358"/>
                <TextEquiv>
                    <Unicode>Jugend, könnte ich dichtend in irgendeiner angenehmen Landschaft</Unicode>
                </TextEquiv>
            </TextLine>
            <TextLine id="tr_1_tl_58" custom="readingOrder {index:57;}">
                <Coords points="1110,3415 2326,3422 2311,3369 1110,3372"/>
                <Baseline points="1119,3405 1179,3405 1239,3407 1300,3408 1360,3408 1421,3406 1481,3408 1542,3411 1602,3411 1663,3411 1723,3411 1783,3411 1844,3411 1904,3411 1965,3411 2025,3408 2086,3408 2146,3408 2207,3405 2267,3405 2328,3402"/>
                <TextEquiv>
                    <Unicode>herumwandeln — ich glaube, ich schriebe doch nicht mehr fürs</Unicode>
                </TextEquiv>
            </TextLine>
            <TextLine id="tr_1_tl_59" custom="readingOrder {index:58;}">
                <Coords points="1116,3471 2321,3467 2321,3419 2243,3413 1116,3419"/>
                <Baseline points="1125,3450 1185,3454 1245,3456 1305,3459 1365,3457 1425,3457 1485,3459 1545,3459 1605,3459 1665,3456 1725,3459 1785,3459 1845,3459 1905,3457 1965,3459 2025,3456 2085,3456 2145,3456 2205,3455 2265,3453 2325,3456"/>
                <TextEquiv>
                    <Unicode>Theater. Ich glaube, ich würde still in mich hineinräsonieren</Unicode>
                </TextEquiv>
            </TextLine>
            <TextLine id="tr_1_tl_60" custom="readingOrder {index:59;}">
                <Coords points="1116,3513 2321,3505 2321,3465 2230,3462 1116,3473"/>
                <Baseline points="1125,3498 1185,3501 1245,3501 1305,3504 1365,3504 1425,3504 1485,3507 1545,3504 1605,3506 1665,3504 1725,3504 1785,3504 1845,3504 1905,3504 1965,3506 2025,3504 2085,3504 2145,3504 2205,3504 2265,3501 2325,3498"/>
                <TextEquiv>
                    <Unicode>und lächeln und empfände nicht das Bedürfnis, dem Premieren¬</Unicode>
                </TextEquiv>
            </TextLine>
            <TextLine id="tr_1_tl_61" custom="readingOrder {index:60;}">
                <Coords points="1113,3559 2329,3568 2329,3511 2285,3508 1113,3519"/>
                <Baseline points="1122,3549 1182,3549 1242,3549 1303,3549 1363,3550 1424,3552 1484,3552 1545,3552 1605,3552 1666,3552 1726,3552 1786,3552 1847,3552 1907,3552 1968,3555 2028,3552 2089,3552 2149,3552 2210,3549 2270,3549 2331,3549"/>
                <TextEquiv>
                    <Unicode>publikum von Wien oder Berlin oder irgendeiner anderen Stadt</Unicode>
                </TextEquiv>
            </TextLine>
            <TextLine id="tr_1_tl_62" custom="readingOrder {index:61;}">
                <Coords points="1119,3621 1740,3609 1740,3579 1690,3560 1119,3562"/>
                <Baseline points="1128,3593 1158,3595 1189,3596 1220,3596 1251,3594 1281,3594 1312,3596 1343,3596 1374,3596 1404,3597 1435,3599 1466,3599 1497,3599 1527,3599 1558,3599 1589,3599 1620,3599 1650,3599 1681,3599 1712,3599 1743,3599"/>
                <TextEquiv>
                    <Unicode>sein Händeklatschen herauszulocken.</Unicode>
                </TextEquiv>
            </TextLine>
            <TextLine id="tr_1_tl_63" custom="readingOrder {index:62;}">
                <Coords points="1233,3657 2326,3652 2286,3579 2015,3620 1233,3611"/>
                <Baseline points="1241,3644 1295,3644 1349,3644 1404,3644 1458,3644 1512,3644 1567,3644 1621,3647 1675,3647 1730,3647 1784,3644 1838,3644 1893,3645 1947,3647 2001,3647 2056,3647 2110,3644 2164,3644 2219,3646 2273,3645 2328,3641"/>
                <TextEquiv>
                    <Unicode>Ich glaube es am 13. Mai 1893 wie nun schon seit zwei</Unicode>
                </TextEquiv>
            </TextLine>
            <TextLine id="tr_1_tl_64" custom="readingOrder {index:63;}">
                <Coords points="1113,3696 2331,3721 2312,3652 1113,3650"/>
                <Baseline points="1122,3692 1182,3692 1243,3690 1303,3692 1364,3692 1425,3692 1485,3692 1546,3692 1606,3694 1667,3695 1728,3693 1788,3695 1849,3695 1909,3695 1970,3695 2031,3695 2091,3693 2152,3692 2212,3692 2273,3692 2334,3692"/>
                <TextEquiv>
                    <Unicode>Jahren fast ununterbrochen. Die Stimmung ist so dauerhaft, daß</Unicode>
                </TextEquiv>
            </TextLine>
            <TextLine id="tr_1_tl_65" custom="readingOrder {index:64;}">
                <Coords points="1113,3761 1703,3750 1703,3709 1657,3701 1612,3715 1113,3696"/>
                <Baseline points="1122,3740 1151,3740 1180,3740 1209,3740 1239,3738 1268,3737 1297,3737 1326,3739 1356,3739 1385,3737 1414,3739 1443,3740 1473,3740 1502,3740 1531,3740 1560,3740 1590,3740 1619,3740 1648,3742 1677,3743 1707,3743"/>
                <TextEquiv>
                    <Unicode>sie wohl schon die definitive ist.</Unicode>
                </TextEquiv>
            </TextLine>
            <TextLine id="tr_1_tl_66" custom="readingOrder {index:65;}">
                <Coords points="1227,3793 2328,3796 2309,3735 2237,3768 2072,3733 1965,3765 1879,3735 1227,3758"/>
                <Baseline points="1235,3781 1289,3785 1344,3786 1399,3784 1454,3784 1509,3787 1563,3787 1618,3787 1673,3789 1728,3787 1783,3787 1837,3787 1892,3787 1947,3787 2002,3787 2057,3785 2111,3787 2166,3785 2221,3784 2276,3784 2331,3781"/>
                <TextEquiv>
                    <Unicode>Herzl erzählt in einem späteren Briefe an Schnitzler noch</Unicode>
                </TextEquiv>
            </TextLine>
            <TextLine id="tr_1_tl_67" custom="readingOrder {index:66;}">
                <Coords points="1116,3840 2328,3840 2328,3794 2245,3787 1116,3798"/>
                <Baseline points="1125,3835 1185,3832 1245,3832 1305,3832 1366,3834 1426,3834 1486,3835 1547,3835 1607,3835 1667,3835 1728,3837 1788,3835 1848,3835 1908,3835 1969,3835 2029,3834 2089,3834 2150,3832 2210,3832 2270,3832 2331,3829"/>
                <TextEquiv>
                    <Unicode>von seinem schon komischen Mißgeschick beim Theater, von allerlei</Unicode>
                </TextEquiv>
            </TextLine>
            <TextLine id="tr_1_tl_68" custom="readingOrder {index:67;}">
                <Coords points="1119,3891 2335,3885 2335,3853 2190,3836 1119,3842"/>
                <Baseline points="1128,3880 1188,3880 1248,3880 1309,3880 1369,3881 1430,3883 1490,3883 1551,3883 1611,3883 1672,3883 1732,3883 1792,3883 1853,3883 1913,3881 1974,3883 2034,3882 2095,3880 2155,3880 2216,3880 2276,3880 2337,3880"/>
                <TextEquiv>
                    <Unicode>Tücken, Mißverständnissen und Kurzsichtigkeiten seiner Direktoren</Unicode>
                </TextEquiv>
            </TextLine>
            <TextLine id="tr_1_tl_69" custom="readingOrder {index:68;}">
                <Coords points="1116,3941 2332,3937 2321,3888 1116,3902"/>
                <Baseline points="1125,3928 1185,3928 1245,3928 1306,3928 1366,3928 1427,3928 1487,3928 1548,3929 1608,3931 1669,3931 1729,3929 1789,3931 1850,3931 1910,3931 1971,3931 2031,3930 2092,3928 2152,3928 2213,3928 2273,3928 2334,3925"/>
                <TextEquiv>
                    <Unicode>und Beurteiler. Der Brief ist reich an Ironie und überlegenem</Unicode>
                </TextEquiv>
            </TextLine>
            <TextLine id="tr_1_tl_70" custom="readingOrder {index:69;}">
                <Coords points="1119,3987 2331,3989 2305,3938 1119,3937"/>
                <Baseline points="1128,3975 1188,3975 1248,3975 1308,3975 1369,3975 1429,3975 1489,3975 1550,3976 1610,3978 1670,3978 1731,3978 1791,3978 1851,3978 1911,3976 1972,3975 2032,3975 2092,3975 2153,3975 2213,3975 2273,3975 2334,3972"/>
                <TextEquiv>
                    <Unicode>Humor, wenn es auch hier an schwermütig resignierten Ausklangen</Unicode>
                </TextEquiv>
            </TextLine>
            <TextLine id="tr_1_tl_71" custom="readingOrder {index:70;}">
                <Coords points="1122,4042 2331,4035 2331,3989 2248,3984 1608,4016 1122,3986"/>
                <Baseline points="1131,4023 1191,4023 1251,4023 1311,4023 1371,4023 1431,4023 1491,4024 1552,4026 1612,4026 1672,4026 1732,4026 1792,4026 1852,4026 1912,4024 1973,4026 2033,4026 2093,4024 2153,4023 2213,4023 2273,4023 2334,4020"/>
                <TextEquiv>
                    <Unicode>nicht fehlt. Kellner meint, daß diese philosophische Ueberwindung</Unicode>
                </TextEquiv>
            </TextLine>
            <TextLine id="tr_1_tl_72" custom="readingOrder {index:71;}">
                <Coords points="1119,4075 2328,4081 2292,4029 1119,4042"/>
                <Baseline points="1128,4068 1188,4071 1248,4071 1308,4071 1368,4071 1428,4071 1488,4071 1549,4074 1609,4074 1669,4074 1729,4071 1789,4073 1849,4074 1909,4071 1970,4073 2030,4071 2090,4073 2150,4071 2210,4071 2270,4071 2331,4068"/>
                <TextEquiv>
                    <Unicode>mehr als eine schöne Haltung denn als Tatsache anzusehen sei.</Unicode>
                </TextEquiv>
            </TextLine>
            <TextLine id="tr_1_tl_73" custom="readingOrder {index:72;}">
                <Coords points="1122,4124 2334,4127 2334,4078 1122,4076"/>
                <Baseline points="1131,4116 1191,4117 1251,4119 1311,4119 1372,4117 1432,4119 1492,4119 1553,4119 1613,4119 1673,4122 1734,4120 1794,4122 1854,4122 1914,4122 1975,4122 2035,4119 2095,4119 2156,4119 2216,4121 2276,4117 2337,4116"/>
                <TextEquiv>
                    <Unicode>Trotzdem sind die Schaffenden von solcher Wahrhaftigkeit gegen</Unicode>
                </TextEquiv>
            </TextLine>
            <TextLine id="tr_1_tl_74" custom="readingOrder {index:73;}">
                <Coords points="1125,4176 2328,4199 2328,4127 1770,4157 1704,4122 1597,4153 1125,4124"/>
                <Baseline points="1134,4163 1193,4166 1253,4166 1313,4169 1373,4168 1433,4168 1493,4169 1552,4170 1612,4170 1672,4172 1732,4168 1792,4170 1852,4169 1912,4169 1971,4169 2031,4169 2091,4167 2151,4167 2211,4163 2271,4164 2331,4166"/>
                <TextEquiv>
                    <Unicode>sich selbst selten, wie sie der zur Tat heranreifende Herzl</Unicode>
                </TextEquiv>
            </TextLine>
            <TextLine id="tr_1_tl_75" custom="readingOrder {index:74;}">
                <Coords points="1122,4219 1155,4219 1165,4228 1174,4228 1184,4219 1197,4228 1237,4220 1234,4180 1225,4179 1213,4167 1202,4168 1184,4179 1153,4179 1145,4171 1121,4179"/>
                <Baseline points="1131,4211 1157,4213 1184,4214 1211,4214 1238,4217"/>
                <TextEquiv>
                    <Unicode>besaß.</Unicode>
                </TextEquiv>
            </TextLine>
            <TextEquiv>
                <Unicode></Unicode>
            </TextEquiv>
        </TextRegion>
    </Page>
</PcGts>
