3344 4320
378 259 1052 367 Miscellaneous
1226 264 1649 363 box 42/1
1743 931 1935 1000 Sonntag
1113 931 1313 1009 Seite 20
1076 1015 2423 1081 Selbstverständlich sogleich und sehr bußfertig. Sie hatte diese der
1079 1063 2414 1126 Selbstbescheidung lächelnd entgegengenommen und sich auch mit sei ge
1079 1108 2403 1170 dieser zweiten Besetzung zufrieden gegeben. Anscheinend. Aber Zeit
1083 1160 2418 1221 schickte sie dem Dichter diese Karte, die ihm sagen sollte: Ich bin Stell
1086 1207 2423 1268 ja doch nicht so dumm, wie Du meinst, und den Schwindel mit nien
1083 1259 2418 1318 dem Herrn Dr. L. F. glaube ich Dir nicht, mein Lieber . . . ausz.
1190 1300 2424 1365 Was soll man machen, wenn die Leute so witzig sind? daran
1076 1350 2419 1416 Oder vielmehr, nein: meine Existenz scheint sich in einen Witz zu erbär
1089 1400 2404 1463 sublimieren. Denn wenn es wahr ist, wie es Raoul Auernheimer Und
2329 1448 2414 1508 irgen
1083 1448 2292 1506 einmal so hübsch formulierte, daß der Witz eine Wahrheit ist, die
1083 1485 2418 1553 man gerade in diesem Augenblick nicht erwartete — — du lieber krank
1083 1543 2431 1606 Gott, ich fange an, eine höchst unerwartete Wahrheit zu werden! Kame
2329 1592 2431 1653 Bozen
1083 1587 2292 1646 Eine wirklich witzige Wahrheit. Denn ich bin unwahrscheinlich
2329 1636 2424 1696 Woch
1086 1641 1481 1718 und wirklich zugleich.
1200 1671 2426 1742 Die Sache beginnt sehr, sehr peinlich zu werden. Es gibt wiede
1094 1738 2305 1792 Situationen, in denen man den Kopf verlieren kann. Nach einer
1094 1770 2423 1853 Premiere trat ich neulich mit einem befreundeten Schauspieler Weg
1083 1829 2423 1888 aus dem Bühnentürl des Deutschen Volkstheaters. Dort wartete, errei¬
1091 1881 2418 1940 wie das bei Premieren so üblich ist, ein stattliches Häuflein der
1094 1922 2438 1989 junger Enthusiasten. Als sie meiner ansichtig wurden, schrien sie er zu
1089 1974 2419 2033 sofort unisono: „Hoch Schnitzler!“ Das war mir doch zuviel, liebe¬
1089 2029 2429 2080 Ovationen einer begeisterten Menge zu empfangen, das grenzt an zer¬
1089 2066 2433 2127 Betrug. Und in meiner Erregung brüllte ich ziemlich unbesonnen: in di¬
1094 2120 2423 2182 „Ich bin ja nicht der Schnitzler, ihr Trottel!" Jetzt erwartete krank
1089 2165 2424 2226 ich, gelyncht zu werden. Statt dessen sagte einer der Vordersten, nicht
1094 2214 2308 2281 der offenbar über seine Jahre gebildet war, seelenruhig: „Dös
2330 2261 2426 2320 er w.
1094 2266 1584 2329 macht aa nix. Hoch Föld!
1212 2298 2429 2372 Uebrigens der Unfug hat auch seine Vorteile. Oder vielmehr ist ke
1089 2359 2404 2421 er hätte sie. Denn bei einer halbwegs merkantilen Veranlagung daß
2332 2408 2426 2470 sagt,
1101 2406 2303 2468 könnte ich ein glänzender Schnitzler-Schieber werden. Ich finde,
1094 2456 2423 2517 daß ich mir ein zwar arbeitsloses aber ganz korrektes Einkommen auch
1101 2497 2408 2557 leichtsinnig entgehen lasse. Artur Schnitzler sollte mir eine sehr mit
1094 2544 2426 2616 erhebliche Rente aussetzen; denn sein persönliches Ansehen, sein nicht
1094 2599 2308 2660 Ruf und seine Schätzung in der Stadt liegen in meinen Händen.
1101 2638 2431 2710 Es ist gar nicht auszudenken, wie ich ihn kompromittieren im K.
1101 2690 2438 2749 könnte. Zum Beispiel — und auch viel harmloser. Denn wenn die
2337 2742 2438 2801 zähle
1101 2739 2231 2798 ich mir ein Auto nehme, dann sagen die Leute: „Natürlich,
1105 2791 2431 2860 Schnitzler! Bei den Auflagen seiner Bücher!“ Und wenn ich Buch
1091 2831 2436 2900 meinen alten Hut aussetze, dann versichern sie: „Die Stücke vom Sitze
1101 2888 2414 2941 Schnitzler ziehen offenbar auch nicht mehr. Wenn man so einen und
2342 2929 2438 2998 ist de
1105 2939 1291 3016 Hut trägt
1216 2956 2438 3036 Aber, wie gesagt, mir fehlt jede großzügige Begabung. Ich könne
1101 3025 2436 3087 bleibe ein einer Unternehmer in Schnitzler=Verwechslung und Gym¬
1105 3080 2308 3134 dieser mesquine Betrieb rentiert sich absolut nicht. Offen gestanden.
2340 3077 2431 3134 hört.
1105 3127 2419 3191 ich zahle drauf dabei. Ich trage schwer am Kopf Schnitzlers. Es hat,
1105 3183 2433 3236 ist eben kein Vergnügen, ein Artur Schnitzler im übertragenen Da
1110 3220 2438 3297 Wirkungskreis zu sein. Und ich kann mir denken, daß man auf ihren
1101 3268 2312 3332 diesem Wege ein verärgerter und gehässiger Mensch wird. Nur
1110 3314 2431 3398 hat es mein Schicksal da doch gut mit mir gemeint. Vom Neid erlöst seien
1106 3359 2315 3420 nur eins: die Liebe. Und mit einem verehrten und lieben Meister
2344 3386 2438 3448 Es
1110 3418 2315 3484 verwechselt zu werden, hat auch manchmal ein Schönes: man
2340 3431 2439 3495 weiß¬
1116 3462 1429 3542 fühlt seine Nähe.
2337 3482 2431 3537 die
2340 3531 2445 3588 ernst¬
2337 3576 2419 3633 uns
2339 3625 2419 3682 ihre
1290 3588 2139 3689 Die liebe Krankheit.
2335 3668 2443 3724 „Wie
1669 3689 1765 3759 Von
2337 3717 2441 3776 Wori
2097 3727 2298 3793 .
1480 3724 1962 3835 Dr. A. Mißriegler.
2337 3766 2445 3827 sehen
1217 3801 2438 3882 Es war so etwa ein halbes Jahr vor Ende des Krieges, Kran
1101 3855 2436 3936 als ich, einen Kollegen zu vertreten, eine Zeitlang auf irgend¬ Oifiz
1106 3907 2441 3983 einer Punta in den Fassaneralpen saß. Es war zum Sterben lang¬
1101 3954 2441 4030 weilig dort oben in dem ewigen Schnee. Die Stellung war sehr Anse
1106 4015 2318 4074 exponiert, sehr wichtig, aber ganz klein. Kaum daß zwei leichte
1106 4030 2441 4117 Gebirgsgeschütze und ein paar Maschinengewehre neben der die
2342 4101 2446 4163 ander
1101 4109 2315 4170 Kompagnie noch Platz fanden. Wir hatten nichts anderes zu tun,
