3344 4256
194 272 295 371 1.
1196 259 1625 358 box 42/2
354 266 1025 377 Miscellaneous
1112 1381 1287 1499 975
1376 1379 1484 1504 26
335 1481 1507 1558 Verwirrung der Gefühle. Von Stefan Zweig liegt ein neuer
215 1487 1506 1602 den Novellenband im Insel-Verlag vor. Anscheinend durch den bei¬
226 1578 1507 1647 en spiellosen Erfolg seines Landsmannes Jacob Wassermann ange¬
230 1610 1512 1683 eit sport, schließt Stefan Zweig gleich jenem in seinem Novellen¬
320 1656 1507 1714 werk mit dem Titel „der Wendekreis die Bände erstes Er¬
307 1691 1491 1758 lebnis, Amok und Verwirrung der Gefühle zur „Kette“ zu
200 1714 1509 1804 in sammen. Man könnte die drei, unter dem Oberbegriff Ver¬
197 1784 1512 1837 ove-wirrung der Gefühle zusammengefaßten Novellen im Gegensatz
207 1814 1510 1888 Teil zu Stefan Zweigs erstem Bande letztes Erlebnis nennen.
308 1852 1506 1920 Nicht, als ob es Darstellungen von Sterbenden oder Selbst¬
307 1894 1501 1960 mördern wären, vielmehr sind es Herzensregungen, entscheidende
197 1930 1502 2001 ten Erlebnisse, die die Reaktionsfähigkeit der Seele ausschalten,
197 1981 1502 2042 ebs-letzte Streiche für vom Leben zerfetzte Menschen. Das Brio
202 2004 1507 2081 halb Stefan Zweigs ist atemversetzend, und man legt den Band
310 2052 1501 2107 kaum aus der Hand, bevor man ihn nicht in einem Zuge ausge¬
303 2091 1502 2160 lesen hat, was indes noch keinen Wert bedeutet. Gewiß, es ist
305 2132 1497 2198 ein spannendes Buch und mit Ausnahme einiger gewollt klin¬
300 2181 1501 2239 gender, eigentümlicher Wortverbindungen und der Häufung des
185 2201 1502 2280 utert unschönen „anderseits in sehr lesbarem Deutsch geschrieben.
185 2244 271 2291 irch¬
303 2258 1497 2326 Aber dessenungeachtet wirkt das Ganze zu gegenständlich, wie
187 2293 1497 2355 euen ein glänzender Film. Stefan Zweig ist kein Shakespeare oder
195 2324 279 2373 viel¬
308 2332 1501 2404 Wedekind, kein von der Dämonie Besessener, der die Materie
197 2376 1497 2435 irde. bändigte und uns widerspruchslos niederzwänge. Er ermangelt
197 2416 1502 2475 ben indes auch der Grazie und des Charme eines Arthur Schnitzler,
195 2445 272 2499 ber
307 2453 1497 2512 der gewagte Themen immer wieder virtuos variiert und con
295 2501 1499 2547 sordino erklingen läßt. Im Gegensatz zu Schnitzler, der, ins
302 2532 1499 2599 Musikalische transponiert, etwa mit dem göttlichen Rubato und
302 2576 1494 2631 der süßen Geigencantilene eines Puccini oder dem langsam wie¬
198 2586 1502 2673 tie. genden Walzer von hinreißender Sentimentalität eines Franz
302 2654 1491 2719 Lehr zu vergleichen wäre, fällt bei Stefan Zweig alles eine
302 2691 1491 2750 Nuance gröber aus, etwa wie eine Oper Eugen d'Alberts oder
205 2745 1494 2798 rei¬ die leichte Verfettung Emmerich Kalmans. Stefan Zweig weit
289 2785 1486 2834 überdurchschnittliches Können abzusprechen, wäre kaum mög¬
300 2811 1491 2880 lich, aber der tiefe Ernst fehlt in gleicher Weise, wie die leichte
302 2855 1496 2916 Anmut. Darüber kann auch nicht das in der dritten, zweifellos
285 2904 1496 2952 stärksten Novelle, die den Titel für den Band gab, angeschlagene
298 2936 1494 2998 quasi tragische, androtrope Thema, die äußerliche Verbindung
292 2978 1496 3031 mit Shakespeare und dem Geiste seiner Sonette, hinwegtäuschen.
374 3014 1484 3080 Verwirrung der Gefühle wird zweifellos das Modebuch der
292 3050 1496 3109 Saison werden, und man wird bei keinem 5-Uhr-Tee um dieses
300 3095 1497 3160 Thema herumkommen. Etwas Neues hat uns Stefan Zweig
292 3144 1200 3218 nicht gesagt, er schrieb ein überflüssiges Buch.
362 3205 735 3319 Vous auront
287 3270 592 3346 unter dem Titel
262 3318 377 3387 Le¬
2119 951 2859 1077 A
2099 1051 2706 1137 Dr. Max Goldschmidt
2111 1118 2711 1225 Büro für Zeitungsausschnitte
2462 1176 2881 1269 Teleion: Norden 3051
1934 1202 2191 1284 BERLINNA
2045 1309 2740 1476 Der Montag Morgen, Verlin
2339 1435 2696 1558 25. Okt. 1926
2221 1555 2786 1655 Versöhnungsvolles
2181 1650 2824 1737 Schlußwort des MM
2124 1712 2936 1796 Einerseits ist es gewiß schwer möglich, ein
2065 1789 2931 1837 abendfüllendes Stück zu beurteilen, wenn dem Zu¬
2076 1822 2937 1883 schauer bloß ein zusammengestützter Einakter vor¬
2068 1865 2936 1922 gesetzt wird. Andererseits ist es für den Inten¬
2060 1906 2937 1966 danten ein Kreuz mit den vom Ministerium be¬
2075 1961 2937 2014 stellten Stücken, warum, zum Teufel, läßt man
2061 1998 2937 2057 nicht Theaterleiter und Dichter direkt bei und vor
2061 2045 2937 2093 der Geburt verhandeln? Schuld ist also in erster
2071 2086 2939 2147 Linie der verständnislose Ministerialrat, der zuerst
2071 2134 2936 2188 bestellt und dann den Intendanten sorgen läßt.
2127 2178 2937 2235 Wichtiger als dieser für unsere Begriffe etwas
2068 2221 2937 2285 zu unhöflich geführte Streit ist die Frage: Warum,
2071 2266 2944 2321 wenn Jeßner mindestens den früheren Eulenberg
2075 2312 2944 2375 schätzt, warum hat er nicht ein einziges Mal daran
2075 2357 2942 2416 gedacht, ihn aufzuführen? Das Lustspiel „Der
2061 2396 2941 2457 natürliche Vater“ von Hofmannsthal, Pol-
2068 2444 2937 2509 gar, Salten und von Reinhardt, Wegener, Litz¬
2076 2490 2941 2540 mann ungewöhnlich geschätzte Lustspiel, um nur
2068 2532 2941 2586 dieses zu nennen, warum ist es seit der vor zwan¬
2065 2575 2941 2627 zig Jahren in den „Kammerspielen erfolgten Auf¬
2075 2622 2944 2678 führung für Berlin verschollen? Ist es nicht das¬
2075 2663 2944 2726 selbe mit den ungelesenen, zum Teil reizenden
2076 2714 2947 2767 Stücken von Schmidtbonn? Herr Jeßner ist
2076 2765 2954 2818 ein immer nach der neuesten Mode fassonierter
2076 2803 2947 2855 Mann. Das lob ich mir. Es muß so tadellos
2075 2847 2947 2898 modern frisierte Köpfe geben. Aber geht der aus¬
2076 2888 2947 2944 gezeichnete Mann nicht zuweilen gerade an seinen
2080 2939 2952 2991 Altersgenossen etwas schroff vorüber Arthur
2075 2973 2944 3036 Schnitzler erzählte einmal, er habe auf einen
2089 3024 2945 3075 freundlichen Brief nach einem halben Jahr eine
2076 3070 2944 3126 korrekte Antwort erhalten, für Gerhart Haupt¬
2076 3109 2947 3167 mann hat Jeßner bis vor kurzem bloß eine
2083 3150 2955 3218 sehr formelle Verbeugung. Zur Bildung
2083 3200 2954 3255 eines Spielplans aber ist, wie ich glaube,
2075 3246 2947 3298 mehr als so viel äußere Korrektheit nötig. Dazu
2086 3290 2945 3341 ist ein freudiges, zugreifendes Nehmen aus allen
2083 3332 2947 3387 Epochen notwendig. Und dann wäre in dem guten
2083 3380 2947 3439 romantischen Poeten Herbert Eulenberg in Düssel¬
2080 3419 2947 3501 dorf auch nicht so grauenhaft tiefer Groll ange¬
2081 3469 2194 3544 häuft.
2567 3501 2919 3580 Stefan Großmann.
