<?xml version="1.0" encoding="UTF-8" standalone="yes"?>
<PcGts xmlns="http://schema.primaresearch.org/PAGE/gts/pagecontent/2013-07-15" xmlns:xsi="http://www.w3.org/2001/XMLSchema-instance" xsi:schemaLocation="http://schema.primaresearch.org/PAGE/gts/pagecontent/2013-07-15 http://schema.primaresearch.org/PAGE/gts/pagecontent/2013-07-15/pagecontent.xsd">
    <Metadata>
        <Creator>prov=READ-COOP:name=PyLaia@TranskribusPlatform:version=2.12.1:model_id=39995:lm=provided:date=28_03_2024_20:24</Creator>
        <Created>2019-10-07T20:37:00.973+02:00</Created>
        <LastChange>2024-03-28T20:24:00.299+01:00</LastChange>
        <TranskribusMetadata docId="224456" pageId="9578108" pageNr="3" tsid="156371825" status="IN_PROGRESS" userId="40391" imgUrl="https://files.transkribus.eu/Get?id=DFETVPXWUKTCOPNWECVLLBWP&amp;fileType=view" xmlUrl="https://files.transkribus.eu/Get?id=WHZCPOCMMWHUQBKHCFWOQZZC" imageId="6207982"/>
    </Metadata>
    <Page imageFilename="224456_0003.jpeg" imageWidth="3436" imageHeight="4352">
        <ReadingOrder>
            <OrderedGroup id="ro_1712662122735" caption="Regions reading order">
                <RegionRefIndexed index="0" regionRef="tr_1"/>
            </OrderedGroup>
        </ReadingOrder>
        <TextRegion orientation="0.0" id="tr_1" custom="readingOrder {index:0;}">
            <Coords points="334,377 334,3485 3343,3485 3343,377"/>
            <TextLine id="tr_1_tl_1" custom="readingOrder {index:0;}">
                <Coords points="1171,415 1212,438 1257,419 1335,434 1391,393 1455,434 1507,434 1552,408 1616,419 1616,340 1590,333 1380,333 1354,359 1171,337"/>
                <Baseline points="1193,399 1218,401 1243,402 1269,404 1294,405 1320,405 1345,405 1371,405 1396,403 1422,402 1447,404 1473,405 1498,405 1524,405 1549,405 1575,405 1600,405 1626,402"/>
                <TextEquiv>
                    <Unicode>box 42/1</Unicode>
                </TextEquiv>
            </TextLine>
            <TextLine id="tr_1_tl_2" custom="readingOrder {index:1;}">
                <Coords points="322,426 1014,426 1014,344 987,340 954,359 322,340"/>
                <Baseline points="343,405 377,405 411,404 445,402 479,402 513,402 547,402 581,402 615,405 649,405 683,406 717,408 751,408 785,408 819,407 853,405 887,405 921,403 955,402 989,401 1023,399"/>
                <TextEquiv>
                    <Unicode>Miscellaneous</Unicode>
                </TextEquiv>
            </TextLine>
            <TextLine id="tr_1_tl_3" custom="readingOrder {index:2;}">
                <Coords points="1264,1803 1993,1776 3157,1821 3157,1743 3119,1739 1264,1735"/>
                <Baseline points="1283,1781 1377,1781 1471,1782 1565,1784 1659,1784 1753,1784 1847,1784 1942,1784 2036,1781 2130,1784 2224,1781 2318,1784 2412,1784 2506,1784 2601,1784 2695,1785 2789,1784 2883,1787 2977,1789 3071,1790 3166,1790"/>
                <TextEquiv>
                    <Unicode>daß es die sogenannte „Brunstzeit beim Men- wird? Und ob sie weinen wird, wenn ich dan</Unicode>
                </TextEquiv>
            </TextLine>
            <TextLine id="tr_1_tl_4" custom="readingOrder {index:3;}">
                <Coords points="3213,1803 3231,1803 3250,1810 3265,1799 3321,1795 3321,1743 3287,1747 3280,1754 3261,1739 3246,1747 3213,1743"/>
                <Baseline points="3232,1793 3264,1791 3296,1791 3328,1793"/>
                <TextEquiv>
                    <Unicode>v.</Unicode>
                </TextEquiv>
            </TextLine>
            <TextLine id="tr_1_tl_5" custom="readingOrder {index:4;}">
                <Coords points="314,1818 396,1810 426,1825 471,1821 494,1803 580,1825 610,1806 669,1810 669,1750 643,1754 621,1735 546,1747 516,1732 490,1747 471,1732 426,1758 408,1739 389,1754 344,1739 314,1747"/>
                <Baseline points="334,1796 360,1796 387,1796 413,1796 440,1796 467,1796 493,1794 520,1793 546,1793 573,1794 600,1796 626,1796 653,1797 680,1799"/>
                <TextEquiv>
                    <Unicode>Ernst Goth:</Unicode>
                </TextEquiv>
            </TextLine>
            <TextLine id="tr_1_tl_6" custom="readingOrder {index:5;}">
                <Coords points="1272,1840 2689,1833 2689,1791 2225,1776 1272,1791"/>
                <Baseline points="1292,1829 1362,1826 1432,1826 1502,1828 1572,1827 1642,1827 1712,1827 1783,1826 1853,1829 1923,1829 1993,1828 2063,1826 2133,1826 2203,1828 2274,1826 2344,1826 2414,1826 2484,1826 2554,1826 2624,1822 2695,1826"/>
                <TextEquiv>
                    <Unicode>schen nicht gibt. Die Folge ist, daß Jünglinge nicht mehr komme —</Unicode>
                </TextEquiv>
            </TextLine>
            <TextLine id="tr_1_tl_7" custom="readingOrder {index:6;}">
                <Coords points="3179,1866 3198,1870 3205,1863 3213,1866 3231,1848 3261,1848 3272,1855 3291,1851 3302,1859 3325,1859 3325,1799 3299,1795 3284,1803 3269,1799 3235,1806 3220,1788 3183,1784"/>
                <Baseline points="3199,1838 3225,1836 3251,1836 3278,1837 3304,1837 3331,1835"/>
                <TextEquiv>
                    <Unicode>Frühlin</Unicode>
                </TextEquiv>
            </TextLine>
            <TextLine id="tr_1_tl_8" custom="readingOrder {index:7;}">
                <Coords points="1268,1885 2207,1881 2207,1840 2016,1825 1268,1844"/>
                <Baseline points="1289,1868 1335,1868 1381,1871 1428,1871 1474,1871 1521,1871 1567,1871 1613,1871 1660,1870 1706,1869 1753,1871 1799,1871 1845,1871 1892,1871 1938,1872 1985,1872 2031,1871 2077,1871 2124,1871 2170,1871 2217,1871"/>
                <TextEquiv>
                    <Unicode>und Mädchen, als Opfer dieser Suggestion, blind</Unicode>
                </TextEquiv>
            </TextLine>
            <TextLine id="tr_1_tl_9" custom="readingOrder {index:8;}">
                <Coords points="2266,1874 3160,1881 3160,1829 3108,1840 3052,1806 2902,1833 2266,1833"/>
                <Baseline points="2286,1865 2330,1868 2374,1871 2418,1871 2462,1874 2506,1871 2550,1868 2595,1871 2639,1871 2683,1871 2727,1871 2771,1871 2815,1871 2859,1871 2904,1873 2948,1874 2992,1874 3036,1876 3080,1877 3124,1875 3169,1877"/>
                <TextEquiv>
                    <Unicode>Der alte Invalide, der den Park hütet, hum</Unicode>
                </TextEquiv>
            </TextLine>
            <TextLine id="tr_1_tl_10" custom="readingOrder {index:9;}">
                <Coords points="591,1881 640,1896 733,1885 755,1900 812,1885 838,1900 916,1889 999,1900 999,1818 935,1825 905,1806 774,1806 718,1833 673,1810 591,1821"/>
                <Baseline points="611,1874 637,1874 663,1874 690,1876 716,1877 743,1877 769,1875 796,1874 822,1874 849,1875 875,1877 902,1878 928,1880 955,1880 981,1879 1008,1877"/>
                <TextEquiv>
                    <Unicode>Der Frühling.</Unicode>
                </TextEquiv>
            </TextLine>
            <TextLine id="tr_1_tl_11" custom="readingOrder {index:10;}">
                <Coords points="3205,1892 3228,1892 3235,1900 3265,1892 3272,1896 3287,1892 3332,1896 3332,1855 3306,1855 3299,1848 3265,1859 3250,1844 3235,1844 3228,1851 3205,1851"/>
                <Baseline points="3226,1889 3253,1889 3281,1889 3309,1889 3337,1892"/>
                <TextEquiv>
                    <Unicode>Hee¬</Unicode>
                </TextEquiv>
            </TextLine>
            <TextLine id="tr_1_tl_12" custom="readingOrder {index:11;}">
                <Coords points="1272,1919 3329,1945 3329,1896 3198,1874 1272,1881"/>
                <Baseline points="1292,1913 1394,1913 1496,1912 1598,1911 1701,1913 1803,1914 1905,1913 2007,1913 2110,1913 2212,1913 2314,1912 2416,1913 2519,1913 2621,1914 2723,1916 2825,1916 2928,1918 3030,1917 3132,1919 3234,1931 3337,1931"/>
                <TextEquiv>
                    <Unicode>und unüberlegt Verbindungen eingehen, deren pelt vorbei, blickt nach dem Mädel hin und nickt Fröhlin</Unicode>
                </TextEquiv>
            </TextLine>
            <TextLine id="tr_1_tl_13" custom="readingOrder {index:12;}">
                <Coords points="557,1941 1025,1941 1025,1896 557,1889"/>
                <Baseline points="576,1925 601,1925 627,1925 652,1925 678,1925 703,1925 729,1925 754,1925 780,1925 805,1925 831,1925 856,1925 882,1925 907,1925 933,1925 958,1925 984,1925 1009,1927 1035,1928"/>
                <TextEquiv>
                    <Unicode>(Ein literarisches Interview.)</Unicode>
                </TextEquiv>
            </TextLine>
            <TextLine id="tr_1_tl_14" custom="readingOrder {index:13;}">
                <Coords points="1272,1971 2203,1964 2203,1922 2106,1911 1272,1922"/>
                <Baseline points="1292,1958 1340,1958 1388,1958 1437,1958 1485,1958 1533,1957 1582,1956 1630,1958 1678,1958 1727,1958 1775,1958 1824,1958 1872,1958 1920,1955 1969,1958 2017,1958 2065,1957 2114,1955 2162,1956 2211,1958"/>
                <TextEquiv>
                    <Unicode>spätere Resultate uneheliche, unversorgte Kinder</Unicode>
                </TextEquiv>
            </TextLine>
            <TextLine id="tr_1_tl_15" custom="readingOrder {index:14;}">
                <Coords points="2229,1964 3119,1964 3329,2001 3329,1945 3127,1922 2229,1922"/>
                <Baseline points="2250,1958 2304,1957 2358,1955 2412,1957 2466,1958 2521,1955 2575,1957 2629,1956 2683,1958 2737,1958 2792,1958 2846,1959 2900,1961 2954,1963 3008,1964 3063,1961 3117,1964 3171,1966 3225,1975 3279,1976 3334,1976"/>
                <TextEquiv>
                    <Unicode>ihr leise zu. Er hat schon viele Frühlinge im Der Ta</Unicode>
                </TextEquiv>
            </TextLine>
            <TextLine id="tr_1_tl_16" custom="readingOrder {index:15;}">
                <Coords points="393,2005 1193,2005 1193,1926 737,1956 393,1934"/>
                <Baseline points="414,1990 453,1987 492,1985 532,1986 571,1987 611,1987 650,1987 689,1987 729,1987 768,1987 808,1987 847,1987 886,1989 926,1989 965,1987 1005,1987 1044,1987 1083,1987 1123,1987 1162,1989 1202,1990"/>
                <TextEquiv>
                    <Unicode>Lew Nikolajewitsch Tolstoi.</Unicode>
                </TextEquiv>
            </TextLine>
            <TextLine id="tr_1_tl_17" custom="readingOrder {index:16;}">
                <Coords points="1264,2001 3340,2031 3336,1982 3115,1964 1264,1975"/>
                <Baseline points="1286,1999 1388,1999 1491,2001 1594,1999 1697,2001 1800,1999 1903,2002 2005,1999 2108,2002 2211,2002 2314,1999 2417,1999 2520,2000 2623,2001 2725,2002 2828,2002 2931,2005 3034,2005 3137,2008 3240,2020 3343,2023"/>
                <TextEquiv>
                    <Unicode>unglückliche Ehen und Ehescheidungen sind. Stadtpark gesehen und er weiß es: Sie wird den Früh</Unicode>
                </TextEquiv>
            </TextLine>
            <TextLine id="tr_1_tl_18" custom="readingOrder {index:17;}">
                <Coords points="1279,2050 2379,2057 2379,2012 2308,2005 1279,2005"/>
                <Baseline points="1298,2044 1352,2042 1406,2041 1461,2044 1515,2043 1570,2041 1624,2043 1679,2044 1733,2044 1788,2044 1842,2044 1896,2042 1951,2044 2005,2043 2060,2041 2114,2041 2169,2044 2223,2040 2278,2040 2332,2044 2387,2044"/>
                <TextEquiv>
                    <Unicode>Trotzdem glauben sie auch fernerhin an die Herr= weinen</Unicode>
                </TextEquiv>
            </TextLine>
            <TextLine id="tr_1_tl_19" custom="readingOrder {index:18;}">
                <Coords points="494,2068 1088,2068 1088,2001 1058,1993 969,2016 744,2020 658,1993 494,2008"/>
                <Baseline points="516,2053 546,2053 576,2052 607,2050 637,2050 668,2050 698,2050 729,2050 759,2050 790,2050 820,2050 851,2050 881,2050 912,2050 942,2050 973,2050 1003,2050 1034,2050 1064,2050 1095,2050"/>
                <TextEquiv>
                    <Unicode>(Drahtlos aus dem Jenseits.)</Unicode>
                </TextEquiv>
            </TextLine>
            <TextLine id="tr_1_tl_20" custom="readingOrder {index:19;}">
                <Coords points="1272,2094 2210,2094 2210,2053 2154,2046 1272,2050"/>
                <Baseline points="1292,2086 1338,2086 1384,2086 1431,2086 1477,2086 1524,2086 1570,2086 1616,2086 1663,2086 1709,2086 1756,2086 1802,2086 1848,2086 1895,2086 1941,2086 1988,2086 2034,2086 2080,2086 2127,2089 2173,2083 2220,2083"/>
                <TextEquiv>
                    <Unicode>lichkeit des Frühlings und sind von diesem Irr¬</Unicode>
                </TextEquiv>
            </TextLine>
            <TextLine id="tr_1_tl_21" custom="readingOrder {index:20;}">
                <Coords points="2409,2109 2985,2109 2985,2050 2884,2031 2835,2057 2704,2053 2648,2031 2543,2053 2405,2027"/>
                <Baseline points="2429,2092 2457,2094 2485,2095 2513,2095 2541,2095 2569,2095 2597,2095 2625,2095 2653,2095 2681,2095 2709,2096 2737,2098 2765,2098 2793,2098 2821,2098 2849,2098 2877,2098 2905,2100 2933,2101 2961,2101 2990,2101"/>
                <TextEquiv>
                    <Unicode>Rainer Maria Rilke.</Unicode>
                </TextEquiv>
            </TextLine>
            <TextLine id="tr_1_tl_22" custom="readingOrder {index:21;}">
                <Coords points="363,2121 2210,2139 2210,2098 2132,2087 1305,2098 1159,2038 800,2083 363,2057"/>
                <Baseline points="382,2113 473,2113 565,2113 657,2110 749,2113 841,2111 933,2110 1025,2110 1117,2112 1209,2110 1301,2131 1392,2131 1484,2131 1576,2131 1668,2131 1760,2132 1852,2131 1944,2131 2036,2131 2128,2133 2220,2131"/>
                <TextEquiv>
                    <Unicode>Zwei Dinge bringt die alte Erde immer zum selbst durch die unleugbare Tatsache nicht zu</Unicode>
                </TextEquiv>
            </TextLine>
            <TextLine id="tr_1_tl_23" custom="readingOrder {index:22;}">
                <Coords points="3205,2150 3228,2147 3243,2154 3269,2154 3272,2150 3302,2154 3299,2072 3276,2072 3269,2079 3258,2076 3239,2079 3231,2072 3205,2072"/>
                <Baseline points="3226,2140 3253,2142 3280,2143 3307,2143"/>
                <TextEquiv>
                    <Unicode>We</Unicode>
                </TextEquiv>
            </TextLine>
            <TextLine id="tr_1_tl_24" custom="readingOrder {index:23;}">
                <Coords points="2300,2150 3086,2165 3086,2083 2902,2117 2300,2098"/>
                <Baseline points="2319,2143 2357,2146 2396,2146 2435,2146 2474,2147 2513,2148 2551,2147 2590,2149 2629,2149 2668,2149 2707,2149 2745,2149 2784,2149 2823,2150 2862,2152 2901,2152 2939,2152 2978,2152 3017,2152 3056,2153 3095,2155"/>
                <TextEquiv>
                    <Unicode>komm und hebe deine blütenschweren</Unicode>
                </TextEquiv>
            </TextLine>
            <TextLine id="tr_1_tl_25" custom="readingOrder {index:24;}">
                <Coords points="318,2169 1814,2195 2210,2184 2210,2139 314,2098"/>
                <Baseline points="337,2155 431,2155 525,2155 619,2154 713,2155 807,2155 901,2155 996,2155 1090,2155 1184,2155 1278,2163 1372,2173 1466,2173 1560,2173 1655,2176 1749,2173 1843,2176 1937,2173 2031,2173 2125,2173 2220,2176"/>
                <TextEquiv>
                    <Unicode>wieder hervor: falsche Propheten und falsche bekehren, daß es zu keiner Jahreszeit so viel</Unicode>
                </TextEquiv>
            </TextLine>
            <TextLine id="tr_1_tl_26" custom="readingOrder {index:25;}">
                <Coords points="3175,2195 3194,2195 3198,2199 3224,2195 3231,2199 3239,2192 3250,2192 3269,2207 3287,2207 3287,2154 3243,2154 3239,2150 3231,2154 3209,2136 3175,2139"/>
                <Baseline points="3196,2187 3221,2187 3247,2187 3272,2187 3298,2187"/>
                <TextEquiv>
                    <Unicode>Hund</Unicode>
                </TextEquiv>
            </TextLine>
            <TextLine id="tr_1_tl_27" custom="readingOrder {index:26;}">
                <Coords points="2300,2195 3089,2207 3089,2162 3041,2158 2300,2150"/>
                <Baseline points="2322,2190 2360,2190 2399,2190 2438,2190 2477,2190 2516,2190 2554,2190 2593,2190 2632,2190 2671,2190 2710,2192 2748,2193 2787,2193 2826,2193 2865,2193 2904,2193 2942,2193 2981,2195 3020,2196 3059,2197 3098,2199"/>
                <TextEquiv>
                    <Unicode>beringten Hände auf zu jenen Höhen,</Unicode>
                </TextEquiv>
            </TextLine>
            <TextLine id="tr_1_tl_28" custom="readingOrder {index:27;}">
                <Coords points="322,2207 1253,2207 1253,2162 322,2162"/>
                <Baseline points="343,2202 391,2199 439,2201 488,2200 536,2197 584,2199 633,2199 681,2199 729,2199 778,2199 826,2199 875,2199 923,2198 971,2198 1020,2199 1068,2199 1116,2197 1165,2196 1213,2196 1262,2193"/>
                <TextEquiv>
                    <Unicode>Lenze. Alljährlich, wenn der Ackerboden auf</Unicode>
                </TextEquiv>
            </TextLine>
            <TextLine id="tr_1_tl_29" custom="readingOrder {index:28;}">
                <Coords points="1283,2229 2214,2229 2214,2184 2128,2177 1283,2180"/>
                <Baseline points="1304,2211 1349,2217 1395,2217 1441,2217 1487,2217 1533,2217 1578,2217 1624,2217 1670,2217 1716,2217 1762,2217 1807,2217 1853,2217 1899,2217 1945,2217 1991,2217 2036,2217 2082,2217 2128,2217 2174,2217 2220,2214"/>
                <TextEquiv>
                    <Unicode>Erkrankungen der Lunge und des Kehlkopfes</Unicode>
                </TextEquiv>
            </TextLine>
            <TextLine id="tr_1_tl_30" custom="readingOrder {index:29;}">
                <Coords points="3168,2244 3186,2244 3194,2237 3213,2237 3216,2233 3228,2233 3235,2240 3258,2240 3258,2192 3235,2195 3220,2192 3213,2203 3205,2203 3201,2199 3190,2203 3186,2199 3168,2199"/>
                <Baseline points="3190,2226 3216,2228 3242,2229 3268,2229"/>
                <TextEquiv>
                    <Unicode>und</Unicode>
                </TextEquiv>
            </TextLine>
            <TextLine id="tr_1_tl_31" custom="readingOrder {index:30;}">
                <Coords points="2304,2244 3093,2248 3093,2207 3067,2203 2304,2195"/>
                <Baseline points="2325,2232 2363,2232 2402,2232 2441,2232 2480,2232 2519,2232 2557,2233 2596,2235 2635,2235 2674,2235 2713,2237 2751,2236 2790,2235 2829,2236 2868,2238 2907,2238 2945,2238 2984,2240 3023,2241 3062,2241 3101,2241"/>
                <TextEquiv>
                    <Unicode>von wo in leisem, sündigem Begehren</Unicode>
                </TextEquiv>
            </TextLine>
            <TextLine id="tr_1_tl_32" custom="readingOrder {index:31;}">
                <Coords points="318,2248 2214,2285 2214,2225 2165,2222 318,2210"/>
                <Baseline points="337,2244 431,2244 525,2243 619,2244 714,2241 808,2241 902,2244 997,2241 1091,2241 1185,2241 1280,2248 1374,2259 1468,2264 1562,2259 1657,2259 1751,2259 1845,2262 1940,2262 2034,2262 2128,2262 2223,2262"/>
                <TextEquiv>
                    <Unicode>neue zu ersprießen beginnt, harren die Menschen gibt, wie zu dieser und daß die Zahl der täglichen</Unicode>
                </TextEquiv>
            </TextLine>
            <TextLine id="tr_1_tl_33" custom="readingOrder {index:32;}">
                <Coords points="3168,2274 3220,2281 3243,2278 3258,2285 3269,2281 3280,2293 3299,2293 3299,2229 3276,2225 3250,2240 3228,2233 3198,2233 3186,2244 3168,2244"/>
                <Baseline points="3190,2271 3219,2273 3248,2274 3277,2274 3307,2274"/>
                <TextEquiv>
                    <Unicode>Wast</Unicode>
                </TextEquiv>
            </TextLine>
            <TextLine id="tr_1_tl_34" custom="readingOrder {index:33;}">
                <Coords points="2308,2308 2401,2285 2517,2319 2820,2315 2887,2285 3082,2300 3082,2248 3037,2244 2308,2240"/>
                <Baseline points="2328,2280 2366,2277 2404,2277 2442,2277 2480,2277 2519,2277 2557,2277 2595,2277 2633,2279 2671,2280 2710,2280 2748,2280 2786,2280 2824,2280 2862,2280 2901,2280 2939,2280 2977,2282 3015,2283 3053,2283 3092,2283"/>
                <TextEquiv>
                    <Unicode>den kosend warmen Hauch wir jubelnd</Unicode>
                </TextEquiv>
            </TextLine>
            <TextLine id="tr_1_tl_35" custom="readingOrder {index:34;}">
                <Coords points="318,2293 1260,2296 1260,2251 318,2248"/>
                <Baseline points="340,2286 386,2286 432,2289 479,2286 525,2286 572,2286 618,2286 664,2286 711,2286 757,2286 804,2286 850,2285 896,2284 943,2286 989,2286 1036,2286 1082,2286 1128,2286 1175,2286 1221,2284 1268,2286"/>
                <TextEquiv>
                    <Unicode>des Messias, der den Weizen mehren und der</Unicode>
                </TextEquiv>
            </TextLine>
            <TextLine id="tr_1_tl_36" custom="readingOrder {index:35;}">
                <Coords points="1279,2323 1911,2326 1911,2274 1874,2263 1279,2266"/>
                <Baseline points="1301,2301 1331,2303 1362,2304 1393,2304 1424,2304 1455,2304 1486,2304 1517,2304 1548,2304 1579,2304 1610,2304 1640,2304 1671,2304 1702,2304 1733,2304 1764,2304 1795,2304 1826,2304 1857,2304 1888,2304 1919,2307"/>
                <TextEquiv>
                    <Unicode>Selbstmorde niemals größer ist.</Unicode>
                </TextEquiv>
            </TextLine>
            <TextLine id="tr_1_tl_37" custom="readingOrder {index:36;}">
                <Coords points="3168,2323 3190,2323 3201,2330 3280,2326 3291,2338 3314,2338 3314,2281 3287,2281 3280,2289 3269,2281 3265,2285 3243,2278 3220,2281 3168,2270"/>
                <Baseline points="3187,2316 3213,2316 3239,2316 3266,2316 3292,2316 3319,2316"/>
                <TextEquiv>
                    <Unicode>lich.</Unicode>
                </TextEquiv>
            </TextLine>
            <TextLine id="tr_1_tl_38" custom="readingOrder {index:37;}">
                <Coords points="2861,2356 2880,2356 2910,2341 2925,2345 2943,2338 2958,2341 2970,2352 2981,2341 2999,2341 2999,2293 2947,2296 2936,2285 2928,2289 2891,2285 2880,2293 2861,2293"/>
                <Baseline points="2883,2328 2908,2326 2933,2325 2958,2327 2983,2329 3008,2331"/>
                <TextEquiv>
                    <Unicode>hören,</Unicode>
                </TextEquiv>
            </TextLine>
            <TextLine id="tr_1_tl_39" custom="readingOrder {index:38;}">
                <Coords points="318,2334 1257,2338 1257,2296 1227,2289 318,2293"/>
                <Baseline points="337,2331 383,2331 429,2330 476,2328 522,2328 569,2328 615,2328 661,2328 708,2330 754,2329 801,2328 847,2328 893,2328 940,2328 986,2328 1033,2330 1079,2328 1125,2328 1172,2328 1218,2328 1265,2328"/>
                <TextEquiv>
                    <Unicode>Weinstock befruchten soll. Wie aber könnte de</Unicode>
                </TextEquiv>
            </TextLine>
            <TextLine id="tr_1_tl_40" custom="readingOrder {index:39;}">
                <Coords points="2300,2382 2524,2394 2618,2375 2663,2394 2764,2394 2764,2311 2558,2300 2491,2315 2461,2300 2412,2323 2386,2300 2300,2304"/>
                <Baseline points="2322,2364 2347,2364 2372,2364 2397,2364 2422,2364 2447,2364 2473,2364 2498,2364 2523,2364 2548,2364 2573,2364 2598,2364 2624,2364 2649,2365 2674,2367 2699,2367 2724,2367 2749,2367 2775,2367"/>
                <TextEquiv>
                    <Unicode>des Frühlings Weh'n.</Unicode>
                </TextEquiv>
            </TextLine>
            <TextLine id="tr_1_tl_41" custom="readingOrder {index:40;}">
                <Coords points="3205,2375 3224,2371 3246,2382 3246,2379 3272,2382 3280,2379 3280,2375 3302,2375 3302,2326 3254,2326 3254,2330 3231,2326 3216,2338 3205,2338"/>
                <Baseline points="3226,2364 3254,2366 3282,2368 3310,2370"/>
                <TextEquiv>
                    <Unicode>Wa</Unicode>
                </TextEquiv>
            </TextLine>
            <TextLine id="tr_1_tl_42" custom="readingOrder {index:41;}">
                <Coords points="322,2386 1260,2382 1234,2334 322,2334"/>
                <Baseline points="343,2375 389,2373 435,2373 482,2373 528,2373 575,2373 621,2373 667,2373 714,2373 760,2373 807,2373 853,2373 899,2373 946,2373 992,2371 1039,2372 1085,2373 1131,2373 1178,2373 1224,2370 1271,2367"/>
                <TextEquiv>
                    <Unicode>Messias kommen, da der Menschen Seelen in</Unicode>
                </TextEquiv>
            </TextLine>
            <TextLine id="tr_1_tl_43" custom="readingOrder {index:42;}">
                <Coords points="1496,2379 1631,2409 1683,2382 2001,2409 2001,2338 1971,2330 1496,2323"/>
                <Baseline points="1516,2375 1542,2375 1568,2375 1594,2375 1620,2375 1646,2375 1672,2375 1698,2375 1724,2375 1750,2376 1776,2377 1802,2376 1828,2373 1854,2376 1880,2378 1906,2376 1932,2375 1958,2375 1984,2376 2011,2378"/>
                <TextEquiv>
                    <Unicode>Arthur Schnitzler.</Unicode>
                </TextEquiv>
            </TextLine>
            <TextLine id="tr_1_tl_44" custom="readingOrder {index:43;}">
                <Coords points="3168,2416 3186,2416 3201,2431 3216,2424 3224,2427 3231,2420 3317,2424 3317,2375 3287,2375 3280,2382 3239,2379 3205,2352 3194,2360 3168,2360"/>
                <Baseline points="3190,2411 3217,2411 3245,2411 3272,2411 3300,2411 3328,2411"/>
                <TextEquiv>
                    <Unicode>Es wir</Unicode>
                </TextEquiv>
            </TextLine>
            <TextLine id="tr_1_tl_45" custom="readingOrder {index:44;}">
                <Coords points="322,2424 1260,2427 1260,2382 1219,2367 322,2386"/>
                <Baseline points="343,2417 389,2415 435,2416 482,2415 528,2416 575,2414 621,2414 667,2414 714,2414 760,2416 807,2417 853,2417 899,2417 946,2417 992,2415 1039,2414 1085,2414 1131,2414 1178,2414 1224,2417 1271,2414"/>
                <TextEquiv>
                    <Unicode>roter Glut brennen und da sich die Ackerfurcher</Unicode>
                </TextEquiv>
            </TextLine>
            <TextLine id="tr_1_tl_46" custom="readingOrder {index:45;}">
                <Coords points="2308,2446 2476,2438 2506,2468 2599,2438 2629,2465 2667,2438 2771,2457 2812,2431 2999,2438 3044,2465 3044,2356 2805,2360 2745,2394 2308,2375"/>
                <Baseline points="2328,2426 2364,2426 2400,2426 2436,2426 2473,2426 2509,2426 2545,2426 2581,2426 2618,2426 2654,2426 2690,2426 2726,2429 2763,2429 2799,2427 2835,2427 2871,2429 2908,2429 2944,2431 2980,2432 3016,2433 3053,2438"/>
                <TextEquiv>
                    <Unicode>O komm und schenk mir in der Zeit,</Unicode>
                </TextEquiv>
            </TextLine>
            <TextLine id="tr_1_tl_47" custom="readingOrder {index:46;}">
                <Coords points="1316,2450 1402,2446 1425,2453 1436,2442 1522,2450 1522,2379 1503,2379 1481,2394 1451,2394 1444,2386 1417,2394 1410,2386 1388,2390 1380,2382 1358,2382 1346,2394 1316,2394"/>
                <Baseline points="1337,2429 1364,2433 1392,2435 1420,2435 1447,2435 1475,2435 1503,2437 1531,2435"/>
                <TextEquiv>
                    <Unicode>Frühling</Unicode>
                </TextEquiv>
            </TextLine>
            <TextLine id="tr_1_tl_48" custom="readingOrder {index:47;}">
                <Coords points="1627,2446 2222,2446 2222,2397 2094,2390 2072,2371 1664,2386 1627,2405"/>
                <Baseline points="1647,2435 1676,2435 1705,2435 1734,2435 1764,2435 1793,2435 1822,2435 1851,2435 1881,2435 1910,2435 1939,2437 1968,2438 1998,2435 2027,2435 2056,2435 2085,2435 2115,2435 2144,2435 2173,2435 2202,2436 2232,2438"/>
                <TextEquiv>
                    <Unicode>an allen, Straßenecken duftet</Unicode>
                </TextEquiv>
            </TextLine>
            <TextLine id="tr_1_tl_49" custom="readingOrder {index:48;}">
                <Coords points="3209,2468 3228,2468 3231,2472 3243,2472 3246,2468 3254,2476 3261,2476 3269,2468 3276,2472 3310,2468 3310,2424 3261,2424 3258,2420 3209,2424"/>
                <Baseline points="3229,2462 3259,2462 3289,2462 3319,2462"/>
                <TextEquiv>
                    <Unicode>Nit</Unicode>
                </TextEquiv>
            </TextLine>
            <TextLine id="tr_1_tl_50" custom="readingOrder {index:49;}">
                <Coords points="318,2472 2222,2491 2188,2442 318,2427"/>
                <Baseline points="340,2459 434,2459 528,2457 622,2459 717,2459 811,2459 905,2459 1000,2457 1094,2459 1188,2459 1283,2464 1377,2477 1471,2480 1565,2480 1660,2480 1754,2480 1848,2480 1943,2480 2037,2479 2131,2480 2226,2480"/>
                <TextEquiv>
                    <Unicode>mit stets frischem Blut füllen? Wilde Narren es von Blumen und über den grünschimmernden</Unicode>
                </TextEquiv>
            </TextLine>
            <TextLine id="tr_1_tl_51" custom="readingOrder {index:50;}">
                <Coords points="2794,2483 2850,2487 2876,2476 2917,2491 2966,2480 2981,2487 2999,2483 2999,2442 2966,2450 2955,2442 2906,2442 2895,2435 2869,2450 2846,2438 2835,2442 2816,2431 2794,2431"/>
                <Baseline points="2814,2471 2841,2473 2869,2474 2897,2474 2924,2474 2952,2474 2980,2474 3008,2474"/>
                <TextEquiv>
                    <Unicode>da keimet</Unicode>
                </TextEquiv>
            </TextLine>
            <TextLine id="tr_1_tl_52" custom="readingOrder {index:51;}">
                <Coords points="329,2513 1253,2510 1253,2465 1126,2457 329,2465"/>
                <Baseline points="349,2504 394,2504 440,2504 485,2504 531,2504 577,2502 622,2501 668,2503 714,2504 759,2504 805,2504 851,2504 896,2504 942,2501 988,2501 1033,2504 1079,2504 1125,2501 1170,2501 1216,2501 1262,2498"/>
                <TextEquiv>
                    <Unicode>sind die Menschen. Sie arbeiten in tausend Gär</Unicode>
                </TextEquiv>
            </TextLine>
            <TextLine id="tr_1_tl_53" custom="readingOrder {index:52;}">
                <Coords points="3168,2524 3190,2524 3198,2517 3258,2521 3272,2513 3291,2528 3314,2528 3314,2472 3269,2468 3254,2476 3246,2468 3231,2472 3209,2450 3168,2450"/>
                <Baseline points="3190,2507 3216,2507 3242,2507 3269,2507 3295,2507 3322,2507"/>
                <TextEquiv>
                    <Unicode>Winter</Unicode>
                </TextEquiv>
            </TextLine>
            <TextLine id="tr_1_tl_54" custom="readingOrder {index:53;}">
                <Coords points="2304,2528 2584,2524 2682,2554 2730,2528 2977,2521 3097,2547 3093,2461 2906,2491 2655,2472 2599,2442 2487,2476 2379,2450 2304,2487"/>
                <Baseline points="2325,2510 2363,2513 2402,2513 2441,2513 2480,2513 2519,2513 2557,2513 2596,2513 2635,2513 2674,2515 2713,2516 2751,2516 2790,2516 2829,2516 2868,2516 2907,2516 2945,2519 2984,2517 3023,2518 3062,2519 3101,2522"/>
                <TextEquiv>
                    <Unicode>und schwillt der Boden voll geheimer</Unicode>
                </TextEquiv>
            </TextLine>
            <TextLine id="tr_1_tl_55" custom="readingOrder {index:54;}">
                <Coords points="322,2551 2214,2539 2214,2491 2023,2483 322,2517"/>
                <Baseline points="343,2549 437,2548 531,2546 625,2546 719,2546 813,2546 907,2546 1001,2546 1095,2546 1189,2546 1283,2543 1377,2525 1471,2523 1565,2522 1659,2522 1753,2522 1847,2522 1941,2522 2035,2522 2129,2525 2223,2519"/>
                <TextEquiv>
                    <Unicode>ten, nur in dem einen nicht, in dem die Linien Wipfeln des Stadtpartes lächelt die Sonne zag</Unicode>
                </TextEquiv>
            </TextLine>
            <TextLine id="tr_1_tl_56" custom="readingOrder {index:55;}">
                <Coords points="3168,2566 3186,2566 3194,2558 3209,2554 3254,2566 3269,2558 3287,2558 3287,2517 3261,2517 3258,2521 3198,2517 3186,2528 3168,2528"/>
                <Baseline points="3190,2552 3216,2550 3242,2549 3268,2551 3295,2552"/>
                <TextEquiv>
                    <Unicode>viert.</Unicode>
                </TextEquiv>
            </TextLine>
            <TextLine id="tr_1_tl_57" custom="readingOrder {index:56;}">
                <Coords points="2846,2566 2869,2566 2876,2573 2902,2569 2910,2577 2921,2569 2940,2569 2958,2577 2973,2569 2996,2569 2996,2524 2955,2521 2940,2532 2906,2521 2846,2521"/>
                <Baseline points="2865,2561 2893,2561 2921,2561 2949,2561 2977,2562 3005,2564"/>
                <TextEquiv>
                    <Unicode>Pracht,</Unicode>
                </TextEquiv>
            </TextLine>
            <TextLine id="tr_1_tl_58" custom="readingOrder {index:57;}">
                <Coords points="1287,2581 2222,2577 2222,2536 2139,2524 1287,2536"/>
                <Baseline points="1307,2570 1353,2567 1399,2567 1445,2567 1492,2564 1538,2567 1584,2567 1630,2567 1677,2567 1723,2566 1769,2565 1815,2567 1862,2567 1908,2567 1954,2566 2000,2565 2047,2567 2093,2567 2139,2567 2185,2567 2232,2570"/>
                <TextEquiv>
                    <Unicode>haft und verheißungsvoll. Die Luft ist schon</Unicode>
                </TextEquiv>
            </TextLine>
            <TextLine id="tr_1_tl_59" custom="readingOrder {index:58;}">
                <Coords points="322,2596 1260,2603 1260,2558 1159,2547 322,2551"/>
                <Baseline points="343,2590 389,2590 435,2590 482,2590 528,2590 575,2590 621,2590 667,2590 714,2590 760,2590 807,2590 853,2590 899,2590 946,2588 992,2587 1039,2587 1085,2590 1131,2590 1178,2590 1224,2590 1271,2587"/>
                <TextEquiv>
                    <Unicode>der Liebe und die Früchte der Brüderlichkeit ge¬</Unicode>
                </TextEquiv>
            </TextLine>
            <TextLine id="tr_1_tl_60" custom="readingOrder {index:59;}">
                <Coords points="3179,2618 3201,2618 3213,2607 3220,2614 3254,2603 3325,2611 3325,2554 3299,2551 3258,2562 3228,2558 3220,2562 3213,2554 3179,2558"/>
                <Baseline points="3199,2596 3226,2594 3253,2593 3280,2593 3307,2593 3334,2593"/>
                <TextEquiv>
                    <Unicode>stantin</Unicode>
                </TextEquiv>
            </TextLine>
            <TextLine id="tr_1_tl_61" custom="readingOrder {index:60;}">
                <Coords points="2304,2607 3089,2614 3089,2551 3056,2536 2996,2577 2726,2532 2663,2558 2517,2528 2461,2566 2304,2539"/>
                <Baseline points="2325,2596 2363,2599 2402,2599 2440,2597 2479,2595 2518,2595 2556,2599 2595,2599 2634,2599 2672,2599 2711,2599 2750,2600 2788,2602 2827,2602 2866,2602 2904,2602 2943,2602 2982,2604 3020,2605 3059,2606 3098,2605"/>
                <TextEquiv>
                    <Unicode>da jeder Blüte Samen Segen träumet,</Unicode>
                </TextEquiv>
            </TextLine>
            <TextLine id="tr_1_tl_62" custom="readingOrder {index:61;}">
                <Coords points="1283,2618 2214,2618 2214,2577 2147,2569 1283,2577"/>
                <Baseline points="1304,2608 1349,2611 1395,2608 1441,2611 1487,2611 1533,2611 1578,2608 1624,2608 1670,2611 1716,2611 1762,2611 1807,2611 1853,2611 1899,2611 1945,2611 1991,2611 2036,2611 2082,2610 2128,2608 2174,2608 2220,2608"/>
                <TextEquiv>
                    <Unicode>warm und wenn der Nachmittag sich zum Ster¬</Unicode>
                </TextEquiv>
            </TextLine>
            <TextLine id="tr_1_tl_63" custom="readingOrder {index:62;}">
                <Coords points="318,2648 1032,2637 1167,2704 1275,2640 2222,2667 2222,2622 2128,2611 318,2603"/>
                <Baseline points="337,2632 431,2632 525,2632 620,2633 714,2632 809,2632 903,2632 998,2632 1092,2635 1187,2632 1281,2639 1375,2653 1470,2653 1564,2653 1659,2653 1753,2655 1848,2653 1942,2654 2037,2653 2131,2656 2226,2656"/>
                <TextEquiv>
                    <Unicode>deihen. Wilde Narren sind sie und ihre Weiter ben anschickt, sitzen auf allen Bänken junge</Unicode>
                </TextEquiv>
            </TextLine>
            <TextLine id="tr_1_tl_64" custom="readingOrder {index:63;}">
                <Coords points="2311,2667 2554,2685 2824,2648 3093,2682 3093,2614 2308,2607"/>
                <Baseline points="2331,2644 2369,2644 2408,2644 2446,2644 2485,2643 2523,2642 2562,2644 2600,2644 2639,2644 2677,2644 2716,2644 2754,2645 2793,2645 2831,2647 2870,2647 2908,2647 2947,2649 2985,2650 3024,2650 3062,2651 3101,2653"/>
                <TextEquiv>
                    <Unicode>da hoch der Saft in Maienschauer</Unicode>
                </TextEquiv>
            </TextLine>
            <TextLine id="tr_1_tl_65" custom="readingOrder {index:64;}">
                <Coords points="3205,2652 3224,2648 3239,2659 3254,2655 3269,2659 3272,2655 3280,2659 3287,2655 3314,2655 3314,2614 3291,2614 3284,2607 3276,2611 3258,2603 3250,2607 3239,2603 3228,2611 3205,2614"/>
                <Baseline points="3226,2644 3258,2646 3290,2647 3322,2647"/>
                <TextEquiv>
                    <Unicode>Wa</Unicode>
                </TextEquiv>
            </TextLine>
            <TextLine id="tr_1_tl_66" custom="readingOrder {index:65;}">
                <Coords points="322,2712 568,2689 793,2715 931,2689 972,2712 1070,2704 1070,2644 942,2629 322,2652"/>
                <Baseline points="343,2686 379,2682 416,2680 453,2680 490,2680 527,2678 564,2677 600,2677 637,2677 674,2677 711,2677 748,2677 785,2677 822,2677 858,2677 895,2677 932,2677 969,2677 1006,2677 1043,2677 1080,2677"/>
                <TextEquiv>
                    <Unicode>gebären immer wieder wilde Narren.</Unicode>
                </TextEquiv>
            </TextLine>
            <TextLine id="tr_1_tl_67" custom="readingOrder {index:66;}">
                <Coords points="3175,2697 3231,2693 3235,2697 3302,2700 3302,2652 3280,2648 3272,2655 3246,2659 3205,2637 3175,2640"/>
                <Baseline points="3196,2689 3223,2689 3251,2689 3279,2689 3307,2692"/>
                <TextEquiv>
                    <Unicode>darau</Unicode>
                </TextEquiv>
            </TextLine>
            <TextLine id="tr_1_tl_68" custom="readingOrder {index:67;}">
                <Coords points="2816,2723 2865,2719 2898,2700 2928,2719 2955,2712 2970,2726 3003,2726 3003,2659 2958,2663 2898,2652 2880,2659 2872,2652 2854,2659 2846,2652 2816,2655"/>
                <Baseline points="2835,2695 2860,2693 2885,2692 2910,2692 2935,2692 2960,2692 2985,2693 3011,2695"/>
                <TextEquiv>
                    <Unicode>schäumet</Unicode>
                </TextEquiv>
            </TextLine>
            <TextLine id="tr_1_tl_69" custom="readingOrder {index:68;}">
                <Coords points="1279,2704 2214,2723 2214,2670 2109,2659 1279,2659"/>
                <Baseline points="1301,2701 1347,2698 1393,2698 1439,2698 1485,2698 1531,2698 1577,2698 1623,2698 1669,2698 1715,2698 1762,2698 1808,2698 1854,2698 1900,2696 1946,2695 1992,2698 2038,2698 2084,2698 2130,2698 2176,2698 2223,2698"/>
                <TextEquiv>
                    <Unicode>Paare, halten sich still bei den Händen und war</Unicode>
                </TextEquiv>
            </TextLine>
            <TextLine id="tr_1_tl_70" custom="readingOrder {index:69;}">
                <Coords points="2304,2749 2352,2749 2367,2764 2435,2745 2640,2753 2640,2670 2551,2678 2506,2667 2468,2682 2446,2670 2431,2682 2409,2667 2371,2689 2349,2667 2304,2667"/>
                <Baseline points="2325,2731 2350,2731 2375,2731 2400,2731 2425,2731 2450,2731 2475,2731 2500,2731 2525,2731 2550,2731 2575,2731 2600,2731 2625,2733 2650,2731"/>
                <TextEquiv>
                    <Unicode>die blaue Nacht.</Unicode>
                </TextEquiv>
            </TextLine>
            <TextLine id="tr_1_tl_71" custom="readingOrder {index:70;}">
                <Coords points="3168,2749 3194,2749 3198,2753 3201,2749 3213,2756 3295,2753 3295,2700 3243,2700 3213,2693 3190,2700 3168,2700"/>
                <Baseline points="3190,2734 3218,2734 3247,2734 3275,2734 3304,2734"/>
                <TextEquiv>
                    <Unicode>Mein</Unicode>
                </TextEquiv>
            </TextLine>
            <TextLine id="tr_1_tl_72" custom="readingOrder {index:71;}">
                <Coords points="1279,2753 1649,2753 1649,2712 1597,2700 1518,2712 1492,2700 1447,2712 1429,2700 1369,2715 1279,2704"/>
                <Baseline points="1301,2743 1326,2741 1351,2740 1377,2740 1402,2740 1427,2740 1453,2740 1478,2740 1503,2740 1529,2740 1554,2740 1579,2740 1605,2740 1630,2741 1656,2743"/>
                <TextEquiv>
                    <Unicode>ten auf die Liebe.</Unicode>
                </TextEquiv>
            </TextLine>
            <TextLine id="tr_1_tl_73" custom="readingOrder {index:72;}">
                <Coords points="572,2771 696,2760 741,2775 774,2756 800,2775 845,2760 886,2779 909,2756 931,2775 950,2760 1028,2760 1028,2704 1002,2697 976,2712 931,2689 913,2708 875,2700 853,2715 755,2712 729,2689 677,2712 647,2693 572,2697"/>
                <Baseline points="591,2746 617,2748 643,2749 669,2749 696,2749 722,2749 748,2749 775,2749 801,2749 827,2749 853,2749 880,2749 906,2749 932,2749 959,2749 985,2749 1011,2749 1038,2749"/>
                <TextEquiv>
                    <Unicode>Bernhard Shaw.</Unicode>
                </TextEquiv>
            </TextLine>
            <TextLine id="tr_1_tl_74" custom="readingOrder {index:73;}">
                <Coords points="1320,2794 2214,2801 2214,2723 2087,2756 1892,2723 1825,2756 1739,2734 1320,2760"/>
                <Baseline points="1340,2790 1384,2790 1428,2790 1472,2790 1516,2793 1560,2793 1604,2793 1648,2790 1692,2790 1736,2790 1780,2790 1824,2792 1868,2793 1912,2791 1956,2792 2000,2791 2044,2792 2088,2793 2132,2793 2176,2791 2220,2790"/>
                <TextEquiv>
                    <Unicode>Sie wiegt sich in einem leisen Traum unbe¬</Unicode>
                </TextEquiv>
            </TextLine>
            <TextLine id="tr_1_tl_75" custom="readingOrder {index:74;}">
                <Coords points="3205,2794 3224,2794 3235,2805 3265,2801 3276,2812 3284,2805 3287,2809 3291,2805 3317,2805 3317,2749 3287,2749 3280,2745 3272,2753 3205,2753"/>
                <Baseline points="3226,2793 3251,2793 3277,2793 3302,2795 3328,2796"/>
                <TextEquiv>
                    <Unicode>Nik</Unicode>
                </TextEquiv>
            </TextLine>
            <TextLine id="tr_1_tl_76" custom="readingOrder {index:75;}">
                <Coords points="2397,2820 2996,2805 2996,2749 2850,2756 2790,2726 2723,2760 2397,2741"/>
                <Baseline points="2417,2793 2446,2793 2475,2793 2505,2793 2534,2793 2564,2793 2593,2793 2622,2793 2652,2793 2681,2793 2711,2793 2740,2794 2769,2796 2799,2796 2828,2796 2858,2796 2887,2796 2916,2796 2946,2796 2975,2797 3005,2796"/>
                <TextEquiv>
                    <Unicode>Maurice Maeterlinck.</Unicode>
                </TextEquiv>
            </TextLine>
            <TextLine id="tr_1_tl_77" custom="readingOrder {index:76;}">
                <Coords points="363,2809 438,2835 464,2812 1268,2824 1268,2768 1189,2745 1047,2779 610,2775 542,2745 438,2775 363,2749"/>
                <Baseline points="385,2808 429,2811 474,2811 518,2811 563,2811 608,2811 652,2811 697,2808 741,2811 786,2814 831,2811 875,2811 920,2811 964,2811 1009,2811 1054,2811 1098,2811 1143,2811 1187,2811 1232,2811 1277,2808"/>
                <TextEquiv>
                    <Unicode>Auf keinem Gebiete zeigt sich die unverbesser¬</Unicode>
                </TextEquiv>
            </TextLine>
            <TextLine id="tr_1_tl_78" custom="readingOrder {index:77;}">
                <Coords points="1290,2850 2207,2846 2207,2801 2109,2790 1350,2805 1290,2771"/>
                <Baseline points="1310,2835 1355,2835 1400,2835 1446,2835 1491,2835 1536,2835 1582,2835 1627,2835 1672,2835 1718,2835 1763,2838 1808,2835 1854,2835 1899,2835 1944,2835 1990,2835 2035,2835 2080,2835 2126,2835 2171,2835 2217,2835"/>
                <TextEquiv>
                    <Unicode>stimmter Glückshoffnungen. Hat er mich auf</Unicode>
                </TextEquiv>
            </TextLine>
            <TextLine id="tr_1_tl_79" custom="readingOrder {index:78;}">
                <Coords points="2270,2865 3044,2887 3321,2846 3321,2805 3220,2790 3175,2827 3037,2779 2906,2820 2270,2805"/>
                <Baseline points="2292,2844 2346,2853 2401,2853 2456,2853 2510,2853 2565,2853 2620,2853 2674,2853 2729,2855 2784,2856 2838,2856 2893,2857 2948,2859 3002,2859 3057,2859 3112,2857 3166,2856 3221,2838 3276,2838 3331,2838"/>
                <TextEquiv>
                    <Unicode>Yvonne (beugt sich über die Lilien ihres muß</Unicode>
                </TextEquiv>
            </TextLine>
            <TextLine id="tr_1_tl_80" custom="readingOrder {index:79;}">
                <Coords points="325,2869 1260,2865 1260,2820 1178,2812 325,2805"/>
                <Baseline points="346,2856 392,2856 438,2856 484,2856 531,2856 577,2856 623,2853 669,2853 716,2853 762,2853 808,2854 854,2855 901,2853 947,2853 993,2853 1039,2854 1086,2856 1132,2856 1178,2856 1224,2854 1271,2859"/>
                <TextEquiv>
                    <Unicode>liche Gedankenlosigkeit der Menschen deutlicher</Unicode>
                </TextEquiv>
            </TextLine>
            <TextLine id="tr_1_tl_81" custom="readingOrder {index:80;}">
                <Coords points="1283,2887 1676,2887 1720,2913 2079,2887 2203,2913 2203,2850 2173,2842 1283,2850"/>
                <Baseline points="1304,2877 1349,2877 1395,2877 1440,2880 1486,2877 1531,2877 1577,2874 1622,2879 1668,2879 1713,2880 1759,2882 1804,2883 1850,2883 1895,2880 1941,2880 1986,2880 2032,2880 2077,2880 2123,2880 2168,2880 2214,2877"/>
                <TextEquiv>
                    <Unicode>wirklich gern? — denkt sie. Ist das jetzt die wir</Unicode>
                </TextEquiv>
            </TextLine>
            <TextLine id="tr_1_tl_82" custom="readingOrder {index:81;}">
                <Coords points="3168,2895 3190,2898 3209,2884 3261,2895 3269,2895 3280,2884 3321,2887 3321,2842 3284,2839 3272,2850 3246,2846 3201,2850 3190,2842 3168,2846"/>
                <Baseline points="3190,2880 3218,2882 3246,2883 3274,2883 3302,2882 3331,2880"/>
                <TextEquiv>
                    <Unicode>man be</Unicode>
                </TextEquiv>
            </TextLine>
            <TextLine id="tr_1_tl_83" custom="readingOrder {index:82;}">
                <Coords points="2237,2910 2513,2902 2581,2925 2596,2910 2663,2921 2682,2902 2756,2906 2756,2865 2734,2861 2562,2869 2502,2854 2420,2872 2326,2857 2300,2872 2237,2846"/>
                <Baseline points="2256,2895 2281,2897 2306,2898 2332,2898 2357,2898 2383,2898 2408,2898 2433,2898 2459,2896 2484,2895 2510,2897 2535,2898 2560,2898 2586,2898 2611,2898 2637,2898 2662,2898 2687,2900 2713,2900 2738,2899 2764,2901"/>
                <TextEquiv>
                    <Unicode>Gartens: Es ist Frühling!</Unicode>
                </TextEquiv>
            </TextLine>
            <TextLine id="tr_1_tl_84" custom="readingOrder {index:83;}">
                <Coords points="333,2910 1264,2906 1264,2865 1148,2857 333,2869"/>
                <Baseline points="352,2898 398,2898 444,2898 490,2898 536,2901 582,2898 628,2898 674,2898 720,2898 766,2898 813,2898 859,2898 905,2898 951,2898 997,2898 1043,2898 1089,2899 1135,2901 1181,2899 1227,2898 1274,2898"/>
                <TextEquiv>
                    <Unicode>als in ihren Beziehungen zum Frühling. Immer</Unicode>
                </TextEquiv>
            </TextLine>
            <TextLine id="tr_1_tl_85" custom="readingOrder {index:84;}">
                <Coords points="3172,2932 3228,2936 3291,2932 3299,2940 3325,2936 3325,2887 3284,2884 3272,2895 3254,2895 3172,2884"/>
                <Baseline points="3193,2928 3221,2925 3249,2925 3277,2925 3305,2925 3334,2925"/>
                <TextEquiv>
                    <Unicode>Kennst</Unicode>
                </TextEquiv>
            </TextLine>
            <TextLine id="tr_1_tl_86" custom="readingOrder {index:85;}">
                <Coords points="322,2955 1515,2943 1515,2887 1417,2880 322,2906"/>
                <Baseline points="343,2943 405,2943 467,2943 529,2943 591,2943 653,2943 715,2940 777,2940 839,2940 901,2940 963,2943 1025,2942 1087,2940 1149,2942 1211,2940 1273,2937 1335,2925 1397,2922 1459,2922 1522,2922"/>
                <TextEquiv>
                    <Unicode>wieder lassen sie sich von Leuten, die Verse schrei¬ liche Liebe</Unicode>
                </TextEquiv>
            </TextLine>
            <TextLine id="tr_1_tl_87" custom="readingOrder {index:86;}">
                <Coords points="2263,2951 3157,2958 3157,2872 3014,2913 2865,2872 2667,2917 2263,2906"/>
                <Baseline points="2283,2940 2327,2940 2371,2943 2415,2940 2459,2940 2503,2940 2547,2943 2591,2943 2635,2940 2679,2940 2723,2942 2767,2943 2811,2943 2855,2943 2899,2943 2943,2943 2987,2943 3031,2945 3075,2946 3119,2946 3164,2946"/>
                <TextEquiv>
                    <Unicode>Hector: An den Gräsern hängen tausen</Unicode>
                </TextEquiv>
            </TextLine>
            <TextLine id="tr_1_tl_88" custom="readingOrder {index:87;}">
                <Coords points="3175,2981 3205,2977 3216,2981 3246,2973 3287,2985 3325,2981 3325,2936 3302,2940 3295,2932 3254,2936 3216,2928 3175,2932"/>
                <Baseline points="3196,2967 3223,2968 3251,2969 3278,2969 3306,2969 3334,2969"/>
                <TextEquiv>
                    <Unicode>Der ha-</Unicode>
                </TextEquiv>
            </TextLine>
            <TextLine id="tr_1_tl_89" custom="readingOrder {index:88;}">
                <Coords points="333,2996 1272,2992 1272,2951 1178,2943 333,2951"/>
                <Baseline points="352,2987 398,2984 444,2984 491,2984 537,2984 584,2984 630,2984 676,2984 723,2984 769,2984 816,2984 862,2984 908,2984 955,2984 1001,2984 1048,2986 1094,2984 1140,2984 1187,2984 1233,2984 1280,2981"/>
                <TextEquiv>
                    <Unicode>ben und deren Denkvermögen durch das Ueber¬</Unicode>
                </TextEquiv>
            </TextLine>
            <TextLine id="tr_1_tl_90" custom="readingOrder {index:89;}">
                <Coords points="1320,2985 3157,3003 3157,2955 2229,2958 2184,2913 1320,2947"/>
                <Baseline points="1340,2981 1431,2984 1522,2981 1613,2984 1705,2984 1796,2984 1887,2981 1979,2984 2070,2984 2161,2984 2253,2984 2344,2987 2435,2984 2526,2984 2618,2984 2709,2984 2800,2984 2892,2988 2983,2990 3074,2990 3166,2990"/>
                <TextEquiv>
                    <Unicode>Er aber denkt: Also jetzt werd' ich wieder ein Tauglöckchen und tausend Lieder ziehen durch</Unicode>
                </TextEquiv>
            </TextLine>
            <TextLine id="tr_1_tl_91" custom="readingOrder {index:90;}">
                <Coords points="3179,3026 3239,3018 3284,3022 3291,3014 3325,3014 3325,2981 3287,2985 3250,2973 3220,2981 3209,2977 3179,2981"/>
                <Baseline points="3199,3011 3225,3013 3251,3014 3278,3014 3304,3014 3331,3014"/>
                <TextEquiv>
                    <Unicode>mehr</Unicode>
                </TextEquiv>
            </TextLine>
            <TextLine id="tr_1_tl_92" custom="readingOrder {index:91;}">
                <Coords points="329,3037 2857,3037 2857,2999 2592,2985 329,2996"/>
                <Baseline points="349,3026 481,3029 614,3026 746,3026 879,3026 1011,3026 1144,3026 1277,3023 1409,3027 1542,3026 1674,3028 1807,3029 1939,3026 2072,3023 2205,3026 2337,3029 2470,3026 2602,3029 2735,3029 2868,3026"/>
                <TextEquiv>
                    <Unicode>wuchern unklarer, idealistisch-romantischer Empfestes Verhältnis haben. Merkwürdig — immer die Lüfte. Hörst Du sie klingen</Unicode>
                </TextEquiv>
            </TextLine>
            <TextLine id="tr_1_tl_93" custom="readingOrder {index:92;}">
                <Coords points="3179,3086 3209,3086 3228,3067 3269,3067 3284,3078 3302,3071 3325,3074 3325,3014 3291,3014 3284,3022 3239,3018 3179,3026"/>
                <Baseline points="3199,3053 3225,3055 3251,3056 3278,3056 3304,3056 3331,3056"/>
                <TextEquiv>
                    <Unicode>mehr</Unicode>
                </TextEquiv>
            </TextLine>
            <TextLine id="tr_1_tl_94" custom="readingOrder {index:93;}">
                <Coords points="333,3078 2218,3082 2218,3037 2098,3026 333,3037"/>
                <Baseline points="355,3071 448,3074 542,3074 635,3071 729,3071 822,3071 916,3071 1009,3071 1103,3071 1196,3071 1290,3070 1384,3071 1477,3071 1571,3071 1664,3074 1758,3071 1851,3071 1945,3070 2038,3069 2132,3071 2226,3071"/>
                <TextEquiv>
                    <Unicode>findungen getrübt ist, vorlügen, daß der Früh- wenn der Frühling kommt. Nur jetzt ist sie brü¬</Unicode>
                </TextEquiv>
            </TextLine>
            <TextLine id="tr_1_tl_95" custom="readingOrder {index:94;}">
                <Coords points="2285,3089 2502,3074 2637,3112 3164,3093 3164,3003 2876,3048 2285,3029"/>
                <Baseline points="2304,3068 2347,3071 2390,3071 2434,3071 2477,3071 2521,3074 2564,3072 2607,3071 2651,3073 2694,3074 2738,3074 2781,3074 2824,3074 2868,3074 2911,3074 2955,3076 2998,3075 3041,3074 3085,3074 3128,3075 3172,3077"/>
                <TextEquiv>
                    <Unicode>Yvonne: Ich höre nur die tausend Lieder</Unicode>
                </TextEquiv>
            </TextLine>
            <TextLine id="tr_1_tl_96" custom="readingOrder {index:95;}">
                <Coords points="3213,3112 3231,3112 3250,3123 3272,3123 3280,3115 3291,3119 3299,3115 3302,3119 3321,3119 3317,3074 3284,3078 3276,3071 3209,3067"/>
                <Baseline points="3232,3104 3265,3106 3298,3107 3331,3107"/>
                <TextEquiv>
                    <Unicode>Wa</Unicode>
                </TextEquiv>
            </TextLine>
            <TextLine id="tr_1_tl_97" custom="readingOrder {index:96;}">
                <Coords points="333,3123 2169,3127 2169,3082 1934,3071 333,3078"/>
                <Baseline points="352,3113 443,3116 534,3116 625,3116 717,3116 808,3116 899,3114 991,3116 1082,3116 1173,3116 1265,3115 1356,3116 1447,3113 1538,3113 1630,3113 1721,3114 1812,3113 1904,3113 1995,3113 2086,3113 2178,3113"/>
                <TextEquiv>
                    <Unicode>ling eine herrliche, schöne Zeit sei. Diese Leute nett. Aber es wird sicher sehr schön werden</Unicode>
                </TextEquiv>
            </TextLine>
            <TextLine id="tr_1_tl_98" custom="readingOrder {index:97;}">
                <Coords points="2225,3123 2599,3127 2599,3086 2573,3082 2356,3074 2345,3086 2289,3089 2263,3071 2225,3082"/>
                <Baseline points="2247,3113 2272,3113 2298,3113 2324,3115 2350,3116 2375,3116 2401,3116 2427,3116 2453,3116 2479,3116 2504,3116 2530,3116 2556,3116 2582,3117 2608,3119"/>
                <TextEquiv>
                    <Unicode>in meinem Herzen</Unicode>
                </TextEquiv>
            </TextLine>
            <TextLine id="tr_1_tl_99" custom="readingOrder {index:98;}">
                <Coords points="2270,3160 3295,3160 3295,3115 3041,3123 2988,3093 2913,3123 2270,3123"/>
                <Baseline points="2292,3158 2342,3158 2392,3158 2443,3159 2493,3160 2544,3158 2594,3158 2645,3158 2695,3158 2746,3161 2796,3161 2846,3161 2897,3161 2947,3161 2998,3163 3048,3161 3099,3161 3149,3161 3200,3152 3250,3152 3301,3149"/>
                <TextEquiv>
                    <Unicode>Hector: Der Himmel sieht auf uns herab leben!</Unicode>
                </TextEquiv>
            </TextLine>
            <TextLine id="tr_1_tl_100" custom="readingOrder {index:99;}">
                <Coords points="333,3164 2229,3168 2199,3115 333,3123"/>
                <Baseline points="352,3158 446,3161 540,3161 634,3158 729,3158 823,3160 917,3158 1012,3158 1106,3158 1200,3158 1295,3156 1389,3159 1483,3158 1577,3158 1672,3161 1766,3158 1860,3158 1955,3160 2049,3158 2143,3158 2238,3161"/>
                <TextEquiv>
                    <Unicode>fugaerieren ihnen überdies, daß die Anziehungs- oh, sicher, sie ist ja so lieb! Ich werd' ihr in</Unicode>
                </TextEquiv>
            </TextLine>
            <TextLine id="tr_1_tl_101" custom="readingOrder {index:100;}">
                <Coords points="329,3213 3336,3231 3336,3157 329,3164"/>
                <Baseline points="349,3202 498,3202 648,3202 797,3199 947,3199 1096,3201 1246,3199 1395,3199 1545,3200 1694,3199 1844,3202 1994,3200 2143,3202 2293,3202 2442,3202 2592,3201 2741,3205 2891,3205 3040,3208 3190,3202 3340,3199"/>
                <TextEquiv>
                    <Unicode>kraft der Geschlechter im Frühling eine beson- Mariahilf ein Zimmer nehmen abends essen wir wie das große blaue Auge einer traurigen Prin- schläft</Unicode>
                </TextEquiv>
            </TextLine>
            <TextLine id="tr_1_tl_102" custom="readingOrder {index:101;}">
                <Coords points="333,3280 1548,3287 1810,3250 1889,3284 2891,3284 2865,3205 333,3216"/>
                <Baseline points="352,3253 479,3247 606,3247 734,3247 861,3247 989,3247 1116,3250 1244,3247 1371,3247 1499,3247 1626,3247 1753,3247 1881,3247 2008,3247 2136,3247 2263,3250 2391,3248 2518,3248 2646,3250 2773,3250 2901,3253"/>
                <TextEquiv>
                    <Unicode>ders starke sei, obwohl jeder Gymnasiast weiß, dann in Hietzing draußen. — Ob's lange dauern zessin, in dem eine Träne zittert,</Unicode>
                </TextEquiv>
            </TextLine>
            <TextLine id="tr_1_tl_103" custom="readingOrder {index:102;}">
                <Coords points="1586,3366 1653,3377 1676,3359 1694,3373 1717,3362 1750,3366 1780,3347 1810,3370 1821,3362 1855,3370 1870,3250 1806,3246 1732,3272 1694,3272 1683,3261 1631,3284 1601,3272"/>
                <Baseline points="1611,3346 1637,3342 1663,3338 1689,3334 1715,3331 1741,3327 1767,3324 1793,3320 1819,3317 1845,3313 1871,3310"/>
                <TextEquiv>
                    <Unicode>1</Unicode>
                </TextEquiv>
            </TextLine>
            <TextLine id="tr_1_tl_104" custom="readingOrder {index:103;}">
                <Coords points="1365,3489 1560,3512 1619,3471 1769,3489 2005,3448 2136,3478 2128,3373 1945,3396 1904,3366 1676,3359 1646,3385 1597,3366 1522,3415 1373,3381"/>
                <Baseline points="1384,3474 1422,3474 1460,3472 1498,3469 1536,3468 1574,3467 1612,3465 1650,3462 1688,3460 1726,3455 1765,3452 1803,3449 1841,3446 1879,3444 1917,3441 1955,3439 1993,3438 2031,3438 2069,3438 2107,3439 2146,3447"/>
                <TextEquiv>
                    <Unicode>Prager Tagblatt, Prag</Unicode>
                </TextEquiv>
            </TextLine>
            <TextEquiv>
                <Unicode></Unicode>
            </TextEquiv>
        </TextRegion>
    </Page>
</PcGts>
