3344 4256
302 259 963 379 Miscellaneous
1150 263 1580 364 box 42/2
462 1691 1081 1775 Dr. Max Goldschmidt
470 1775 1079 1858 Bür für Zeitungsausschnitte
290 1827 548 1905 BERLINNA
832 1846 1247 1917 Telefon: Norden 305
614 1938 921 2014 Ausschnitt aus:
412 1999 1135 2082 Vossische Zeitung, Berlin
936 2109 1183 2210 28 FER
251 2270 1216 2338 Eine Wiener „Theatergemeinde der 10 000“.
1250 2277 1407 2348 Wie aus
236 2322 1413 2384 Dien der „Vossischen Zeitung gemeldet wird, wurde in einer
253 2365 1407 2424 Versammlung von Schriftstellern und Theaterdirektoren auf An¬
247 2406 1407 2469 trag des Kritikers Dr. Schreyvogel die Bildung einer „Theater¬
253 2451 1406 2501 gemeinde der 10000“ beschlossen, die beabsichtigt, Urauf¬
257 2482 1410 2531 führungen von Werken österreichischer und reichsdeutscher Dichter
254 2521 1407 2576 in mustergültiger Weise und hervorragender Besetzung in die
251 2555 1407 2616 Wege zu leiten. An der Debatte über diese Neugründung be¬
251 2596 1409 2647 teiligten sich besonders der Direktor des Deutschen Volks=Theaters
251 2634 1409 2689 Dr. Beer und Burgtheaterdirektor Herterich. Dem Vorstande der
251 2674 1413 2724 Theatergemeinde gehören u. a. an Artur Schnitzler, Hugo von
251 2712 1410 2764 Hofmannsthal, Anton Wildgans, Unterrichtsminister
250 2754 1409 2834 Dr. Schneider und Präsident der Bundestheater Dr. Prüger.
1916 1289 2393 1382 Der Tag, Berlin
2042 1375 2378 1479 25 Mai 1926
1810 1497 2703 1598 Ida Boy=Ed, die Hanseatin.
2072 1577 2434 1659 Von Karl Rosner.
1691 1635 2830 1715 Es gibt Dichter und Schriftsteller, deren Wesen und Werk so
1654 1697 2837 1754 unlöslich mit dem Stück Erde verwachsen sind, auf dem sie schaf¬
1659 1742 2837 1801 fend stehen und aus dem ihre Phantasie die beste Kraft und
1651 1794 2839 1853 Nahrung zieht, daß wir sie uns gelöst von dieser Heimat ihrer
1645 1841 2837 1901 Kunst kaum denken können. So ist der klassische Erzähler
1653 1888 2833 1956 Theodor Fontane kaum vorstellbar ohne das herbe, karge
1651 1938 2839 1993 Bild der Mark, aus der seinen Romanen Probleme und Ge¬
1651 1981 2834 2044 stalten in urwüchsiger Bodenständigkeit entgegendrängen, und
1656 2038 2837 2090 so ist Arthur Schnitzler nicht zu fassen ohne die Wiener
1651 2082 2834 2137 Landschaft und Mentalität, ohne den bis zum füßen Welken
1651 2127 2831 2189 reifen Kulturgrund der Welt und Zeit Alt=Oesterreichs.
1645 2174 1898 2238 „Heimatkunst
1925 2179 2834 2249 ? — Nein. Das Wort und der Begriff, den es
1654 2237 2836 2295 umspannt, sind hier zu eng, um solche Meister und ihr Schaffen
1645 2274 2834 2332 zu umgreifen. Denn Heimatkunst ist Frucht von schöpferischem
1654 2329 2828 2391 Drang aus eng umschriebener Umwelt, der sich im Wirken auf
1653 2369 2831 2439 diesen eng umschriebenen Kreis Genüge tut — hier aber wirkt
1648 2421 2828 2481 der fest verwurzelt Schaffende ins Weite, beharrt mit seinem
1648 2470 2831 2527 Wesen auf der Eigenart der Scholle und greift mit seinem
1648 2509 2828 2592 Wollen dennoch unbewußt hinaus über den Boden seines Ur¬
1654 2562 1815 2622 sprungs.
1696 2601 2830 2674 Auch unter den zur größten Volkstümlichkeit aufgestiegenen
1645 2662 2833 2721 Erzählern unserer Tage haben wir mehr als einen, der aus
1647 2708 2828 2766 solcher Verwurzelung in der angestammten engeren Heimat zur
1651 2760 2830 2821 Wirkung in die Weite wuchs. Da ist, um nur zwei Namen aus
1645 2806 2827 2863 der Reihe der Meistgelesenen herauszugreifen, der nieder¬
1638 2863 2827 2919 rheinische Rudolf Herzog, in dessen Werken — gleichgültig in
1638 2904 2822 2971 welche Fernen und Bezirke ihre Aeste schatten, das Hohelied
1636 2950 2824 3008 vom Rhein und seinen Menschen immer wieder rauscht, und da
1648 2998 2821 3066 ist Ida Boy=Ed, die Hanseatin, in deren stärksten, in Erfindung
1636 3051 2824 3112 und Gestaltung weit in die Welt hineingreifenden Romanen
1633 3093 2822 3164 das Lob der Hansestädte und ihrer Menschen immer wieder
1639 3142 2822 3204 klingt. Der Hansestädte, die, stolz auf ihre Unabhängigkeit, wie
1642 3197 2819 3261 eigenwillige ragende Türme im Kranz der deutschen Länder
1642 3234 2825 3291 stehen, der hanseatischen Menschen, die Tradition und Schu¬
1633 3288 2822 3349 lung, fest verwurzeltes Herkommen und eine klar zur Einheit
1645 3341 2824 3405 geschlossene Umwelt zu Ehrbarkeit und Tüchtigkeit, zu Wage¬
1636 3383 2363 3442 mut und stolzer Kraft gehärtet haben.
