3296 4352
1135 273 1564 378 box 42/1
133 268 953 381 1. Miscellaneous
2774 912 3019 1006 Nr. 21281
2003 906 2403 1019 8. Dezember 1923
950 925 1619 1033 Neue Freie Presse.
130 931 533 1044 F. Wien, Samstag
2729 1006 3044 1088 und
2265 1055 3050 1166 I., Graben 28.
2724 1127 2942 1182 Tel. 64 201
475 1080 2232 1213 LITERARISCHER ANZEIGER
2605 1138 2743 1199 .....
2053 1146 2740 1240 -
1312 1318 2539 1417 WERTVOLLE NEUE BUCHER
119 1296 713 1448 Hauszeichen
1122 1387 2718 1506 aus dem Verlag 1. Staakmann: Leipzig
122 1409 561 1539 denschilder.
892 1489 2950 1591 GEORG VON DER GABELENTZ GESCHEHEN AUS JENER ANDERN WELT
116 1525 727 1619 60 Tafeln. — Gebunden 60.000 K.
898 1555 2956 1652 Erzählungen - 272 Seiten — In Halbleinen 4 Franken. — In die Grenzgebiete oberhalb und unterhalb der sichtbaren Welt führen
1122 1605 2735 1682 diese mit bezwingender Gewalt wirkenden, bant schillernden Erzählungen." (Hamburger Correspondent
119 1611 729 1746 ustinen olen Hund.
2163 1652 2729 1732 ERGESCHLECHT
1119 1666 1732 1738 RUDOLF HEURNER
892 1682 2964 1812 280 Seiten - In Halbleinen 4.50 Fr. Ein Zug von Erdhaftigkeit geht durch diese flott, spannens und sprachlich wuchtig geschriebenen
119 1716 729 1820 osahumor. — Gebunden 30.000 K.
2437 1757 2746 1818 (Die Zeit, Berlin.)
1127 1771 1961 1843 Novellen. Alle Gestalten sind tatsächlich eroberwandt.
2014 1804 2735 1873 DIE TANZPRINZESSIN
1122 1823 1519 1898 A. DE NORA
169 1793 514 1939 Stürzer,
895 1843 2967 1961 64 J. Geb. 0,60 Fr. „Ich habe diese Märchennovelle lesen müssen ohne abzusetzen. Wem modernste Stilformung und romantische
1127 1912 2743 1992 Phantasie etwas zu sagen wissen, dem wird das Büchlein ein lieber Gefährte werden." (Bayer. Volksztg.)
144 1906 732 2006 K. Auf stolzen Rossen 8000 K.
572 1961 735 2039 9000 K.
144 1972 459 2050 K. Engelszungen
2014 1956 2746 2041 DIE UNBEGREIFLICHE
1119 1978 1774 2047 HORST SCHOTTLER
892 1992 2978 2108 Roman 200 Seiten - In Halbleinen 4.50 Fr. Ein Dichtung von größter seelischer Vertiefung! Ein rätse haftes, überkultiviertes Weib
122 2033 547 2119 Buchhandlung oder von
1127 2066 2746 2130 wird zum Schicksal eines Mannes, vergebens mit allen Fasern seiner Seele zu gewinnen trachtet,
812 2086 3028 2196 und
149 2105 735 2193 1, Naglergasse Nr. 28.
127 2265 472 2337 ARL BLUM.
2006 2260 3039 2373 SESAM-KINDERBUCHER
124 2309 738 2420 FREUNDES- UND
942 2315 1768 2431 Friedrich Reisch — Luigi Kasimir
122 2376 467 2478 HENKREIS
2152 2373 2881 2448 Sesam-Kinderkalender
133 2442 351 2497 Bibeigaben.
1193 2420 1528 2497 DAS BUCII
1995 2431 3033 2500 Ein entzückend ausgestatteter, Inhaltereicher Band mit
2229 2481 2809 2544 Scherenschnitten und Eilden.
119 2456 746 2525 ait sich mit vornehmer und anregender
953 2450 1768 2558 VON DER SCHONEN STADT
122 2508 746 2555 Freunde besonders anziehen wird. Das
2671 2489 3028 2569 in Halbleinen K 12.000.
1997 2497 2301 2588 Kartoniert K 10.0.0.
141 2539 751 2583 geschmackvolle Ausstattung besonders zu
124 2575 351 2633 henszwecken.
2169 2528 2862 2630 Alice im Spiegelland.
420 2575 699 2652 Hld. K 150.000
1099 2542 1624 2663 SALZBURG
2122 2605 2925 2663 Von Lewis Caroll. Deutsch von H Schou-Ries.
160 2613 754 2688 WIEN PRAG • LEPIG.
2003 2630 3036 2707 Mit 12 prächtigen, farbigen Bildern von Uriel Birnbaum, in Ganz¬
936 2633 1793 2735 Geschichte, Landschaft, Bauten, Kunst
2251 2682 2768 2732 leinenband mit Goldruck K 0.0
122 2702 787 2760 ,
2003 2693 3028 2768 Dioses Buch, das Hunderttausende englische Kinder
953 2707 1774 2768 Starker Quartband mit zahlreichen alten Stichen u.
2003 2746 3030 2801 entzückt hat, wird jetzt das Lieblingsbuch der deutschen
956 2754 1776 2826 zehn zum Teil farbigen Original Steinzeichnungen
2376 2779 2677 2837 Kinder worden.
1163 2787 1577 2832 von LUIGI KASIMIA.
119 2751 735 2859 DERNIERZEIT
956 2823 1588 2876 Luxusausgabe in Leder, mit Bildermappe,
2163 2790 2867 2884 Kleine Sesam-Bücher
119 2840 434 2906 hichtliche Bilder von
1006 2812 1779 2901 Jeder Biett vom Künstler alguiert... K 160.000
2003 2856 3030 2928 bringen hervorragende Werke der Weltliteratur in vorzügl. Ausstattung.
959 2870 1779 2950 In Halbleder oder Halbpergament, signiert K 300 000
127 2856 749 2953 PAUL DE KOCK u. a.
2282 2912 2757 2964 Jeder Band 1000 Kronen
1602 2917 1782 2964 100 000
953 2928 1285 2972 In Halblehnen. . . .
124 2931 401 2986 Illustrationen von
2061 2917 2984 3011 Die besten Geschenkwerke für Bescherungen in
124 2928 749 3028 VI. VICTOR ADAM u. a.
2163 2992 2914 3030 Schulen, Waisenhäusern, Spitälern etc.
961 2939 1779 3055 Verlag Hugo Heller & Cie. (Bukum A.-G.)
122 3003 729 3072 den Bücher des 19. Jahrhunderts. Kultur¬
2359 3017 3039 3066 Verlangen Sie ausführliche Verzeichnisse vom
2003 3011 2312 3072 Ueberall erhältlich
1094 3025 1652 3102 Wien, I. Bauernmarkt 3.
124 3044 577 3119 sant und voll Geist und Witz.
2044 3058 3000 3127 Sesam-Verlag, Wien, I., Wallfischgasse 10.
428 3061 715 3133 Hld. K 120.000.
119 3086 757 3182 WIEN PRAGE LEIZIO.
848 3135 1829 3249 A
2497 3202 3075 3251 Ein gehaltsvolles Geschenk bildet die
2500 3240 2760 3279 schönste Pelle
1053 3227 1699 3301 Hervorragendes Geschenkwerk!
2497 3240 3066 3307 der Welteratur amor und Psyche
2061 3268 2467 3312 Es ist zweifellos ein
116 3246 751 3334 sgesellschaft m. b. H.
2511 3293 3064 3329 von Apenteins. Uebersetzung von Dr. K.
2003 3296 2464 3340 Verdienst Dr. Engels, diese
2497 3326 3064 3384 Engel. Mit 32 reizenden Stichen nach
517 3309 738 3381 MONCHEN.
2003 3332 2459 3370 anmutige Erzehlung auf
859 3282 1879 3409 Baukunst und Landschaft
127 3323 326 3398 NEU
2006 3359 2467 3395 leben zu lassen und sie
2677 3359 2895 3420 Raffael:
2006 3381 2472 3423 der Vergessenheit zu ent¬
2011 3412 2478 3450 reisen. An dem reizenden
1185 3370 1572 3456 in China.
2503 3392 3058 3450 ferner die französische Ausgabe
2003 3442 3064 3481 Büchl in mit dem silber en su derselben Ausstattung geb. K 24000.
133 3387 751 3530 ETABLE
1119 3414 1646 3506 Von ERNST BOERSCHMANN.
2008 3461 2470 3506 Umschlag wird jeder, der
2503 3472 3066 3514 geschmackvoll in Silberbrobatpapier
2011 3495 2472 3564 es erwirbt, eine aufrich¬
840 3461 1898 3569 Mit 288 ganseitigen Abbildungen in Kupfertiefduck, Schöner Ganzleinen
2514 3503 3064 3542 geb. Halbleinen K 36.00. Portole¬
127 3489 519 3558 nach alten Meistern.
1257 3525 1503 3569 bend K 200.000.
2011 3525 2367 3566 tige Freude haben.
2506 3522 3064 3569 gegen Voreinsendung oder Nachnahme.
127 3514 760 3616 elgemäldcharakter. Originalgrösse.
854 3550 1903 3619 Gilhofer & Rauschburg, Kunstbuchhandlung, Wien, I.,
2503 3561 3069 3619 Cos-Verlag, Wien, XVII. Sternwartestr. 10
1146 3597 1605 3635 Bernengasse 2, Telephon 63293
141 3577 735 3660 Kunsthandlungen erhältlich.
2193 3658 3105 3754 Wien, I., Wipplingerstrasse 8
2354 3729 2953 3812 (Eingang Stoss im Himmel).
903 3696 2022 3848 Altes Rathaus
130 3691 768 3854 andlung
1978 3873 3108 3942 und Werk ist das „Silberband der Donau geschlungen und,
130 3873 1945 3986 drei Mädel am Arm — „Gustl“ dem Tod glüht wieder ein letztes Mal das gesteigerte Leben:
1983 3926 3116 3992 farbig genug, Augarten und Bastei; aus Raimund rauschen
807 3934 1937 4006 aus einer sterbenden Stadt („Der Schleier der Beatrice")
124 3950 787 4028 der einmal Leutnant gewesen, gleich
1981 3981 3116 4042 die Wälder von Gutenstein; aber aus Artur Schnitzler grüßen
815 3984 1945 4055 einer sterbenden Zeit („Der grüne Kakadu"); aus Menschen,
124 4006 774 4075 i Gustl, in dem sich ironisch das
1978 4019 3116 4080 diese Hügel, schlägt die Goldammer des Wienerwaldes. Hier,
815 4042 1948 4108 die dem Tod verfallen sind („Der Ruf des Lebens", „Die
204 4050 776 4135 spiegelt. Dieses Herrchen mit
1981 4066 3119 4135 aus diesem Winkel des Wienertums, blüht sein Werk am
823 4080 1942 4152 letzten Masken"), Oder in einer Frau, der schon das Sterben
130 4069 774 4166 das jede Weiblichkeit verstehend
1975 4105 3122 4177 echtesten auf, hier zwischen den grünen Torbogen des Dörf¬
823 4127 1950 4193 bestimmt schien, hebt, wieder zum Leben befreiend, jenes
2920 4152 3111 4188 hier
127 4144 779 4213 mer, wie aus unzeitgemäßer Er¬
