3344 4352
131 292 209 380 1
1139 270 1569 364 box 42/2
292 282 952 388 Miscellaneous
480 691 1078 783 Dr. Max Goldschmidt
480 783 1080 863 Büro für Zeitungsausschnitte
839 826 1252 900 Telefon Norden 3051
305 849 553 924 BERLINNA
630 936 938 1019 Ausschnitt aus:
557 1003 1018 1089 Der Tag, Berlin
550 1080 919 1188 Nov. 1926
354 1206 1188 1286 * Die vierundzwanzig „Unsterblichen".
317 1250 1187 1327 Aus dem Sekretariat der Akademie wird die Vor¬
321 1284 1180 1362 schlagsliste für weitere Ernennungen, die auf der
311 1338 1219 1416 ersten Tagung der Sektion für Dichtkunst an der
319 1437 1191 1563 Preußischen Akademie aufgestellt worden ist, ver¬
313 1477 1187 1587 öffentlicht. Danach handelt es sich noch um fol¬
306 1530 1177 1627 gende Dichter: Heinrich Mann, Hugo v. Hofmanns¬
309 1560 1171 1676 thal, Arthur Schmidler-Bernhard Kellermann,
308 1592 1174 1708 Wilhelm Schmidtvonn, Jakob Wassermann, Ri¬
298 1625 1169 1743 tarda Huch, Hermann Hesse, Hermann Bahr, Na¬
298 1668 1164 1790 der Maria Ville, Wilhelm Schäfer, Franz Verset.
295 1705 1161 1818 Emil Strauß, Hermann Sudermann, Wilhelm
295 1743 1155 1877 v. Scholz, Max Halbe. Außerdem voraussichtlich
289 1777 919 1911 ne und Anna Haus.
2139 179 2434 249 Ausschnitt aus:
1807 226 2761 338 Bote aus dem Riesengebirge, Hirschberg
2002 501 2734 589 Die Dichter=Akademiker.
1798 547 3005 643 Eine Berliner Zeitung hat die bisher geheimgehaltene voll¬
1747 612 3010 689 ständige Liste der deutschen Dichter veröffentlicht, die vom Mini¬
1747 638 3010 729 sterium für Wissenschaft, Kunst und Volksbildung aufgefordert
1747 678 3008 762 würden, der soeben begründeten Sektion für Dichtkunst
2753 715 3015 772 Es sind hier
1750 737 2724 805 der Preußischen Akademie der Künste beizutreten.
1750 761 3015 845 die bekanntesten Vertreter des deutschen Schrifttums versammelt;
1750 796 3010 880 einige von ihnen, Hermann Sudermann und Max
1753 828 3024 917 Halbe, wurzeln mit ihren schriftstellerischen Leistungen fast völlig
1753 880 3016 963 in der vergangenen Generation des Naturalismus, andere, wie
1754 909 3015 994 Rainer Maria Rilko und Hugo von Hofmanns¬
1753 968 3030 1029 thal, gehören dem jüngeren Geschlecht der „Neuromantiker“ an.
1761 1003 3032 1072 Hofmannsthal mit seinen früheren Werken, seinen Gedichten, den
1764 1022 3018 1107 Bühnenspielen „Der Tor und der Tod“, „Der Tod des Tizian"
1758 1065 3019 1147 und seinem „Theater in Versen“ einer der prägnantesten Ver¬
1761 1109 3023 1187 treter dieser Richtung, hat sich in den letzten Jahren mehr der
1761 1145 3026 1223 literarisch=kunstgewerblichen Kleinarbeit zugewandt, dazu zählt
1767 1182 3016 1265 seine psychologisch sehr seine und zarte Komödie „Der Schwierige
1764 1215 3027 1303 seine Anthologie „Deutsche Erzähler" und sein im Verlag der
1767 1258 3037 1345 Bremer Presse erschienenes „Deutsches Lesebuch", das eine mit
1767 1305 3029 1383 umfassender Kenntnis und höchst kulturvollem Geschmack zusam¬
1764 1337 2952 1416 mengestellte Auswahl klassischer deutscher Prosa enthält.
1772 1370 3030 1458 Rilke ist über seine „Weise vom Leben und Tod des Cornets
1767 1424 3037 1495 Rille", die ein deutsches Volksbuch geworden ist, über seine Ge¬
1767 1450 3032 1538 dichtbande und über seinen Roman „Aufzeichnungen des Malte
1772 1490 3037 1571 Laurids=Briage“ hinaus bis in die letzten Jahre hinein schöpferisch
1770 1536 3040 1609 tätig gewesen; eines seiner neuesten Werke sind die „Duineser
2022 1568 3045 1640 Zu diesem Kreise der Wiener ist, wenn auch nur in
1772 1605 1935 1656 Elegien
2753 1608 3048 1664 zählen, der
1770 1628 2440 1694 lokalen Zusammenhange, Arthy
1769 1617 3043 1727 als Dramatiker und Epiker gleich erfolgreiche Wiener Dichter;
1775 1684 3043 1770 sein letztes Buch, die „Traumnovelle“, wendet in höchst reizvoller
1775 1731 3045 1807 Art die Ergebnisse der Psychoanalyse an, um Vorgänge aus dem
1778 1769 3048 1852 Gebiet des Unbewußten zu deuten und ins Tageslicht zu rücken:
1777 1804 3045 1885 ein Werk voll innerer Spannung, dessen Erscheinungen und Ge¬
1783 1850 2801 1932 schehnisse in ein magisches Dämmerdunkel gestellt sind.
1841 1874 3051 1973 Name und Werk Bernhard Kellermanns sind bekannt
1775 1928 3051 2008 genug; wir erinnern uns seiner zarten Liebesgeschichte „Yester
1775 1965 3051 2050 und Lie aus seinen Anfängen, seiner epischen Dichtung Das
1778 2005 3051 2091 Meer, seines äußerst erfolgreichen Romans „Der Tunnel", der
1775 2046 3034 2126 über hundert Auflagen erlebt hat, seines Revolutionsdrama¬
1788 2085 3051 2168 „Der 9. November und seiner Gegenwartsdichtung „Die Brüder
2193 2120 3054 2195 Zu den großen Romandichtern gehört auch
1782 2153 2075 2209 Schellenberg“.
1820 2161 3050 2233 akob Wassermann mit seinen älteren Romanen „Die
1790 2203 3059 2281 Masken Erwin Reimers" und „Kaspar Hauser und den jüngeren
1790 2236 3054 2316 „Christian Wahnschaffe, dem Buch „Laudin und die Seinen",
1788 2271 3058 2353 das das Problem der modernen Ehe dichterisch behandelt, und
1786 2314 3058 2385 seinem „Aufruhr um den Junker Ernst", der in diesen Tagen er¬
1793 2353 3059 2436 schienen ist. In diese Reihe darf man auch den seinen und stillen
1796 2396 3061 2469 Hermann Hesse stellen, und ganz besonders darf man sich
1790 2432 3067 2512 freuen, den etwas abseits stehenden und durch die Gunst des
1796 2469 3066 2554 großen Publikums nicht eben sehr verwöhnten Emil Strauß
1788 2507 3061 2587 als künftigen Akademiker zu begrüßen; aber von seinen Dichtun=
1788 2549 3067 2632 gen werden doch sein historischer Roman „Der nackte Mann", seine
1793 2585 3070 2667 „Kreuzungen" und sein Schülerroman „Freund Hein" als Werke
1799 2625 3061 2702 gewertet, die den Tag überdauern; das ist ihm zu seinem sechzig¬
1802 2660 3082 2745 sten Geburtstage im Januar dieses Jahres von vielen Seiten
1799 2723 2509 2778 warm und dankbar bestätigt worden.
1841 2740 3072 2828 Die Liste der Akademiker enthält ferner Wilhelm Schmidt¬
1802 2783 3062 2865 bonn, dessen schriftstellerische Wirksamkeit kürzlich bei einer fest¬
1799 2826 3066 2901 lichen Gelegenheit überall gewürdigt wurde, den Rheinländer
1802 2868 3072 2948 Wilhelm Schäfer, den Verfasser der „Dreizehn Bücher der
1814 2906 3066 2973 deutschen Seele", den Anekdoten und Novellen Erzähler, der
1798 2940 3075 3018 kleinere Kompositionen mit einer an Kleist erinnernden Wucht und
1806 2983 3074 3059 Prägnanz aufbaut, ferner Wilhelm von Scholz, aus dessen
1801 3024 3074 3099 umfangreichem Gesamtwerk die wirkungsvollen Dramen „Der
1809 3061 3070 3139 Jude von Konstanz und der „Wettlauf mit dem Schatten zu
1807 3097 3077 3174 nennen sind, Heinrich Mann, der die Wandlung vom sum¬
1806 3134 3082 3212 bolischen Dichter („Die Göttinnen") zum satirischen Gegenwarts¬
1820 3177 3090 3251 schilderer („Professor Unrat") und sozialistischen Schriftsteller („Der
1809 3227 3074 3289 Untertan", „Die Armen", „Der Kopf") durchgemacht hat, Ri¬
1809 3263 3080 3330 carda Huch endlich, die sich nicht nur durch ihre Dichtungen,
2857 3294 3082 3348 „Ueber die
1814 3310 2796 3372 sondern auch durch ihre wissenschaftlichen Werke
2868 3329 3083 3385 Der große
1814 3342 2780 3409 Blüte, Ausbreitung und Verfall der Romantik"
1814 3375 3086 3450 Krieg in Deutschland) in die erste Reihe der deutschen Dichter
1812 3437 2018 3501 gestellt hat
1884 3436 3026 3530 Franz Wersel gilt kraft seiner ersten Gedichtbände
1820 3488 3086 3568 „Der Weltfreund", „Wir sind — als einer der Führer des Er¬
1817 3527 3088 3603 pressionismus. Sein Drama „Schweiger“ ist mit Erfolg über
1812 3563 3072 3637 die Bühne gegangen, sein Schauspiel „Juarez und Maximilian
1817 3600 3093 3676 wurde mit dem Grillparzer=Preis ausgezeichnet, sein „Paulus
1817 3646 3088 3720 unter den Juden“ hat in diesen Tagen an mehreren Bühnen zu¬
1817 3702 2439 3763 gleich seine Uraufführung erlebt.
1892 3724 3090 3809 Zu diesen Akademikern soll noch Georg Kaiser treten,
1817 3772 3099 3847 der „Denkspieler", wie ihn der Fankfurter Kritiker B. Diebold
1829 3799 3085 3874 treffend charakterisiert, der Dramatiker, der für die Bühne die
1826 3844 3094 3962 Form des expressiven Dialogs geprägt und damit vorbildlich
2659 3887 2761 3938 dessen
1826 3895 2609 3949 wurde, endlich Leonhard Fran¬
1828 3935 2276 4018 Mensch ist ant" eine
1844 4035 3105 4114 dem Roman „Die Räuberbande aus seiner Heimatstadt Würz¬
2855 4082 3086 4134 ten Wagen
1841 4083 2651 4152 burg und seinen packenden Erzählungen
1847 4088 3101 4193 und „Die Schicksalsbrücke eine nicht gewöhnliche Kraft der epischen
