3392 4384
1473 429 1736 587 .
676 568 1137 661 Neues Wiener Faun
1631 587 2057 680 der
2527 596 2811 692 Nr. 6214
479 642 1591 760 Hoffentlich sucht Du mich beeidigt wieder auf, in Klost,
1720 664 2835 794 seit vielen Jahren fast Du Dich mich schen Na¬
324 704 856 794 nächst dem Stephansplatz.
1606 710 1903 825 stehen lassen
717 744 1273 856 Den darinn unsere
1226 797 1569 908 Peter Altenberg.
2471 819 2786 936 ende
1708 856 2474 970 le daua en la
658 874 973 985 Achster Georg
1717 936 2313 1022 Bitte mich sehr abzuholen
469 948 1591 1047 Das Ende naht mit ungeheuren Schritten an mich hers.
340 1025 1591 1090 Meine Melancholien verzehren nich bei lebendigem Leibe Ich
1714 1013 2839 1103 Jede Verzögerung, nie mehr vorte bedingungs¬
355 1059 2832 1186 bedürfte einer zärtlichen Wärterin, das einzige Gute an mir verlose Freiheit zu geben, in heimtückische
355 1127 1405 1214 noch meine Lunge, und die ist jetzt auch hin geworden
1603 1127 2017 1211 Mechelnor
473 1164 1591 1229 Aufstehen ist mir bereits eine Dual, in meinem Gehirn
1708 1152 2832 1257 Niemand hat mich in bezug auf Schlafmittel aber festge¬
349 1180 2826 1316 ereignen sich merkwürdige Dinge, meine „Lebensunfähigkeit hat Verhalten zu kontrollieren! Ich und muß ganz, ja, den
361 1254 1072 1319 den höchsten Grad erreicht!
1600 1279 2826 1350 frei sein!!! Dein Brief ist eine seige Insamme! Du ist jetzt
469 1273 2832 1405 Für mich gibt es nur mehr jene Art Schlaf, die der Vor=meine Lage, in die Du nich gebracht hat, zu meinem absoluten
355 1344 778 1418 läufer des Todes ist!
1600 1374 2832 1458 Verderben ausnutzen. Ich fordere von Dir, Bruder,
469 1368 1594 1467 Wach sein mordet nich infolge von Melanchollen. Mein
1612 1418 2199 1520 sofort mene von Freiheit
352 1458 1594 1513 verschles Leben rächt sich jetzt an mir! Jetzt kommt
2452 1458 2777 1563 Peter Altenberg.
352 1501 1597 1557 die schreckliche Sühne! Aber besonders dieses „Allein¬
355 1544 1591 1619 sein mordet meine unglückseligen Nerven; mein Zimmer ist nicht
1690 1538 2737 1631 heißgeliebter, vergötterter Bruder
352 1600 1578 1659 zum bewohnen, zum „darinleben eingerichtet, und ich bin eben¬
1708 1615 2829 1690 Seil vielen Jahren hast Du Dich meinen wüsten Nerven
358 1646 1581 1705 sowenig für mein Zimmer! Für mich gibt es nur mehr das Be¬
1603 1668 2826 1739 geopfert (zweimal in der „Sulz, in der „Fango-Anstalt, in
352 1699 1572 1761 und schlafen, schlafen! Ich bin zu nichts anderem mehr fähig
1603 1727 2239 1798 „Inzersdorf", in „Steinhof“!!!)
352 1736 1588 1807 Ich bin bereits ein lebendiger Verstorbener! Nur
1699 1764 2181 1832 Nun ist es zu Ende.
355 1795 1572 1847 Helga könnte mir helfen. Und die ist nicht vorhanden! Nur sie
1711 1779 2829 1887 Ich esse nichts mehr, wasche mich nicht mehr, schlafe nicht
352 1841 1572 1896 nur sie, mit ihrer heiligen Opferfreudigkeit! Ihre Seelenkraf
1603 1866 2823 1943 mehr, alle Funktionen bis auf die der unerträglichsten
355 1884 1572 1943 strömt in mich über. Ihre Sorgfalt, ihre Besorgnis, ihre Rück
1597 1906 2141 1980 Melancholien sind eingestellt!
361 1930 1585 1992 sicht, bringen meinen zerrütteten Nerven Leben, Kraft! Aber sie
1705 1930 2829 2032 Nur meine Dankbarkeit ist in mir Tag und Nacht;
352 1977 1569 2045 ist nicht da. Sie hat eine Stellung in Hamburg mit 70 Mark
1594 2005 2826 2094 was meine armseligen zehn Bücher tragen werden, werden sie Dir
352 2026 1575 2119 und zu Hause alles umsonst Wie kann sie da nach Wien, wo
1597 2057 2530 2165 tragen. Lebe wohl. Ich lasse Dich leidenschaftlich,
355 2066 961 2147 alles bezahlt werden muß!?
2446 2097 2777 2208 Peter Altenberg.
473 2097 1585 2184 Ich kenne mich nicht mehr aus im Leben, das mich nun
352 2162 1588 2227 von allen Seiten anfällt wie Raubtiere! Ich kann keinerlei
1708 2199 2820 2267 Zum Schluß sei noch ein Brief Altenbergs en Arten
355 2215 1572 2276 Widerstand mehr leisten, ich gehe elendiglich zugrunde! Besonder
1600 2242 2817 2351 Schnitzler wiedergegeben. Auch dieser Brief ist undatiert und
355 2270 1572 2351 meine Melancholien zehren mich auf bei lebendigem Leibe Ich
1603 2298 2372 2400 scheint aus früheren Jahren zu stammen.
355 2307 1588 2375 brauchte eine Wärterin, und habe keine! Meine einsamen
355 2363 1588 2446 Stunden morden mich, höhlen mich direkt aus, schaufeln mir
1866 2363 2459 2452 Lieber Dr. Artur Schnitzler
355 2403 1588 2465 das Grab aus! Das wäre alles nicht so entsetzlich, wenn man
1702 2428 2511 2520 Ihr wunderschöner Brief hat mich wirklich
2542 2418 2817 2527 auserordentlich
352 2462 2196 2561 es nicht so schrecklich deutlich vor sich sehen würde! Das gefreut. Wie schreibe ich denn?
352 2502 1585 2557 Schicksal erleiden, ist nicht so entsetzlich, wie es unter der
1714 2496 2823 2595 Ganz frei, ganz ohne Bedenken. Nie weiß ich mein Thema
346 2536 2817 2666 Kontrolle seines Denkens und Fühlens vorerleben müssen vorher, nie denke ich nach. Ich nehme Papier und schreibe. So¬
349 2595 1578 2681 Das bringt die Nerven dem Abgrund um so viel nager! Aber
1594 2632 2826 2687 gar den Titel schreibe ich so hin und hoffe, es wird sich schon
346 2644 1365 2712 da es keinerlei Hilfe gibt, wozu klagen?!
1591 2678 2721 2740 etwas machen, was mit dem Titel in Zusammenhang steht.
463 2684 1581 2752 Die Millionärinnen, die mich verehren, halten dennoch ihre
1696 2718 2817 2798 Man muß sich auf etwas verlassen, sich nicht Gewalt an¬
349 2712 1566 2823 Taschen zu. Es ist eine Welt von Lüge und Betrug Angeb
1585 2771 2551 2851 tun, sich entsetzlich frei ausleben lassen, hinfliegen¬
355 2783 1578 2854 liche tiefste Verehrung, und dann lassen sie uns „am Mist
1699 2820 2826 2888 Was dabei herauskommt, ist sicher das, was wirklich und
349 2835 2820 2947 krepieren und schmeißen das Geld für aller Wertlosestes tief in mir war. Kommt nichts heraus, so waren nichts wirk¬
346 2879 1569 2944 hinaus! Und markieren Mitgefühl!!! Nur Helga ist opfer¬
1591 2910 2576 2978 lich und tief darin und das macht dann auch nichts.
346 2928 1566 2993 freudig! Ich habe sie dazu erzogen! Und so triumphiert sie übe
1690 2953 2808 3021 Ich betrachte Schreiben als eine natürliche organische Ent¬
343 2968 2814 3079 ihre egoistischen Mitschwestern, die von ihren positiven Genüssen lastung eines vollen, eines übervollen Menschen. Daher alle
343 3030 927 3104 gar nichts, gar nichts haben!
1588 3049 1893 3132 Fehler, Blässen.
457 3055 1569 3157 Liegen und schlafen ist meine einzige Erlösung! Aber wie
1693 3079 2808 3166 Ich hasse die Retouche. Schmeiß es hin und gut — 1 Oder
337 3107 1557 3218 lange kann man so als Lebendiger sterben?!? Dein unglück
1588 3132 2811 3222 schlecht! Was macht das?! Wenn nur Du es bist Du und
343 3169 621 3252 seliger Bruder
1585 3197 2823 3271 kein Anderer, Dein heiliges Du! Ihr Wort „Selbstsucher" ist
1195 3203 1523 3305 Peter Altenberg.
1581 3246 2805 3342 wirklich außerordentlich. Wann werden Sie aber schreiben „Selbst¬
1585 3293 1711 3354 finder
451 3280 1554 3379 Technik der „Schlafuite, damit sie nicht als „Gift
1690 3317 2814 3407 Meine Sachen haben das Malheur, daß sie immer für
330 3333 2817 3462 wirken: Vollkommen leerer Darm Leichtest verdauliche kleine Proben betrachtet werden, während sie leider bereits das
337 3413 914 3484 Kranken kost am Abend!
1585 3438 2808 3512 sind, was ich überhaupt zu leisten imstande bin. Aber was
457 3425 1566 3549 Schlaf von 10 Uhr abends bis 7 Uhr früh, nicht
1585 3493 2678 3574 macht es?! Ob ich schreibe oder nicht, ist mir gleichgültig.
330 3478 655 3589 geweckt werden!
1690 3527 2801 3598 Wichtiger ist, daß ich in einem Kreise von feinen gebildeten
429 3537 846 3639 Medinal o.
1572 3558 2808 3660 jungen Leuten zeige, daß in mir das Funkchen glimmt. Sonst
942 3580 1359 3676 Dr. Peter Altenberg.
1581 3632 2805 3688 kommt man sich so gedrückt vor, so zudringlich, so schief an¬
791 3632 1517 3747 Honorar: Bruderliebe
1578 3688 2798 3740 geblinzelt. Ich bin so schon genug „Invalide des Lebens. Ihr
1572 3731 2795 3796 Brief hat mich sehr, sehr gefreut! Sie sind überhaupt alle so
442 3731 890 3824 Aus Steinhof
1575 3771 2798 3839 liebenswürdig gegen mich. Jeder ist wohlwollend. Sie haben
445 3784 2792 3920 Ich schreie zum letzten Male gellend und verzweifelt um mir aber wirklich wundervolle Sachen gesagt. Besonders das Wort
324 3864 1974 3932 Hilfe, da ich nur infolge einer ganz momentanen Erregung, „Selbstlicher eben.
324 3904 1557 3966 wie sie Künstlerorganisationen zu Tausenden in ihrem Leben
1686 3889 2789 3978 Ich bitte Sie, man hat keinen Beruf, kein Geld, keine
330 3954 1554 4043 haben, durch Dich und Deine Unvorsichtigkeit hieher
1578 3954 2786 4025 Position und schon sehr wenig Haare, da ist so eine feine An¬
222 3994 630 4086 gebracht wurde
1575 4012 2622 4083 erkennung von einem „Wissenden" sehr, sehr angenehm.
439 4009 1551 4114 Ich bin gerade so normal, wie ich, bei meiner
1674 4065 2786 4123 Deshalb bin und bleibe ich doch nur ein Schreiber von
327 4068 1544 4154 künstlerischen Impressionabilität, es gleich tausend Andern
1569 4114 2789 4179 „Muster ohne Wert" und die Ware kommt alleweil nicht. Ich
327 4151 2795 4259 mein Leben lang gewesen bin, und mich hier fest- bin so ein kleiner Handspiegel, Toilettespiegel, kein Weltenspiegel.
321 4195 1480 4269 halten, heißt: wissentlich ein Verbrechen begehen!
2242 4207 2721 4278 Ihr Richard Engländer.
1205 4247 1470 4327 Peter Altenbe¬
