3392 4352
1184 290 1612 410 box 42/1
191 297 1018 407 1. Miscellaneous
2718 802 2927 908 Seite 15
1877 810 2266 923 27. Januar 1924
866 827 1347 944 Neues Wiener Journal
170 848 2962 1000 lichen Empfangs=festatistischen Ergüsse über Wert der Unwert der Frischeit liesen Dichtkunst ergeben, hat die halbgelähmte Minaso entdeckt und aus
1746 954 2962 1029 ihrer Einsamkeit herausgehoben. Ganz ihr Gegenpol und doch ihr
173 979 1722 1075 ren, sieht man schließlich auf nichts anderes hinaus als weich-weibische Senti
1743 1000 2959 1071 nächst verwandt bietet sich ihr Bruder Tonoo dar, dem sich alles
194 1036 725 1110 Großindustriellen mentalität.
633 1050 2962 1131 Und nun trat dieser ewig gleichen, ewig verdämmernden zur Gedanklichkeit steigert und diese doch wieder in endlosen
184 1085 509 1152 und Geist, der
247 1099 2959 1202 philosophischer asiatischen Heimatkunst plötzlich die Literatur, Musik und Malerei Wünschen und Klagen ausläuft. Natürlich gibt er das nicht zu
258 1145 2962 1237 weltberühmte Europas gegenüber. Während die Chinesen, die zwar anfangs und man könnte glauben, Sturm und Drang sei das Kennzeichen
527 1205 2955 1276 auch energische Versuche machten, sich an die europäischen Kunst neuer und damit der neuen japanischen Dichtungsbehauptung
212 1195 498 1301 seine Geliebte
530 1251 2531 1340 formen und Denkgewohnheiten anzupassen, allmählich doch wieder Aber worin unterscheidet sich das Gedicht:
170 1273 506 1350 gen. Und nur
2132 1304 2595 1393 Bergseeangler.
173 1308 1732 1389 den untersten erstarrten, fiel die europäische Geistesblüte in Japan auf frucht
166 1354 1743 1439 nerblume, deren baren Boden. „Wie ein glühender Meteorstein, gefallen aus
2029 1357 2330 1432 Im kleinen Kahn
2022 1393 2496 1467 Auf dem tiefgrünen Wasser
170 1403 1746 1485 chen ihrer Klasse blauem Himmel mitten in den blumenverträumten Garten", so
2026 1456 2482 1513 Sitzt der Alte und angelt,
173 1456 1746 1534 ut, kennt, ersehnt, schildert Leopold Winkler, der seit langen Jahren in Japan
2026 1499 2421 1548 Er starrt, wie gebannt,
537 1502 1743 1573 selber Gelegenheit hatte, die Verhältnisse zu studieren, den Ein¬
219 1520 506 1584 Geist schüttelt
2022 1499 2542 1605 Auf den Kiel der Angelschnur,
392 1552 1743 1619 Laune druck der europäischen Kunst auf die Japaner. Regsam, wie die
2018 1573 2188 1623 Er weiß,
173 1570 329 1640 hselnder
2029 1584 2754 1676 Daß es keinen Fisch gibt im dunklen See,
244 1598 1760 1669 und verbietet. Rasse ja stets war, vielleicht übereistig, suchten sich nun die
2026 1647 2443 1704 Doch er sitzt und angelt
173 1644 1753 1718 Cavallini sich von japanischen Künstler der ihnen dargebotenen europäischen Formen und
2029 1651 2754 1753 Tagaus, tagen, in stillem Schweigen.
173 1704 1746 1775 hard zum Seelsorger Probleme zu bemächtigen. Eine Unzahl von Uebersetzungen europäische
1768 1718 2984 1838 trotz all seiner bezaubernden Schönheit von denen der alten Chinesen
170 1743 1743 1810 ganz junger, welt¬ Werke entstand. Sie wurde bald so groß, daß die Buchladen in größere
1764 1785 2421 1874 tausend Jahre vor Christi Geburt
173 1792 1746 1870 fürchtig von seiner Zahl Bücher ausländischer als asiatischer Autoren enthielten
544 1838 1746 1916 Und da die Bücher der Fremden mit Eifer gelesen, ja immer
1874 1817 2566 1927 Der Grundton ist derselbe geblieben.
173 1856 527 1920 n selbst de Rochard
184 1881 1757 1962 daß Rochard seine wieder begehrt wurden, ergab sich beinahe von selber der Drang
1888 1870 2991 1997 Sentimentalität und Aesthetizismus liegen wieder über der
180 1934 1750 2011 hohl er seine Nichte, der japanischen Autoren, ähnliches zu schaffen wie die Europäer
1778 1923 2563 2036 Kunst des Landes der aufgehenden Sonne.
551 1983 1753 2054 selber. So trat die der europäischen slavisch nachgeahmte, aber
173 2001 516 2064 für seine Pflicht
1877 1976 2987 2082 Und wir greifen nach solchen Gedichten, gerade deshalb,
177 2026 1764 2110 vallini nie gesehen, bereits von Japanern selber erfaßte Literatur kampffroh auf den
1764 2036 2153 2146 weil sie uns fehlen.
555 2075 1676 2163 Plan. Auch ihr war ein großer Erfolg in Japan beschieden.
173 2096 527 2163 Seelenanmut des
647 2121 1757 2192 Daß den Japanern, die zwar alles kennen lernen wollten,
173 2149 527 2220 in zart nähert, de
541 2178 1757 2245 aber doch nicht für alles dasselbe Gefühl und Verständnis auf¬
1782 2100 2973 2305 Alt=Wien im Alten Landgut
191 2195 389 2259 zu haben.
184 2202 1757 2308 mit dem Jüngling bringen konnten, vor allem jener Teil der europäischen Literatur
2326 2266 2436 2333 Von
551 2273 1760 2347 gefiel, der ihrer eigenen in mancher Beziehung verwandt war, ist
184 2291 527 2358 er, daß die Ver¬
2160 2301 2616 2411 A. Hottner=Crefe.
177 2319 1768 2429 spät. Beide — der leicht erklärlich. Daraus läßt es sich auch erklären, daß Tolstoi
551 2368 1764 2439 eine sogar in Japan populäre Gestalt wurde. Namentlich das
212 2379 527 2457 wahre Liebe ge¬
1884 2351 2998 2478 Das Wien von heute weiß nicht mehr viel von dem erst
562 2418 1768 2489 späte Werk Tolstois, das sich allmählich ganz in den Geist des
205 2432 530 2503 Im zweiten Akt
166 2432 3001 2559 istabend, betritt die Urchristentums versenkte, kam den Japanern nahe. Tolstois schwär¬ so berühmten „alten Landgut", vom „Steudelschen Gasthaus¬
1782 2485 3001 2566 garten" und vom „Roten Hof“, Ein Gassenname, ein wehmittig¬
173 2513 1760 2602 dem Armstrong mit merische Askese, verbunden mit der Formel, daß uns Christus ha¬
1792 2531 3015 2616 heiteres Erinnern sehr alter Leute — das ist alles, was außer ein
559 2556 1760 2637 Himmelreich bereits auf Erden gegeben habe (oder wenigsten
177 2577 530 2648 n, wie aus einen
1799 2577 3001 2662 paar schriftlichen Aufzeichnungen geblieben ist von all der alt¬
180 2609 1768 2690 ehrwürdigen Damen habe geben wollen), vertrug sich auffallend gut mit den religiösen
237 2634 3001 2743 Rochard zu sich Gedankengängen der Japaner, die, in ihrer Einfachheit ja auch wienerischen Lust und Fröhlichkeit, welche einst eng verbunden war
566 2676 3005 2779 auf alles Jenseitige verzichtend, die Erfüllung bereits vom Dies mit jenen drei Namen. Das „alte Landgut war die „noblichste
424 2729 544 2786 Dame
173 2690 403 2800 strong eine
216 2725 3015 2853 entfernt er die seits erhofften oder doch wenigstens verlangten. Aber auch jene jener Stätten verklungener Freuden. Und wär's nicht gar so
569 2768 3008 2899 Dichtungen Tolstois, welche als Anklagewerke gegen Europas einsam gelegen gewesen, eingebettet in seinen weiten, alten Garten,
187 2817 544 2892 erscheint Rochard¬
1796 2832 3019 2909 so hätte es wohl noch weit mehr „florieret. Aber die
566 2860 1771 2927 Westkulturen entstanden, fanden in Japan lebhafte Verbreitung
198 2870 537 2945 Cavallini, diesen
1785 2863 3008 2952 Gegend, wo sich heute der Industriebezirk, Favoriten
223 2913 1764 2976 sofortige Abreise Sie bereiteten den Weg für Gerhart Hauptmann, dessen sozial
180 2916 3012 3058 gebrochen durch den Dramen gleichzeitig mit den Schöpfungen Ibsens an allen Theatern ausdehnt, wo ungezählte Rauchfänge ragen und von früh bis
1789 2962 3008 3044 abends ein gewaltiges Lied der Menschenarbeit klingt und braust,
573 3015 1216 3079 Japans zur Aufführung gelangten.
173 3015 551 3090 herein. Da er die
1799 3019 3019 3093 war um das Jahr 1850 noch unendlich öde. Weithin dehnten sich
679 3026 1775 3125 Und das eine bleibt bemerkenswert: als Japan in künst¬
219 3061 555 3128 er Rochard ihn
1796 3065 3022 3143 die Felder und Wiesen. Von der Spinnerin am Krenz hatte man
173 3100 1775 3167 en. Ein Liebes=Duo lerischer Beziehung seine Ansichten änderte, waren es hauptsächlich
1799 3118 3029 3192 einen herrlichen Rundblick, denn kein hohes Haus, kein Fabriks¬
180 3160 551 3231 junge Pastor versuch
573 3153 1771 3231 germanische Dichter, die den größten Einfluß auf die neu
194 3153 3022 3284 Aber dem seeligen emporsprießende japanische Literatur ausübten und wahrlos gebäude störte die Fernsicht. Wenn man da an einem schönen,
1799 3217 3022 3284 klaren Abend Auslug hielt, dann sah man wohl auch den starken
187 3252 1775 3316 Frau, die seiner nachgeahmt wurden. Neben den bereits Erwähnten, den
1806 3263 3026 3337 Lichtschein, der von einer hohen, hölzernen Menschengestalt „beim
573 3291 1771 3369 Nordländer Ibsen, dem Deutschen Gerhart Hauptmann
166 3305 555 3379 Züge gegenüberstehen
1803 3298 3019 3401 alten Landgut ausging. Dort hatte der erfinderische
177 3348 1782 3425 selten, die sich den begegneten auch die englischen Romane der Tagesmode einem
1806 3355 3022 3432 Kaffeesieder Leander Prasch das seltsame Gerüst auf¬
191 3404 562 3471 ihres Lebens ver¬
580 3397 1785 3468 uns geradezu unglaublichen Interesse. Auch sie dienten unzählige
1799 3390 3019 3478 gestellt und mit zahllosen, bunten Lampen behängt.
177 3450 566 3528 übt, vernichtet, der
580 3454 1782 3521 Male als Vorbilder, stets neu ausgeschrieben, wurden sie ger¬
1806 3443 3019 3521 Dieser Leander Prasch war überhaupt ein Genie der Reklame.
580 3489 1782 3563 nen gelesen. Wenig Erfolg dagegen war der französischen Literatur
1806 3493 3022 3577 Der bekannte altwienerische Dialektdichter Adam Kaltenbrunner,
198 3500 1785 3602 Im Zimmer der beschieden. Während die germanischen Litteraturen selbständig von
576 3546 3033 3662 den Japanern aufgegriffen wurden, war es bei den Franzosen in Großonkel von mir, dürfte ihn noch gut gekannt haben, denn
184 3584 559 3659 ch ihrer Abschieds¬
1810 3592 3037 3673 er hat oft von jenem erfindungsreichen Wirt erzählt. Und dann
184 3638 566 3705 ue, während der die
583 3630 1789 3701 nicht der Fall. Erst nach dem Weltkrieg, seit Paul Claudel, der
587 3641 3026 3754 berühmte französische Dichter, als Gesandter der gallischen Republik und wann im Sommer machten auch die feinen „Bürger- und
177 3680 566 3754 ment ihre geliebte
1817 3687 3026 3765 Beamtenleut einmal einen Ausflug, eine „Landpartie nach
198 3733 566 3797 heitere Note in das
587 3729 1785 3797 am Hofe der kaiserlichen Majestät in Japan weilte, ändern sich
1817 3740 3026 3814 dem alten Landgut. Einst war das Gebäude eine ausgedehnte
212 3782 562 3843 Und während si¬
583 3775 1792 3867 die Verhältnisse. Frankreich, besorgt, als ideeller Einflußfaktor in
1821 3782 3019 3864 Ziegelei und die Gegend hieß „in den oberen Muhren“.
205 3821 566 3896 Gott die Kraft der
590 3825 1789 3899 Japan gänzlich auszuscheiden, griff in letzter Stunde zu einen
594 3832 3001 3942 kühnen Plan. Die Franzosen gründeten selber unter der zielsicheren Einmal machte auch Leander Prasch die weite Reise „da hinaus
173 3878 551 3952 Von Fieber geschüttel
184 3878 3022 4002 herumgeirrt. Er hat Leitung Paul Claudels einen Verlag in Japan, ausschließlich zu und besah sich das zum Verkauf ausgebotene Haus.
1817 3931 3037 4005 Es war ein weitausgedehntes, altes Gebäude. Viele
184 3973 573 4044 sen Aufgabe es ist,
594 3970 1792 4055 dem Zweck, französische Autoren dem japanischen Publikum, in
1813 3977 3029 4055 Räume. Große Säle. Aber alles war einsam ringsum. Im großen
180 4019 569 4094 sich an konnte er die
587 4026 1234 4118 guten Uebersetzungen zu vermitteln.
1813 4033 3029 4090 Garten rauschten die mächtigen Linden und Kastanien ihr traum¬
205 4065 566 4139 sich doch durch ihr
696 4037 1792 4154 Ob dieses Bestreben von Erfolg begleitet sein wird, steh
1828 4083 3037 4157 haftes Lied; ganze Scharen von Vögeln jubelten im Geist über
205 4118 566 4196 um ihr sein Leben
1835 4111 3026 4200 wildwucherndem Rosengebüsch und ragenden Lilien taumelten
590 4118 1789 4196 dahin. Bisher blieben als die letzten großen europäischen Vorbilde
244 4164 576 4217 Und ein neues
2393 4175 3047 4256 Uhrenschlag klang herein bis in
643 4171 1789 4260 Johan, doch wieder Vertreter der germanischen Literaturen
