3392 4352
1285 227 1716 332 box 44/8
230 230 541 338 13. Mi
625 233 1103 347 nous
161 544 1730 649 gen großen Welt seiner dichterischen Kennzeichnung auf dem Theater, berufen
155 616 1727 702 Pirtschaftspolitik an sein könnte, viel zur friedlichen Verständigung zwischen den
158 666 1730 747 se Rolle spielt mit Völkern und zum Geiste der Versöhnlichkeit beizutragen, schloß
167 726 1210 822 Wirklichkeit wie in der Vortrag Direktor Röbbelings.
941 1354 1154 1461 AVE
909 1500 1187 1602 9.
604 1542 696 1647 0
950 1757 1405 1907 AN. 1935
1865 1853 2956 1937 Es war im April 1933, daß das Kesseltreiben wegen des
1763 1904 2956 1979 Wagner=Aufsatzes begonnen hat. Der Aufruf, der in diesem
547 1916 1745 2020 Thomas Mann und Wagner.
1763 1958 2953 2029 Zusammenhang gegen Thomas Mann verfaßt wurde, trug die
1757 2002 2959 2074 Unterschriften fast aller im Dritten Reich wirkenden Musiker von
894 2002 1414 2107 Gespräch mit dem Dichter.
1763 2047 2959 2128 Namen und aller großen Organisationen. „Trotzdem fühle ich
1109 2071 1198 2155 Von
1763 2104 2959 2167 mich nicht als Emigrant. Ich besitze keinen Nansen=Paß, wie dies
1082 2116 1231 2227 F. D.
1769 2143 2956 2215 in einigen Zeitungen behauptet wurde. Gleich meiner Frau habe
658 2182 2959 2268 Seit Thomas Mann zum letztenmal in Wien war, hat ich in Bern einen Personalausweis erhalten, mit dem ich jeder¬
1769 2239 2956 2316 zeit an meinen Wohnsitz Küssnacht bei Zürich zurückkehren kann.
565 2254 1745 2325 sich viel verändert. Für Mitteleuropa, für seine deutsche Heimat,
562 2292 2959 2373 für sein privates Geschick. Dieses Schicksal ist bekannt. Der Auch die Visumschwierigkeiten mit Ungarn sind inzwischen be¬
1769 2337 2965 2403 hoben. Der Wagner-Vortrag, der vor ein paar Tagen schon in
568 2346 1748 2415 Dichter, der in seinem kleinen Hotelzimmer gelassen auf einer
1778 2379 2941 2466 Prag gehalten wurde, wird auch in Budapest wiederholt werden.
559 2397 1754 2466 Bank sitzt, schaut sich sein Gegenüber prüfend durch die scharfe
1871 2427 2962 2496 Lieber, als von sich selbst, spricht der Dichter von seinen
562 2442 1748 2517 Brille an, bevor er ihm dieses Schicksal anvertraut, und eigentlich
562 2475 2965 2558 nur mit ein paar Worten ohne jedes Pathos deutet: „Ich habe Kindern und von Heinrich Mann, dem Bruder, der in Süd¬
1772 2514 2962 2597 frankreich lebt. „In meinen Jahren hat man mehr Freude am
559 2543 1417 2606 das Gefühl, daß ich nach Deutschland gehöre!
675 2570 2965 2669 In Deutschland, erklärt der Dichter weiter, sind seine Erfolg der Kinder. Meine Tochter Erika habe ich in Prag ge¬
1775 2624 2965 2690 sehen. Sie gastiert dort mit ihrem literarischen Kabarett „Die
565 2639 1748 2714 Bücher nicht verboten. Ihre innerdeutsche Verbreitung erfolgt
1778 2669 2962 2735 Pfeffermühle, einer Mischung von Reinheit und Keckheit, die
568 2690 1748 2756 ohne Schwierigkeit. Es wird auch bald ein neuer Band Essay¬
1772 2711 2956 2780 überall nur sympathische Aufnahme finden kann. In der Schweiz
571 2732 1748 2803 herauskommen unter dem Titel „Leiden und Größe der Meister"
571 2759 2959 2851 Dieser Band enthält vei Aufsätze über Goethe, je einen über leben zwei Kinder im Alter von fünfzehn und siebzehn Jahren.
568 2806 2959 2899 Platen, Theodor Storm, ferner den Reflex einer Reise nach Sie sollen dort ihre Studien vollenden, bevor ich an die Mög¬
565 2860 2962 2941 Amerika unter dem Titel „Meerfahrt mit Don Quichotte". lichkeit einer Veränderung des Wohnsitzes denken kann.“ In
571 2896 2959 3028 Schließlich den Wagner=Essay, der heute in Wien als Vortrag Nizza hat Heinrich Mann ein neues Werk fertiggestellt,
1772 2953 2959 3025 „Heinrich IV.“, einen Roman. Es ist vielleicht schöner als alles,
571 2983 810 3060 gelesen wird.
1775 3007 2905 3087 was er bisher geschrieben hat, und wird demnächst erscheinen.
678 2992 1754 3093 Zu den Mißverständnissen, die bedeutenden Menschen stets
1877 3022 2959 3111 Thomas Mann streift sein Verhältnis zur österreichischen
568 3060 1751 3135 auf den Fersen folgen, gehört die Art, wie man jetzt Richard
1781 3096 2962 3159 Literatur. „Ich komme von einem Mittagessen im Hause Raoul
565 3111 1748 3183 Wagner und Thomas Mann zusammenzudenken pflegt. „Ich
1781 3132 2959 3210 Auernheimers, die Witwen der Dichter, die mir etwas bedeuten,
565 3156 1751 3222 habe nie ein Pamphlet gegen Wagner verfaßt. Wagner ist mit
571 3186 2965 3273 das künstlerische Erlebnis meiner Münchner Jugend gewesen, waren zugegen: Frau Hofmannsthal, Frau Olga Schnitzler,
1781 3234 2962 3303 Frau Wassermann, ebenso Frau Mahler=Werfel und Franz
577 3264 1757 3326 Ich habe nie eine Aufführung des „Tristan“ im Nationaltheater
1781 3282 2965 3359 Werfel. Seinen Verdi=Roman schätze ich besonders, ebenso die
574 3303 1754 3362 versäumt. Mein Verhältnis zu Wagner ist in Wirklichkeit ein
577 3341 2286 3470 sehr leidenschaftliches. Keine naive Verhimmelung. Wagner ist „Geschwister von Neapel.
1877 3350 2971 3455 Das Gespräch kommt auf die künstlerische Form, in der
565 3401 1482 3497 nur angeschaut mit dem Willen zur Erkenntnis.
1763 3398 2956 3512 Franz Werfel die Antithese zwischen der aristokratisch deutschen
1763 3482 2950 3557 und der demokratisch-südländischen Melodie in geistvoller Deutung
1769 3524 2950 3604 gestaltet hat. Damit ist neuerdings die Frage berührt, die Thomas
1769 3578 2950 3649 Mann zu seinem Vortrag nach Wien geführt und in kunst¬
1769 3619 2953 3694 politische Feindschaft hineingerissen hat. Wir werden am besten
1769 3661 2962 3784 heute aus seinem Vortrag erfahren, was der Dichter in Wahrheit
1769 3733 2364 3796 zu diesem Thema zu sagen hat.
