3344 4352
268 298 1128 412 13. Miscellaneous
1313 283 1739 386 box 447
1996 289 2999 421 Besuch beim Bildhauer
2120 400 2878 518 Alexander Faray.
2120 499 2875 603 Der Schöpfer des Schnitzler=Denkmals.
2454 583 2546 632 Von
2296 617 2706 707 Wolfgang Born.
2005 686 3086 762 Der Schöpfer des schönen Kainz=Denkmals am Türken¬
1915 735 3089 818 schanzpark Alexander Jaray hält sich von allem Kunstbetrieb
1918 788 3091 866 fern. Vergebens wird man ihn auf den großen Ausstellungen
1912 828 3098 916 suchen. Nur von Zeit zu Zeit — das heißt, alle paar Jahre
1914 891 3097 958 einmal — lädt er die Freunde seiner Kunst zu einer Atelier¬
1908 934 3100 1003 ausstellung. Da sitzt man nun dem Bildhauer ohne viel Förm¬
1911 969 3104 1045 lichkeit gegenüber, mitten zwischen seinen neuen Werken, die
1917 1036 3097 1105 ihren inneren Wert bei diesem stillen und intimmen Zusammen¬
1926 1066 3097 1153 sein erst ganz erschließen. Denn sie sind zurückhaltend, wie der
1917 1137 2495 1197 Mann, der sie geschaffen hat.
2013 1153 3110 1247 „Mich interessiert", so bekennt Jaray, „vor allem der
1914 1226 3101 1309 Kopf eines Menschen — und zwar eines geistigen Menschen.
1912 1267 3107 1343 „Geprägte Form, die lebend sich entwickelt“, wie es Goethe
1914 1315 3101 1396 ausgedrückt hat. So habe ich die Köpfe Max Liebermanns und
1920 1373 3107 1435 des Hofrates Glossy gestaltet, die ja schon älteren Datums sind.
1920 1415 3110 1490 Inzwischen ist eine Büste unseres unvergeßlichen Bundeskanzlers
1923 1457 3110 1533 Dr. Seipel entstanden. Sein mächtiges Haupt mit den vom
1920 1508 3106 1589 Schicksal gemeißelten Zügen hat mich nicht losgelassen. Ich
1926 1563 3116 1632 mußte eine plastische Form dafür finden. Sehen Sie selbst, ob
1923 1622 2323 1688 es mir gelungen ist.
2029 1650 3115 1722 Dabei rückt der Künstler das Werk zurecht, das auf einem
1929 1707 3116 1778 Postament steht. Und wirklich: dieser Kopf lebt! Mit tiefster
1929 1758 3127 1827 Einfühlung sind die Züge modelliert. Man spürt die Ruhe des
1932 1806 2830 1870 überlegenen Geistes hinter der hohen Stirn.
2026 1842 3121 1923 Den Mittelpunkt des Ateliers nimmt jedoch ein
1926 1896 3121 1969 monumentales Bildwerk ein, das überlebensgroße Modell eines
1935 1942 3121 2014 Liszt=Denkmals für Eisenstadt. Der Meister ist auf einer Stein¬
1932 1989 3122 2062 bank ruhend dargestellt, ein Notenblatt in der feingliedrigen
1932 2043 3125 2125 Rechten. Wiederum ist der Kopf unbedingt der Sammelpunkt
1932 2092 3125 2165 allen Interesses. Mit tiefen Schatten unter den stark gewölbten
1932 2138 3121 2206 Brauen und in den Winkeln der kühn vorspringenden Nase,
1932 2200 3122 2264 prägt sich das Gesicht von weitem bereits unverwechselbar ein.
1935 2236 3133 2303 Tritt man näher, so hat man Gelegenheit, den Reichtum der
1941 2294 3124 2359 Einzelformen zu bewundern. Alle wichtigen Details sind da,
1932 2335 2976 2399 und doch ordnen sie sich dem Ganzen zwanglos unter.
2038 2377 3131 2456 „Ich habe“, so erläutert Jaray sein Werk, „nicht den alten
1935 2430 3118 2498 mehr oder weniger verfallenen Liszt dargestellt, wie man ihn —
1941 2468 3136 2550 sehr mit Unrecht — sich vorzustellen gewohnt ist, sondern den
1941 2522 3133 2589 Liszts auf der Höhe seines Daseins, etwa Fünfzigjährig. Die
1939 2567 3133 2645 Idee zu dem Denkmal schwebt mir seit langem vor. Ich hatte
1938 2615 3136 2687 ein kleines Modell gemacht, das in meinem Atelier stand, als
1932 2664 3133 2751 eines Tages ein bekannter Kunstsammler aus Eisenstadt mich be¬
1947 2716 3133 2784 suchte und es bei mir sah. Es gefiel ihm, und er entwickelte die
1944 2761 3137 2832 Idee, das Denkmal für Eisenstadt ausführen zu lassen. Liszt war
1942 2809 3136 2884 ja ein gebürtiger Burgenländer. Die Anregung des hervor¬
1938 2850 3136 2920 ragenden Kunstfreundes fand in Eisenstadt Beifall. Es wurde
1944 2899 3139 2977 sogar eine bescheidene Summe aufgebracht, die den Grundstock für
1944 2967 3143 3019 einen Denkmalfonds bilden sollte. Ich habe nun auf Wunsch der
1953 2995 3136 3068 Herren aus Eisenstadt das Denkmal in der Größe, in der es auf¬
1953 3052 3137 3116 gestellt werden soll, in Ton modelliert, und es hätte so, wie es hier
1948 3085 3142 3167 sieht, den Beifall der Kommission gefunden, die es kürzlich be¬
1950 3133 3133 3233 gutachtet hat. Nun fehlt es nur noch an den restlichen Mitteln zur
1947 3200 2185 3268 Ausführung!
2046 3217 3133 3303 Hoffen wir mit dem hochverdienten Künstler, daß auch die
1944 3275 3130 3348 letzten Schwierigkeiten noch behoben werden! Eisenstadt würde
1947 3332 3130 3404 mit dem Werk ein würdiges Monument des Tondichters ge¬
1930 3383 2086 3461 en
2068 3428 3146 3489 Neben dem Liszt=Denkmal entsteht derzeit noch ein be¬
1969 3467 3145 3546 sonders interessantes Werk die Porträtbüste des Generals
1965 3518 3148 3590 Vaugoin. Schon ist der Kopf der Vollendung nahe. Die
1960 3557 3149 3631 Modellierung ist diesmal straff und geschlossen; der militärische
1965 3604 3155 3681 Charakter des Modells kommt eindrucksvoll zur Geltung. Die
1969 3645 3142 3720 Aehnlichkeit ist überzeugend und gleichzeitig ist mit schönstem
1978 3697 3148 3780 Erfolg das Ueberpersönliche der Erscheinung, das politische
1975 3766 2516 3831 Führertum, herausgearbeitet.
2053 3789 3157 3873 Beim Abschied bleibe ich vor Jarays Entwurf des Schnitzler¬
1975 3847 3158 3922 Denkmals stehen, das noch immer der Ausführung harrt. Der
1975 3907 3166 3965 Dichter der Wiener Seele verdient es wie wenige andere, den
1978 3938 3163 4024 folgenden Generationen auf dem Boden von Wien im Denkmal
1972 4001 3167 4072 vor Augen gestellt zu werden. Wann wird Wien diese Pflicht der
1975 4060 2288 4117 Pietät erfüllen?
