3344 4256
218 224 786 333 13. Miscell
1267 214 1686 318 box 447
885 226 1084 334 s
1093 537 1698 652 scher,
1023 852 1835 951 Das süße Mädel¬
1196 951 1672 1057 unsterblich.
900 1034 1976 1138 Wienerinnen in der Wirklichkeit und auf dem Theater.
1389 1120 1481 1195 Von
1275 1171 1589 1260 Franz Corch.
944 1245 2041 1296 In der Literatur, besonders in der dramatischen, ist die
841 1290 2036 1347 Gattung Wienerin, die heute alle Welt mit dem Begriff „süßes
832 1326 2029 1406 Mädel“ verbindet, erst berühmt geworden, seit Artur Schnitzler
841 1385 2036 1451 für sie diese Bezeichnung gefunden hatte. Seine Mizzi Schlager
838 1440 2038 1490 und Christine Weyring führten ihre zahllosen lieblichen Ahnen
831 1487 2032 1552 und Schwestern aufs anmutigste ins Schrifttum ein und sorgten
831 1522 2032 1604 zugleich für eine würdige Stellung ihrer Nachfahrinnen.
837 1582 2035 1640 Mädchen dieser Art freilich sind längst bekannt und geschätzt
835 1631 2032 1684 gewesen, bevor für sie der passende Name aufkam. Süße Mädeln
835 1678 2032 1738 gab es in ihrer Weise im Vormärz, im wienerischen Rokoko,
838 1726 2035 1794 wann immer man will; sie singen und tanzen durch Raimunds
835 1768 2035 1838 Zaubermärchen, sie tragen sogar antikes Gewand und wollen
828 1835 2032 1889 uns einreden (blauen Dunst auf bestrickende Weise vormachen,
832 1866 2027 1932 gehört zu ihren bereitwillig anerkannten Privilegien),
834 1917 2030 1982 Griechinnen zu sein. Bald heißen sie Hero, bald Melitta, und
829 1958 2032 2014 danken Franz Grillparzers Dichterschaft ihr holdseliges Dasein.
823 1996 2035 2083 Mit ihrem Griechentum jedoch ist es ein eigen Ding: schaut
826 2060 2024 2115 man näher hin und hört auf den Klang ihrer Sprache, den
829 2098 2026 2175 Tonfall ihrer Sätze oder beachtet die Anmut ihres Denkens,
819 2155 2020 2226 dann stellt sich bald heraus, daß in diesen Frauengestalten der
820 2193 2024 2271 besondere weibliche Typus aus des Dichters Heimatstadt fest¬
825 2242 2023 2327 gehalten wurde, ein Typus, den die Harmonie von innerer
820 2280 1478 2366 und äußerer Grazie kennzeichnet.
968 2351 1871 2429 Grillparzer und das Wiener Mädel.
929 2426 2020 2491 Das Wiener Mädel — wie Grillparzer ihm im Leben
825 2470 2020 2548 begegnete und wie es, einer Verkörperung seines Schicksals
820 2528 1984 2583 gleich, den Weg dieses österreichischen Menschen bestimmte
823 2569 2012 2638 beglückend und wiederum enttäuschend, begehrt und verstoßen,
820 2616 2018 2680 himmelhoch jauchzend, zu Tode betrübt —, es lebt in fast allen
819 2664 2017 2733 Frauengestalten seiner Dramen, so griechisch sich diese auch
820 2711 1999 2783 äußerlich gebärden mögen. „Des Meeres und der Liebe Wellen
814 2760 2023 2835 wird nur richtig erfassen und in den letzten seelischen
822 2805 2020 2878 Beziehungen begreifen, wer die Wienerin verstanden und eine
820 2850 2011 2915 Ahnung verspürt hat von der ungezwungenen und selbst¬
814 2908 2012 2966 verständlichen Anmut ihres Herzens. Die Mischung von Gefühl
814 2954 2011 3013 und Intellekt weist in Wien eine von anderswo durchaus
808 2993 2015 3058 verschiedene Zusammensetzung auf. Beide gehen Verbindungen
814 3051 2009 3114 ein, deren Ergebnisse und Auswirkungen jedem unbegreiflich
813 3087 2005 3164 sein werden, für den ein so geartetes weibliches Wesen ein Buch
808 3139 2008 3209 mit sieben Siegeln ist. Die Wienerin vermag in Augenblicken
807 3200 2008 3261 zuzugreifen, wo das Temperament ihrer Schwester aus einem
808 3245 2005 3302 anderen Lund diese längst über alle Berge gejagt hätte und
808 3281 2008 3350 umgekehrt, ist sie imstande, geräuschlos zu verschwinden, wenn
811 3331 2000 3412 zum Beispiel die Amerikanerin oder die Russin mit allem verfüg¬
814 3379 1516 3443 baren Nachdruck ihre Gegenwart betont.
914 3424 2002 3496 Besonders in Dingen des Empfindungslebens wird die
801 3477 1999 3553 Haltung einer Frau stets die Beschaffenheit des ihr inne¬
801 3531 1999 3603 wohnenden Menschentums erkennen lassen. Die Wienerin, ein
804 3567 2003 3651 Lieblingskind Gottes, verfügt über einen angebornen Takt des
802 3623 1999 3701 Herzens — man kann ihn auch Instinkt nennen —, der sie in
810 3666 1999 3744 schwierigen Lebenslagen zumeist den richtigen Weg führt (der
810 3717 1999 3793 keineswegs immer der vernünftige ist), ohne daß erst des langen
801 3773 1999 3839 und breiten darüber gegrübelt werden müßte. Auch wenn dieser
801 3803 1993 3886 Pfad nicht ins Glück mündet — hat das Herz einmal gesprochen,
801 3856 2000 3940 von dessen Schlag alles Wert oder Unwert empfängt, dann gibt
796 3901 1993 3973 es für eine Frau oder ein Mädel, die der Sturm ihrer Gefühle
795 3949 1999 4026 jagt, keine menschlich zweifelhaften Lösungen mehr. Bedenkenlos
795 4003 1996 4071 und frei von jeglicher mittelbaren Erwägung fällt die Ent¬
804 4044 1993 4118 scheidung, gegründet einzig und allein auf das, was der Mensch
810 4094 1987 4173 für recht und anständig hält. Dieser wäre nicht lebensfähig,
796 4143 1990 4205 müßte er in seinem Allerpersönlichsten lügen und unter der Last
