3344 4352
231 211 1107 344 13. Miscellaneous
1289 237 1724 331 box 447
750 1169 1010 1280 Die Stunde,
815 1247 1280 1390 6. Okt. 1934
1409 1478 3147 1578 gelungen, die geistig sinnliche Dichte und man noch immer eine Reihe ausgezeichneten
1419 1539 2270 1598 Intensität der Aufführungen von Otto Brahn
536 1465 1383 1617 46.10
2302 1552 3150 1608 Volksstück-Schauspieler, aber das soge¬
1416 1588 3150 1643 oder Stanislawski zu erreichen. Einzelne der nannte mondane Stück, das Gesellschafts¬
533 1604 2270 1682 -
2296 1640 3150 1698 stück, wie es früher im Volkstheater die
1422 1672 3157 1731 Wunderwirkungen hochgezüchteter En- Komödien von Flers und Caillavet, von
1409 1708 2267 1767 semblekunst, aber es waren mehr Zufalls
2293 1724 3150 1776 Bernstein gewesen sind, kann das Ensemble
1409 1760 2267 1812 resultate, während Otto Brahm und Stanis¬
2293 1773 3153 1822 des Volkstheaters ohne Gästezuzug heute
1413 1802 2270 1854 lawski immer für die Idee des Ensembles
2296 1809 3157 1864 nicht mehr vollkommen bestreiten. Und das
1406 1848 2270 1916 gearbeitet haben, das Theater als End¬
2299 1854 3157 1903 Volkstheater darf sich aus Betriebsgründen
1406 1890 2091 1948 resultat des Ensembles betrachten
2283 1900 3160 1945 nicht auf ein Genre festlegen, es muß vieles
1455 1906 2267 1981 Jetzt ist der Ensemblegedanke in Berlin
2296 1939 3144 1994 bieten, wenn es den Wünschen seines Publi¬
1413 1968 2264 2030 längst zerschlagen, da dort ein immerwäh¬
2293 1981 3150 2030 kums gerecht werden will. Es hat zwei
1406 2020 2267 2078 render Austausch von Schauspielern statt¬
2289 2023 3153 2078 außerordentliche schauspielerische Indivi¬
1409 2062 2267 2114 fand und stattfindet. Nur die deutsche Pro¬
2293 2072 3150 2117 dualitäten wie Christl Mardayn, die sich im
1416 2108 2273 2169 vinz hatte noch ihre Ensembles, aber auch
2306 2114 3157 2163 Volkstheater ganz unglaublich entwickelt
1409 2147 2267 2202 dort wurden die Schauspieler von Jahr zu
630 2082 1328 2215 Gäste und Ensemble
2293 2153 3150 2205 bat, und Hans Olden, der heute einer der be¬
1413 2192 2260 2247 Jahr getauscht. Die letzte Stadt des Glau¬
2293 2199 3150 2251 liebteste Schauspieler Wiens ist, es hat in
701 2199 1390 2283 Die Mitglieder des Deutscher
1416 2234 3153 2293 bens an das Ensemble ist Wien. Im Theater Kurt von Lessen, in Otto Schmöle, in Hans
656 2254 2267 2332 Volkstheaters haben gegen das in der Josefstadt gibt es ein Ensemble, das
2293 2286 3153 2341 Homma, in dem jüngst wieder entdecktem
662 2312 1383 2387 Gastspielwesen im Deutschen Volks
1413 2325 2270 2377 eine Anzahl Schauspieler seit Jahren in der
2296 2328 3153 2384 Eduard Loibner eine ganze Reihe starker
656 2367 1143 2423 theater Protest erhoben.
1413 2364 2264 2419 Geschlossenheit schauspielerischen Aus¬
2296 2374 3140 2423 Charakterspieler, es hat eine Reihe glänzen
1413 2406 2260 2462 drucke zeigt, das Burgtheater hat sein En
2289 2416 3150 2471 der Episodisten. Trotzdem fehlt die Einheit
572 2390 1393 2481 Die Ensembleschauspieler sehen natürlich
2289 2458 3153 2507 eines stark wirkenden Ensembles, das heute
516 2442 2257 2523 immer ein wenig scheel auf den großen Gast, semble, das die Geklärtheit, den Konserva
1409 2497 3153 2559 tivismus und die klassische Tradition dieses repräsentativ als Ensemble auftreten und
520 2507 1393 2572 der den großen Erfolg und meist auch die
1416 2536 3153 2601 Theater repräsentiert. Und das Volkstheater alle die verschiedenen Richtungen des Thea¬
523 2546 1383 2617 große Gage wegschleppt, während das En
1413 2582 3007 2637 hat ein Ensemble, das einmal für das Gesell¬ters als Ensemble beherrschen kann.
523 2588 1383 2656 semble sich nur in seinem Schatten danken
1416 2627 2264 2673 schaftsstück ganz besonders geeignet war.
2322 2608 3150 2679 Das werden die Herrschaften über kurz
520 2643 1390 2692 verbeugen darf. Der Gast räumt ab und das
1413 2669 3147 2728 Wenn man von einer Physiognomie des jetzi¬ oder lang wohl auch einsehen. Hoffentlich
523 2676 1383 2741 Ensemble hat gewöhnlich das Nachsehen
510 2715 3124 2780 man spricht vom Gast und die Mitglieder des gen Volkstheaterensembles spricht, erkennt noch, ehe es zu spät ist. Siegfried Geyer.
526 2764 1400 2822 Hauses figurieren nur so nebenbei als seine
520 2809 1393 2874 Trabanten. Zu allen Zeiten, auch in den
513 2848 1387 2913 guten Jahren des Theaters, war das En¬
516 2887 1383 2952 semble innerlich gegen den Gast eingestellt
523 2939 1383 2991 wenn es auch in Garderoben und Korrido¬
513 2988 1390 3040 ren, vor dem Auftreten und in den großen
516 3023 1383 3079 Szenen mit ihm sehr freundschaftlich um
516 3062 1390 3131 ging; die Liebe erwies sich stets als truge¬
513 3108 1390 3166 risch. Der große Schauspieler sieht auf den
516 3153 1387 3212 kleinen herab, aber der kleine lehnt es ab,
507 3192 1380 3264 zum großen Bruder emporzuschauen. Schau¬
516 3241 1383 3303 spieler sind gerecht, aber auch ungerecht.
513 3280 1380 3338 sie teilen nicht immer die Meinung des Publi¬
513 3325 1387 3387 kums, sie glauben tiefer in die Geheimnisse
513 3371 1387 3433 des Metiers zu sehen und nicht jeder Gast
510 3416 1387 3478 scheint ihnen wert, ein Gast zu sein. Sie ken¬
507 3455 1380 3517 nen die Konjunkturen, die Zufälle, die per¬
503 3501 1387 3556 sönliche Reklametüchtigkeit, die einen
513 3543 1380 3605 Schauspieler oder eine Schauspielerin auf
503 3585 1380 3650 die Höhen des Theaters wirbelt. Nicht immer
507 3631 1380 3699 geht es da mit gerechten Dingen zu, meinen
503 3676 1367 3738 sie, und mancher Ensembleschauspieler emp¬
500 3705 1374 3777 findet schmerzlich das Unrecht, daß nicht
503 3764 1380 3852 auch er das Glück hatte, ein berühmter Gast
497 3809 724 3881 zu werden.
542 3842 1367 3920 Jetzt haben die Schauspieler wieder ein
503 3894 1380 3959 mal Mut gefaßt und sind einfach vor ihren
507 3942 1374 4004 Direktor bingetreten, um das Gastwesen als
500 3985 1377 4046 Gastunwesen zu erklären, sie haben die
503 4030 1377 4079 Wünsche des Ensembles geäußert, das als
497 4072 1370 4144 Ensemble vor das Publikum gestellt und
494 4118 1370 4196 gewertet werden will. Alles darum, weil
503 4160 1387 4235 zwei Gäste im Volkstheater jetzt nicht wie¬
