3344 4352
216 237 1095 368 13. Miscellaneous
1269 243 1701 365 box 447
672 831 1333 888 I. österr. behördl. konzessioniertes
639 858 1369 958 Unternehmen für Zeitungs-Ausschnitte
703 925 1299 1013 WIEN, I., WOLLZEILE 11
776 980 1232 1047 TELEPHON R-23-0-43
569 1080 934 1193 Ausschnitt aus:
809 1132 1360 1302 Das Echo, Wien
560 1314 703 1415 vom
481 1427 1762 1606 -
2014 1494 2960 1603 in
1558 1634 2650 1737 1933/34 erfolgreich
800 1637 1482 1737 Burgtheater
666 1801 2945 1877 Die Spielzeit des Burgtheaters geht zu Ende. Noch eine Neuinszenierung gibt es vor Torschluß: „Die Lustigen
496 1862 2942 1938 Weiber“ von Shakespeare, die seit vielen Jahren nicht mehr gespielt wurden. Dann tritt das Burgtheater in seine Ferien.
672 1917 2936 1993 Aus diesem Anlaß haben wir uns an Direktor Röbbeling mit der Bitte gewendet, uns eine künstlerische Bilanz
499 1959 2373 2048 des letzten Spieljahres zu entwerfen und über seine Pläne für die nächste Saison zu sprechen.
986 2023 2464 2127 Direktor Röbbeling über die abgelaufene Spielzeit
2172 2102 2985 2185 liche Komödie" von Krasnicky,
1314 2108 2105 2188 seines Herrn", „Der standhafte Prinz
508 2093 1269 2191 Direktor Röbbeling hatte die
2172 2172 2985 2227 deutsch von Czokor, aufgeführt werden.
2045 2178 2127 2236 und
1311 2172 1996 2233 von Calderon, „Wilhelm Tell
441 2175 1260 2245 Liebenswürdigkeit, unseren Mitarbeiter
2175 2221 2988 2282 Ferner werden Stücke von tschechoslowaki¬
1311 2224 2023 2282 „Braut von Messina von Schiller
466 2227 1269 2285 zu empfangen und einen ausführlichen
2181 2270 2991 2331 schen und rumänischen Dichtern in diesem
2042 2276 2130 2331 und
1320 2270 2017 2334 Shakespeare wird mit „Hamlet
450 2264 1269 2331 Rückblick auf das vergangene Spieljahr
2175 2318 3000 2385 Rahmen angenommen werden, die noch
1311 2318 2121 2382 „Wie es euch gefällt“ vertreten sein Vor
456 2328 1269 2407 sowie die sich daraus ergebende künst¬
2175 2367 2480 2443 nicht feststehen.
2038 2373 2133 2428 von
1314 2376 1996 2428 Hebbel wird „Agnes Bernauer
459 2379 1263 2431 lerische und materielle Bilanz des
1314 2413 2133 2486 Raimund „Der Verschwender“ zur Auf¬
2233 2388 3006 2492 Im Akademietheater wird in der
1156 2422 1266 2486 sprach
456 2419 1123 2492 Theaters zu geben. Gleichzeitig
2181 2458 3000 2553 nächsten Saison ein neues Stück von
1323 2467 1686 2540 führung gelangen.
511 2467 1272 2534 rektor Röbbeling in großen Zügen
2175 2510 2994 2574 Bratt „Jenseits der Sorgen", von
447 2525 1266 2604 über die Pläne der kommenden Saison.
1357 2498 2108 2604 An Novitäten werden „Julius Caesar
2175 2559 2994 2626 Raoul Auernheimer „Die große
1308 2559 2127 2638 von Mussolini und Forzano,
505 2580 1266 2656 „Aus der Aufführungszahl geht her¬
2178 2614 3000 2674 Leidenschaft“ und „Das lebenslängliche
1317 2623 2127 2683 „Das ferne Schiff von Rudolf Hans
447 2629 1266 2696 vor, daß von klassischen Stücken an erster
2172 2662 3000 2723 Kind“ von Robert Neuner aufgeführt
1320 2674 2127 2729 Bartsch und von Björnson „Paul
466 2693 1269 2747 Stelle Grillparzer mit „König Otto¬
2175 2711 2994 2772 werden. Ferner sind Stücke von Ne¬
1317 2723 2127 2808 Lange und Thora Parsberg" aufge¬
453 2741 1272 2805 kars Glück und Ende“ und „Bruder¬
2172 2763 3003 2833 stroy, Anzengruber und Schnitz¬
1323 2778 1603 2839 führt werden.
447 2793 1275 2875 zwist im Hause Habsburg“ steht. Shake¬
2178 2814 3000 2906 ler vorgesehen, unter denen die Aus¬
1369 2787 2130 2881 Im Zyklus „Stimmen der Völker im
466 2842 1269 2903 speare mit „Julius Cäsar“ und
2181 2860 2763 2945 nicht getroffen ist.
1314 2863 2148 2954 Drama" wird für Polen „Die ungött¬
456 2893 1266 2957 „Richard III..“, Goethe mit „Iphigenie"
453 2939 1272 3012 und „Faust" und Schiller mit „Deme¬
481 2988 1111 3067 trius" und „Wallenstein" folgen.
511 3042 1278 3116 Das Programm der Novitäten im
447 3097 1272 3170 letzten Jahre wurde fast ausschließlich
447 3155 1281 3210 von österreichischen Dichtern be¬
462 3204 1281 3265 stritten. Da ist an erster Stelle Hermann
459 3255 1278 3310 Bahr mit seinem „Meister" und seinem
453 3304 1278 3368 „Kingelspiel zu nennen. Ihm folgt Max
456 3356 1278 3429 Mell mit dem Stück „Sieben gegen
462 3405 1281 3465 Theben", Karl Schönherr mit dem
846 3450 1278 3517 Friedrich Schrey¬
453 3453 761 3520 „Passionsspiel
453 3505 1278 3569 vogel mit „Habsburgerlegende“ und
462 3548 1202 3630 Richard Billinger mit „Rosse“.
520 3587 1278 3684 Im Zyklus der „Stimmen der Völker
453 3666 1275 3727 im Drama" hat die „Tragödie des Men¬
466 3715 1275 3776 schen“ von Madach für Ungarn die
456 3767 1275 3821 höchste Aufführungszahlen aufzuweisen
462 3812 1266 3894 Ihm folgt für die Schweiz „Der Bürger
466 3852 1284 3919 meister von Zürich" von Ferdinand
456 3897 1266 3964 Schell und „Der Verrat von Novarra
453 3952 1290 4013 von Caesar von Arx. Einen großen
469 3998 1287 4062 Publikumserfolg haben die Stücke „So
459 4053 1284 4117 war Herr Brummel“ von Penzoldt
466 4104 1284 4159 und „Tenodorus“ von Biedermann
459 4156 1290 4214 in der Bearbeitung von Gregor aufzu¬
