3392 4320
1310 224 1725 332 box 447
248 221 1133 353 13. Miscellaneous
544 511 1366 622 OBSERVER
634 604 1307 667 1. österr. behördl. konzessioniertes
604 655 1334 721 Unternehmen für Zeitungs-Ausschnitte
679 709 1274 795 WIEN, I., WOLLEILE 11
750 783 1202 852 TELEPHON R-23-0-43
1979 748 2491 861 Neues Wiener Tagblatt.
2942 756 3346 864 2. Dezember 1888
2805 924 3346 1002 Liebet der Erde blühenden
2811 987 3361 1049 Fliegt nicht ins nebellos B.
460 849 2739 1088 Gedichte und unveröffentlichte Briefe
2811 1041 3349 1094 Schafft auf dem Boden und
2811 1085 3349 1139 Lasset dem Adler den Flug
556 1064 2736 1223 on ses / Mitgeteilt von Marie Mautner=Kalben
2811 1133 3352 1187 Er, das Symbol der Erheb¬
2814 1184 3349 1241 Ihm ist der Aufstieg das 2
484 1199 2784 1292 Anläßlich der Sammlung von Kainz-Briefen für den immer die Zurückgesetzten — ich unter allen Umständen
2814 1229 3349 1298 Täuschung dein Sehnen un
392 1241 2781 1340 im Jahre 1922 (bei Nikola) erschienenen Band „Briefe von der Begünstigte, der Bevorzugte. Es wäre also nur
2814 1280 3352 1334 Je näher der Sonne, je käl
392 1301 1588 1381 Josef Kainz“ ließ mich Arthur Schnitzler auch folgenden Brief
2814 1325 3349 1381 Denkst dich zu nahen den
1612 1331 2781 1390 noch das leere Prinzip übrig, das sein Opfer fordert.
392 1360 1585 1417 abschreiben, wollte aber nicht, daß ich ihn damals der Brief¬
1609 1372 3355 1435 Aber diesem leeren Prinzip könnte man selbst im an= Aber du irrest, du strebst in
389 1393 1585 1459 sammlung beifüge, weil er ihn als zu schmeichelhaft für sich
2811 1420 3352 1480 Reichst nicht zur Sonne, en
1609 1420 2778 1489 erkannten Schuldfalle ein volleres entgegensetzen, und
395 1450 2781 1534 empfand. Diesen Brief, ein Beweis der tiefen Bescheidenheit dieses wäre das Prinzip der Wertschätzung, das im
2814 1468 3355 1549 Und bringst du's zum Opfer
383 1501 2604 1573 zweier so großer Künstler, möchte ich jetzt der Oeffentlichkeit praktischen Leben allenthalben Geltung hat.
2679 1528 2784 1588 Das
392 1543 1579 1597 nicht mehr vorenthalten. Im September 1935 werden es
2808 1525 3361 1606 Schaff auf dem Boden, ihm
1603 1570 2781 1630 Gesetz muß unter allen Umständen angewendet werden.
398 1585 1579 1656 fünfundzwanzig Jahre, seit Kainz, viel zu früh, gestorben ist
2808 1603 3358 1653 Keinem der Welt ist was R
1609 1615 2781 1677 Eine Dienstordnung aber ist kein Gesetz. Dem Leiter
380 1627 1582 1701 Den jungen Menschen, denen sein Name nur ein märchen¬
2811 1642 3355 1704 Dem nicht das Erdreich die
1609 1662 2778 1722 steht es frei, sie in Anwendung zu bringen oder nicht
2817 1698 3358 1749 Die ihn verlocken, dem Sta¬
386 1677 2778 1788 hafter Glanz ist, werden diese paar Briefe helfen, sich den nach eigenem Ermessen, und darin liegt es eben, daß
383 1719 1579 1800 Menschen Kainz vorzustellen, seine Zeitgenossen — denen er
2805 1737 3343 1806 Aber verläßt er den Born
1606 1758 2781 1842 Maßregelungen nach Dienstordnungsparagraphen viel
383 1773 984 1854 gegenwärtig geblieben ist.
1041 1779 1576 1863 werden ihn daraus wieder
2817 1782 3361 1860 Fühlt er auch schon seine S
389 1821 520 1893 hören.
1603 1809 2784 1875 persönlicher wirken als gesetzliche Strafen. Der Richter
2808 1839 3358 1902 Lernst du den Rausch der B
1606 1863 2784 1923 muß urteilen ohne Ansehung der Person, der Vor¬
481 1833 1585 1935 Der Brief an Schlenther ist ein Beweis dafür, wie im
2814 1890 3358 1941 Trägt sie dich schnell zu den
1609 1908 2775 1964 gesetzte kann es in Ansehung der Person, und der
377 1896 1576 1979 höchsten Sinne gewissenhaft Kainz — starunähnlich — die
2808 1938 3382 2003 Aber wie Wein, der, zu reich
1597 1958 2775 2012 Lampenputzer wird in seinem Beruf durch ein Straf¬
383 1955 1570 2033 Verpflichtungen seines Berufes auffaßte. Das Antwort
2811 1985 3361 2036 Bald dich verführt zu den a
1600 2003 2778 2063 verhängnis sicher weniger gestört als ein Mitglied,
383 2009 1576 2072 schreiben an zwei Enthusiastinnen ist aus Berlin (1893), das
2811 2030 3355 2096 Reißt sie dich hin zu vertra¬
1597 2051 2778 2108 von dessen Gemütsverfassung das Schicksal von
377 2054 1573 2141 kleine Gedicht an Schriftsteller Dr. Leo Feld, das Gedicht
2814 2081 3352 2159 Zum Stammeln und Lallen
1606 2099 2775 2162 Dichtern abhängen kann. Das Prinzip der Wert¬
380 2102 1229 2183 „Warnung", fand sich in seinen Papieren.
1603 2144 2781 2207 schätzung wird einem großen Unternehmen immer
2805 2132 3349 2225 Grab' in den Grüften, doch
1597 2198 2781 2251 vorteilhafter sein als das Prinzip einer Dienst¬
2811 2207 3355 2260 Daß du den Wurzeln nicht
589 2177 1253 2287 An Arthur Schnitzler.
1591 2242 3361 2314 ordnung, die tot in einem engen Schreibpult ruht. Allen den Pflänzlein, die un
1103 2254 1552 2368 Wien, 31.12. 1906.
1597 2287 2778 2356 Mit einem Wort: Ein Theater ist keine Republik,
2811 2305 3355 2374 Der Bäume, die Schatten un
1606 2338 2778 2401 sondern eine Autokratie, und der Direktor sei kein
2805 2350 3343 2407 Immer nur tiefer! — Nicht
520 2326 1435 2428 Mein lieber und innig verehrter Freund!
1591 2389 2775 2446 Brutus, sondern ein Augustus, der seine Leute kennt
2802 2395 3346 2461 Arbeit sei Selbstzweck, dein
472 2401 2778 2503 Nach allen Sympathiekundgebungen, die mir des und die Kette nicht klirren läßt, wenn an ihr nicht
2808 2449 3361 2503 Streben und Ringen erneue¬
368 2470 1570 2544 öfteren von Ihnen geworden sind, darf ich Sie wohl
1600 2488 2769 2559 gezerrt wird. Das soll um Gottes willen keine Be¬
2799 2497 3367 2550 Bahnst du nur Wege, so haft
377 2536 1573 2595 mit diesem Titel anreden. Also mein verehrter Freund,
1594 2530 1890 2598 lehrung sein.
2802 2542 3358 2610 Und trifft du den Tod an,
383 2574 1570 2652 Sie und Ihre liebe Gattin haben uns mit Ihrem
2805 2586 3358 2655 So bist du im Mutterschoß
1683 2553 2775 2658 Dies alles würde ich anführen, wenn eine wirkliche
374 2619 1567 2685 Blumengruß und dem Buch eine wahrhaftige große
1591 2610 3358 2703 Schuld, ob bona oder mala fide, vorläge. Aber diese be¬ Denn was du auch wirkest in
371 2673 1567 2733 Freude bereitet. Ich trage auch nicht mein Herz auf
2796 2691 3361 2763 Du schafft nur am Bau dein
1597 2688 2766 2751 streite ich noch immer. — Nebenbei gesagt, lieber Herr
374 2724 1561 2781 meiner Zunge und hege eine Scheu, dem mir ernstlich
1591 2736 2769 2802 Doktor, ist der Shylock diesmal nicht der arme
380 2775 2772 2843 Sympathischen meine Gefühle zu verraten. Aber ich Direktor, sondern das Mitglied — ich. Ich will mein
374 2814 1567 2879 habe stets die Erfahrung gemacht, daß das Verwandte
1594 2832 2775 2891 Pfund Fleisch von Ihnen mit Blut. Wenn mir die
371 2867 1567 2942 doch eines Tages sich nähern muß, sich findet und dann
1591 2882 2775 2939 Direktion erlaubt, an drei Tagen in Brünn zu spielen,
371 2918 2769 2993 fester zusammenhält als jene Dutzendfreundschaften, die so muß ich voraussetzen, daß sie oder doch wenigstens
365 2975 2769 3044 mehr durch die Wärme des Alkohols als die des Herzens die Beamten die Geheimnisse des Fahrplanes kennten,
371 3017 1555 3077 geschlossen werden. Und ich glaube, meine Erfahrung
1591 3029 2772 3086 sonst hat sie mich bei allem Entgegenkommen, wie man
374 3068 1558 3122 hat mich auch diesmal nicht getäuscht. Lassen Sie mich
1585 3083 2769 3140 zu sagen pflegt — reinfallen lassen. Das will sie doch
371 3113 1477 3172 das kühne Wort (kühn für mich) jetzt aussprechen
1597 3128 2760 3187 sicher nicht. Das hat sie auch nicht nötig, denn sie kann
365 3166 1465 3217 einer Stunde, wo ein äußerlicher Lebensabschnitt¬
1591 3178 2763 3232 den Urlaub verweigern, und einer Urlaubsverweige¬
368 3211 2760 3283 vollendet. Ich glaube, wir sind für einander reif gerung werde ich niemals persönliche Motive unter¬
365 3259 1558 3319 worden. Wie ich innerlich längst Ihrem Geist und
1597 3277 2760 3328 schieben. Ich begreife sie stets aus dem Grunde der
365 3310 1558 3376 Talente nahe stehe, muß ich Ihnen auch noch sagen
1582 3325 2754 3382 Repertoiregefährdung voll und ganz. Den Beweis hab¬
365 3361 1558 3421 wenn Sie es nicht selber schon empfunden haben. Ihre
1588 3370 2751 3427 ich Ihnen vor etwa zehn Tagen in der Neumannschen
368 3406 2751 3477 heutigen Zeilen aber öffnen mir Ihr warmes Herz, Affäre geliefert. Ich nahm sofort ihre Stellung un
365 3456 1558 3516 und so ergreife ich Besitz und biete Ihnen das meine
1588 3471 2742 3519 werde sie bei ähnlicher Gelegenheit immer nehmer
365 3504 1558 3564 dafür. Weisen Sie nicht zurück und lassen Sie uns
1585 3519 2739 3582 Nicht nur drei Tage, sondern auf drei Abende hatte in
365 3555 1558 3621 Freunde sein, nicht weil wir wollen, sondern weil wir
1588 3564 2742 3621 die Erlaubnis, in Brünn zu spielen. Die Zeit zur Rück
368 3612 2742 3672 müssen. Ein kräftiges Prosit Neujahr Ihnen und Ihrer kehr muß man mir unter solchen Umständen zugestehen
365 3651 1546 3726 lieben und liebenswürdigen Gattin von Gretel und
1579 3666 2733 3720 Hätte man mir rechtzeitig mitgeteilt, daß am 7. von
365 3699 1097 3785 Ihrem Ihnen getreuest ergebenen
1579 3714 2733 3767 mittags um 10 Uhr eine Probe angesetzt war, so konn¬
1226 3740 1519 3839 Josef Kainz.
1579 3761 2736 3812 ich noch um Dispens nachsuchen oder aber auf de
1582 3803 2730 3866 dritten Urlaubstag verzichten. Jedwede dienstliche Me
1579 3851 2742 3911 dung aber und Verfügung, also auch das Wochen
547 3833 1268 3938 An Dr. Paul Schlenther.
1582 3905 2733 3965 repertoire, muß mir dahin berichtet werden, wo ich mit
1387 3884 1516 3989 1907.
1582 3947 2730 4010 mit Bewilligung der Direktion aufhalte. Meine Wol
700 3929 1181 4039 Lieber Herr Doktor!
1573 3998 2736 4060 nung ist da, wo ich jeweilig statthaft weile. Also liebe
463 3998 1552 4087 Zunächst möchte ist den leisen Vorwurf, den ich im
1576 4051 2730 4105 Herr Doktor, ich bitte Sie noch einmal, lassen Sie mein
362 4075 1546 4135 Anfang Ihres liebenswürdigen Briefes entdeckte, als
1579 4099 2733 4147 Verteidigung gelten und geben Sie mir davon offiziel
365 4120 1035 4189 hätte ich mit meinem Protest
1061 4123 1555 4189 provokatorisch offiziell
1576 4147 2733 4201 Nachricht. Ich habe in acht Jahren bald nicht so vi¬
368 4171 1008 4255 den ollen, gut unter
