3344 4256
178 243 322 345 13.
368 241 1041 348 Miscellaneous
1231 250 1652 355 box 447
742 1706 2167 1815 us: Neues Wiener Tagblatt, vom 27.10.1934.
855 1826 1875 1937 Stammgäste in Alt-Wiener Cafes.
950 1912 2552 2016 Im Cafe Kremser auf der Ringstrasse sah man oft
758 2002 2545 2072 den Chormeister des Wiener Männergesangvereines Eduard
753 2060 2616 2153 Kremser, den Vorstand des Künstlerhauses Haler Felix und
753 2116 2584 2181 Franz Schalk, der halbe Mächte lang Schach spielte; und
760 2167 1305 2246 auch heute noch
1462 2176 2584 2241 t man hier den Maler Ferraris. Als
781 2225 878 2269 1.
753 2234 881 2304 Lie¬
985 2234 2600 2322 ren bekant, war an der Ecke der Schauflergas¬
753 2290 2547 2352 se das Cafe Griensteidl, wo der junge Hermann Bahr den
758 2336 2454 2406 Ton angab, wo Arthur Schnitzler, Hofmannsthal Felix
758 2403 2403 2477 Salten, Robert Hirschfeld, der damals gern gelesene
762 2457 2621 2528 Schwarzkopf zur Runde der Jungen zählten. Im Cafe Pucher,
892 2512 983 2547 .
758 2514 841 2575 ur¬
890 2512 2603 2584 unglich Daun, sah man jeden Abend den tragisch ge¬
760 2570 2533 2644 endeten Grafen Stürgk und viele Mitglieder des Polen¬
751 2621 2533 2695 klubs aus dem Reichsrat. Im Cafe Museum ind der Frie¬
753 2677 1008 2749 drichs
1085 2681 2554 2756 se begründete der Direktor des Theaters an
1034 2732 1136 2772 r
762 2739 2561 2795 der Wien, Wilhelm Karcza, einen Stammtisch, dessen her-
760 2790 2508 2855 vorragendster Repräsentant Franz Lehar wurde. Im Cafe
753 2839 2535 2918 Parsifal in der Walfischgasse sah man täglich den un-
760 2906 2496 2969 vergesslichen Tenoristen Hermann Winkelmann und viele
751 2952 2477 3036 Philharmoniker, die diesem Cafe bis auf den heutigen
758 3015 2519 3073 Tag treu geblieben sind. Diese Liste erhebt keinen An¬
758 3066 2528 3149 spruch auf Vollständigkeit, ich glaube aber, die wirk¬
760 3122 2304 3221 lich „Prominentesten alle aufgezählt zu haben.
1933 3166 2436 3265 Ludwig Karpath.
