3344 3968
234 230 1111 329 13. Miscellaneous
1290 234 1712 329 box 447
1491 455 1950 557 Zeitungs-Ausschnitte
1292 537 1875 636 WIEN, I., WOLLEILE 11
1365 603 1820 674 TELEPHON R-23-0-43
1175 738 1535 826 Ausschnitt aus:
1188 976 1345 1058 vom
1438 950 1884 1091 14
1191 1111 2529 1244 Im Hause der Things.
1120 1232 2597 1321 Zum morgigen 80. Geburtstag des Altmeisters.
1025 1314 2741 1400 Zugleich mit der Uebersiedlung vom alten von gestern noch immer Dutzende und ein¬
972 1365 2748 1429 Haus auf dem Michaelerplatz in den Palast malige Bilder, zurück bis zu Burgtheater¬
981 1414 2739 1484 beim Schottentor ist auch Hugo Thimig über künstlern unter Josef II. Einzigartig ist die
981 1460 2737 1526 gesiedelt, wenn auch nicht in einen Palast, so Sammlung von Spazierstocken, die
1880 1498 2739 1557 einfach in Schirmständern stehen. Da sind
978 1506 1849 1570 doch in ein Haus, das in seiner Traulichkeit
1888 1544 2737 1610 solche, die Fichtner getragen hat und Mitter¬
981 1555 1855 1612 und Einfachheit an den berühmten Musen¬
1880 1588 2741 1643 wurzer, einer der Wolter und ein Staber
981 1601 1847 1650 tempel bei der Burg erinnert, den der Haus¬
990 1632 2745 1703 herr nie vergessen kann und den er nie ver= Nestroys. Da ist der Stock, auf den sich des
987 1679 2754 1743 gessen will, das alte Haus, von dem man das morgen Achtzigjährigen Mutter gestützt hat...
983 1729 1844 1776 Geburtstagskind von heute immer noch sagen
1884 1732 2750 1807 Sein eigener Bibliothekar, Kritiker, Biograph.
983 1771 1847 1822 hören kann, daß er ihm seine schönsten schau¬
1917 1802 2745 1853 Dem altmodischen Schreibtisch gegenüber
994 1818 1847 1871 spielerischen Zeiten und Erinnerungen ver¬
1880 1835 2741 1893 ein auch gut ein halbes Jahrhundert alter
987 1858 1851 1908 dankt. Mehr als 45 Jahre also wohnt er in
983 1877 2745 1948 der Gymnasiumstraße, hat er sich dort an primitiver Schiebekasten, den der Besitzer dem
1886 1917 2748 1977 Gast zwar öffnet — aber nicht mehr. Darin
987 1937 1847 2001 gesiedelt, wohin um die gleiche Zeit auch
1877 1968 2750 2023 befinden sich nämlich seine Erinnerungen,
1526 1979 1849 2041 Beer=Hofmann
983 1986 1500 2041 Gabillon, Kralik, Schnitzl
1880 2008 2750 2065 an denen er das elfte Jahr schreibt, eine
987 2012 1849 2081 menschensicher, menschenweit ins Grüne ge¬
1882 2052 2750 2107 Arbeit, für die er als Instrumente, außer
996 2076 1849 2125 flüchtet sind, in eine Feldeinsamkeit, die heute
998 2098 2748 2176 freilich schon längst straßenbahndurchfahren Papier und Feder, eine Räucherschale
1880 2136 2763 2195 braucht, die auf dem Tisch steht. In dieser
987 2154 1548 2215 und stadtnahe geworden ist.
1880 2182 2757 2240 werden von Zeit zu Zeit entweder Dokumente,
1882 2224 2754 2282 aus denen er geschöpft, oder auch das
1882 2268 2757 2319 Geschöpfte selbst verbrannt. Hugo Thimig als
1897 2308 2757 2368 sein eigener Bibliothekar (um zugleich
1880 2352 2761 2414 eine seiner berühmten Rollen zu nennen) ist
1880 2394 2763 2452 eben auch sein eigener Kritiker. Jedes Jahr
1884 2443 2765 2503 seines Werdeganges, jenes Bühnenlebens, das
1888 2487 2759 2544 er, auch hierin nur sich selbst als Herrn an¬
1880 2529 2752 2582 erkennend, eben beschlossen hat, in einem
1884 2578 2759 2628 eigenen Band festgehalten, handgeheftet, sauber
1880 2620 2765 2673 numeriert bis zurück zur führenden Schmiere
1882 2662 2759 2717 von Bautzen, bis zum 15. Oktober 1873, also
1882 2701 2759 2757 bis zu seinem ersten Lanzelot Gobbo. Was er
1884 2745 2759 2801 da geschrieben hat, das will er erst nach seinem
1743 2750 1864 2843 g
1888 2787 2763 2849 Tode in der Oeffentlichkeit wissen. Es ist keine
1884 2836 2761 2887 rein biographische Darstellung und keine bloße
1065 2810 1226 2918 und
1891 2885 2757 2946 Schilderung der Personen, die dem großen
1884 2920 2759 2982 Komiker und Menschendarsteller in sechs
1891 2962 2765 3024 Jahrzehnten begegnet sind, sondern ein Stück
1036 3006 2759 3070 Im Cottagestil der achtziger Jahre, efeu= Komik und sehr viel selbstgeschaffener, also
1893 3048 2763 3110 nicht dargestellter Humor, also etwas an den
994 3057 1864 3112 umwoben, schmalbrüstig, von zwei Türmchen
1891 3094 2765 3154 Opernkollegen Sleza erinnernd. Wenn er
998 3101 1860 3154 überkrönt, steht das — doch gedenktafel¬
1003 3130 2759 3207 sichere — Haus, in dem der Jubilar jetzt von seinem Werk erzählt, dabei jede Person,
998 3176 2759 3240 alles eher tun möchte, als ein Jubiläum von der er spht, wie unwillkürlich nach¬
1003 3227 2757 3293 feiern. Dreißig Jahre lang hat er ja selbst für ahmend und sie darstellend, kehrt er vom
1012 3271 2768 3344 sämtliche Kollegen des Burgtheaters Jubiläen Hoftheater — zum urheimischen Deutsch, also
