3344 4384
1285 259 1709 359 box 44/8
226 270 1093 365 13. Miscellaneous
154 1556 1561 1648 immer ihnen wohnte ein junger, hochbegabter Kollege, der
150 1626 335 1689 der Feld¬
361 1630 1554 1693 ebenfalls bald von Erfolg zu Erfolg schritt: Hugo
176 1674 337 1737 an. Da
367 1678 1559 1750 Thimig. Als er heiratete, verließ er das Cottage auf
165 1724 335 1809 deren
367 1726 1559 1796 kurze Zeit, doch kehrte er bald mit Frau und Kind in
211 1769 335 1830 Gotik
361 1776 1561 1854 die liebgewordene Gegend zurück, diesmal in ein
174 1809 330 1885 damal
363 1832 1552 1896 eigenes Haus mit einem prächtigen Garten, den er
159 1861 337 1928 hen und
361 1874 1556 1943 heute noch selbst pflegt. Dieser Meister hat schon in
161 1915 333 1982 ten ab¬
370 1926 1559 1993 jungen Jahren die fröhliche Wissenschaft praktisch
163 1963 337 2026 er und
374 1978 1552 2037 geübt, sein Leben zwischen der einfachen und immer
170 2015 333 2076 Garten¬
361 2026 1559 2098 dankbaren Beschäftigung mit der Natur und der
167 2061 339 2128 in diese
367 2069 1561 2141 künstlerischen Arbeit zu teilen. Daß dann aus diesem
159 2106 337 2180 hattigen
363 2117 1552 2178 Haus gewissermaßen eine Dynastie von Künstlern er¬
163 2167 330 2226 Cottage¬
367 2169 1561 2224 wachsen ist, braucht nicht erst mitgeteilt zu werden.
189 2215 1561 2274 Beruf Auch eine Tochter des Ehepaares Hartmann ist dem
167 2252 333 2324 Weg in
363 2263 1559 2319 Cottage treu geblieben. Sie heiratete den bekannten
189 2306 343 2378 es gab
374 2306 1556 2367 Industriellen Max v. Gutmann, der zwei Villen, die
163 2365 1556 2415 re und aneinanderstießen, zu seinem Wohnsitz adaptierte und
248 2402 335 2465 und
361 2411 1556 2465 zum Mittelpunkt eines glänzenden Gesellschaftskreises
159 2441 328 2515 Miet¬
367 2463 1556 2526 machte. — Dem Beispiel seiner Kollegen folgte Adolf
159 2502 335 2567 und nach
367 2504 1556 2559 v. Sonnenthal. Er übernahm das Haus der Burg¬
167 2552 341 2615 esitz ihr
374 2554 1559 2611 schauspielerin Straßmann nach deren Hinscheiden, und
167 2600 339 2663 endlicher
374 2604 1556 2661 seine Nachbarn sahen des öfteren die gelbgeräderten
165 2650 333 2713 en und
363 2652 1556 2708 Hofequipagen bei ihm vorfahren, denn auch Prinzen
161 2702 1552 2754 sen alles und Erzherzoge scheuten den Weg in den Villenvor¬
161 2748 335 2808 les, der
367 2750 1556 2815 ort nicht, um den bewunderten Künstler, dem sie
163 2795 335 2856 hranken
370 2795 1556 2856 freundschaftlich verbunden waren, persönlich zu be¬
163 2843 339 2928 gehoben
370 2854 1556 2902 suchen. Als nächster zog Ludwig Gabillon heraus, an
359 2891 1556 2954 den heute noch die Gedenktafel an seinem Haus er¬
367 2941 1556 2998 innert, das von seiner Tochter, der Witwe nach dem
146 2930 250 3026 ab
352 2993 1552 3052 bekannten Professor Anton Bettelheim, bewohnt wird.
424 3045 1556 3102 Babette Reinholdt hatte ein winziges Haus in der
359 3085 1552 3148 Karl Ludwig=Straße (jetzt Weimarerstraße), das sie
161 3089 328 3158 künstler
359 3143 1552 3206 nach ihrer Verheiratung mit Max Devrient verließ,
170 3143 326 3206 ler de¬
174 3191 1552 3248 damals um eine Villa in der Hasenauerstraße zu beziehen. Un¬
367 3237 1552 3298 gefähr um dieselbe Zeit schlug der große Klavier¬
176 3241 335 3302 der mi¬
167 3289 1541 3352 daß die pädagog Leschetizky sein Heim in der Karl Ludwig¬
361 3339 1550 3393 Straße auf. Er war damals mit der berühmten
178 3343 328 3406 Schau¬
363 3387 1556 3448 Pianistin Essipoff verheiratet und versammelte hier
167 3389 330 3452 heraus¬
170 3437 1550 3498 tmann, eine große internationale Schar junger Musiker, die
359 3480 1552 3543 seine Schüler wurden und die von da aus ihren
170 3489 333 3554 arbeits¬
180 3530 1546 3619 e. Bei Weg zum Weltruhm antraien, wie etwa Paderewski,
2798 1576 3293 1659 von festlich erregten
1600 1591 2763 1676 später Friedmann und viele, viele andre. Leschetizky
1593 1630 3300 1724 hat dann auch die Gründung des Türkenschanzparks die, Blumen in den
2802 1674 3337 1754 Erwartung zusammend
1593 1693 2772 1774 angeregt und hat es noch erlebt, daß an Stelle der
1589 1741 3335 1824 zerklüfteten Sandgruben und Steinbrüche die blühende loser Ehrfurcht zu ein
1593 1778 3332 1869 Pracht dieses Parks entstand. Eine Marmorbank, in ein jünglinghaft schlan
1598 1835 3337 1919 deren Lehne sich ein Reliefbildnis Leschetizkys befindet, weglichkeit aus dem Haus
1598 1878 3328 1967 erinnert an die Verbundenheit dieses russischen Wagen zu springen. Sei
2806 1926 3332 2000 gönnen den von hingeb¬
1591 1954 2328 2030 Musikers mit dem Wiener Boden.
2804 1978 3328 2045 jungen Gesichtern keiner
1685 2000 2772 2082 Nach und nach verschwinden die Weinberge, ver¬
2806 2032 3330 2091 geduldige Geste, mit we
1593 2063 2782 2135 schwinden die Ackerfelder, über denen Lerchenjubel war;
2813 2076 3313 2132 geisterte Huldigungen
1600 2102 2780 2180 der Drang, die Stadt zu verlassen und lieber als in noch
2811 2117 3332 2178 Schwung und hinreißen
1602 2152 2785 2232 so prunkvollen Mietkasernen allein und für sich in
2813 2167 3328 2226 sich trotz der Unfreundli¬
1600 2202 3332 2274 Landhäusern zu wohnen, brachte eine Villenkolonie zur Wartezeit reich belohnt
1600 2248 2780 2319 Entwicklung, die nicht nur die ganze Türkenschanze be¬
2837 2256 3337 2339 bewegung setzt, begleite
1593 2291 2780 2374 deckt, sondern sich weithin, bis nach Pötzleinsdorf zieht
2806 2317 2958 2378 Kainz!
1598 2345 2782 2417 und sich mit Sievering, Grinzing und der Hohen Warte
2900 2330 3311 2419 Vom ersten Jahre
1598 2400 2789 2465 vereinigt. Die Wildnis des Krottenbaches wurde ein¬
2813 2395 3332 2465 theater wohnte Josef
1600 2443 2778 2528 gewölbt, und eine breite Straße führt jetzt geradeweg¬
2811 2452 3332 2519 vor seinem Tod, der ihr
2813 2500 3337 2565 grausam früh entriß. E
1593 2502 2135 2574 bis nach Salmannsdorf.
2811 2552 3332 2613 Höhe der Türkenschanz¬
1693 2541 2782 2630 Mit der räumlichen Ausdehnung des Cottage¬
2813 2595 3332 2652 und unschließt das schli¬
1593 2602 2780 2669 viertels wuchs auch der Kreis der geistigen und künst¬
1600 2652 3332 2730 lerischen Persönlichkeiten, die durch ihren gesellschaft dem Unvergeßlichen setze
2902 2691 3335 2752 An der Ecke des K.
1602 2695 2787 2774 lichen und beruflichen Zusammenhalt eine Atmosphäre
2274 2730 3291 2811 Zu ihnen zählte außer straße steht das Haus
1600 2758 2239 2822 von seltenem Niveau schufen.
2813 2772 3328 2867 Arthur Schnitzler erwa
1602 2795 2782 2869 Hans Richter, dem berühmten Kapellmeister der Wiener
2813 2832 3335 2904 Villa en der Sternwart
1600 2850 2787 2915 Oper, der einer der ersten Apostel Richard Wagners war,
2813 2882 3335 2952 der Malerradierer Ferd
2456 2889 2785 2956 Kralik, dessen
1602 2898 2311 2967 der Dichterphilosoph Richard
2528 2937 3332 2998 Oesterreichs Wohnhaus auf, das er
2193 2937 2478 3006 Mittelpunkt
1939 2945 2143 3015 geistiger
1798 2956 1882 3013 ein
1602 2961 1730 3022 Haus
2819 2978 3337 3050 Räumen zu einer künstl
1606 2982 2789 3065 wurde. Theodor Herzl hat im Cottage ge¬
1609 3026 3328 3115 wohnt, desgleichen Max Kalbeck, der hervorragende Ebenfalls in der Stern
2822 3074 3330 3135 fried v. Strakosch, aus
1602 3082 2798 3161 Kritiker im „Neuen Wiener Tagblatt“ und Biograph
2822 3126 3332 3191 Forscher, als Landwirt
1606 3128 2787 3208 von Brahms. Otto Treßler bezog ein Alt=Wiener
2822 3176 3332 3245 reichischen Zuckerindust
1606 3182 2791 3263 Haus, das schon ein Jahrhundert früher dastand. Da¬
2822 3226 3332 3291 der Maler Tom v. Dr.
1600 3226 2789 3308 neben befindet sich ebenfalls ein altes Haus mit einem
2822 3280 3335 3328 Gartner zog hier her¬
1602 3278 2791 3356 enormen Garten, von der Wiener Patrizierfamilie
2828 3319 3335 3376 so verbreiteten Diätther
1613 3324 2798 3402 Hutterstrasser=Scheidl modern erweitert; während vieler
1606 3369 3330 3456 Jahre der Schauplatz glänzender Festlichkeiten. Kienzl, Anton Frank=Gasse spi
2826 3419 3335 3476 des Erzherzogs Otto,
1606 3430 2795 3500 Weingartner, Puccini waren mit vielen andern nam¬
2828 3465 3330 3528 sprühendsten Prinzen
1606 3467 2795 3578 haften Musikern, Sängern und Sängerinnen hier zu
2826 3519 3098 3589 Todes starb.
1613 3543 1730 3619 Gast.
2917 3550 3328 3630 Der gesellige Verke
1702 3558 2795 3654 Vor einer großen Villa in der Lannerstraße
1613 3615 3332 3735 konnte man viele Stunden im Tag eine Gruppe Formen an, die ihm nu
