<?xml version="1.0" encoding="UTF-8" standalone="yes"?>
<PcGts xmlns="http://schema.primaresearch.org/PAGE/gts/pagecontent/2013-07-15" xmlns:xsi="http://www.w3.org/2001/XMLSchema-instance" xsi:schemaLocation="http://schema.primaresearch.org/PAGE/gts/pagecontent/2013-07-15 http://schema.primaresearch.org/PAGE/gts/pagecontent/2013-07-15/pagecontent.xsd">
    <Metadata>
        <Creator>prov=READ-COOP:name=PyLaia@TranskribusPlatform:version=2.12.1:model_id=39995:lm=provided:date=28_03_2024_23:54</Creator>
        <Created>2019-10-07T20:38:16.554+02:00</Created>
        <LastChange>2024-03-28T23:54:53.796+01:00</LastChange>
        <TranskribusMetadata docId="224462" pageId="9579434" pageNr="47" tsid="156426066" status="IN_PROGRESS" userId="40391" imgUrl="https://files.transkribus.eu/Get?id=ZOXQPZAUEGOTVGTBWJHTULTJ&amp;fileType=view" xmlUrl="https://files.transkribus.eu/Get?id=QKRZPVZFSEKRBIXMGTLEITWA" imageId="6208430"/>
    </Metadata>
    <Page imageFilename="224462_0047.jpeg" imageWidth="3392" imageHeight="4320">
        <ReadingOrder>
            <OrderedGroup id="ro_1712662293345" caption="Regions reading order">
                <RegionRefIndexed index="0" regionRef="tr_1"/>
                <RegionRefIndexed index="1" regionRef="tr_2"/>
            </OrderedGroup>
        </ReadingOrder>
        <TextRegion orientation="0.0" id="tr_1" custom="readingOrder {index:0;}">
            <Coords points="277,183 277,336 406,336 406,183"/>
            <TextLine id="tr_1_tl_1" custom="readingOrder {index:0;}">
                <Coords points="272,306 286,307 307,296 322,300 330,293 339,299 347,292 358,296 373,287 404,291 403,240 382,249 355,231 320,236 290,224 270,235"/>
                <Baseline points="277,283 302,283 328,283 354,285 380,286 406,286"/>
                <TextEquiv>
                    <Unicode>13.</Unicode>
                </TextEquiv>
            </TextLine>
            <TextEquiv>
                <Unicode></Unicode>
            </TextEquiv>
        </TextRegion>
        <TextRegion orientation="0.0" id="tr_2" custom="readingOrder {index:1;}">
            <Coords points="450,257 450,4088 1883,4088 1883,257"/>
            <TextLine id="tr_2_tl_1" custom="readingOrder {index:0;}">
                <Coords points="1322,298 1405,307 1513,282 1694,309 1744,286 1745,217 1635,232 1568,223 1519,260 1454,236 1323,228"/>
                <Baseline points="1328,277 1354,277 1380,277 1406,279 1432,281 1458,283 1484,282 1510,280 1537,280 1563,280 1589,280 1615,280 1641,280 1667,278 1693,277 1719,277 1746,277"/>
                <TextEquiv>
                    <Unicode>box 447</Unicode>
                </TextEquiv>
            </TextLine>
            <TextLine id="tr_2_tl_2" custom="readingOrder {index:1;}">
                <Coords points="444,307 1142,320 1142,240 1109,235 743,223 668,250 501,223 444,248"/>
                <Baseline points="450,286 484,286 519,288 553,289 588,289 623,286 657,286 692,287 727,289 761,289 796,289 831,289 865,289 900,289 935,287 969,286 1004,286 1039,286 1073,286 1108,290 1143,292"/>
                <TextEquiv>
                    <Unicode>Miscellaneous</Unicode>
                </TextEquiv>
            </TextLine>
            <TextLine id="tr_2_tl_3" custom="readingOrder {index:2;}">
                <Coords points="1301,743 1381,755 1404,737 1471,730 1511,746 1524,734 1594,755 1672,754 1671,680 1526,661 1445,674 1387,657 1300,664"/>
                <Baseline points="1307,716 1333,718 1359,719 1385,721 1411,722 1438,722 1464,720 1490,719 1516,719 1542,723 1569,728 1595,724 1621,723 1647,721 1674,719"/>
                <TextEquiv>
                    <Unicode>30.71</Unicode>
                </TextEquiv>
            </TextLine>
            <TextLine id="tr_2_tl_4" custom="readingOrder {index:3;}">
                <Coords points="1032,885 1828,886 1811,814 1032,818"/>
                <Baseline points="1038,880 1077,879 1117,877 1156,880 1196,877 1236,877 1275,877 1315,877 1354,877 1394,878 1434,880 1473,877 1513,877 1552,877 1592,877 1632,877 1671,877 1711,877 1750,876 1790,874 1830,874"/>
                <TextEquiv>
                    <Unicode>Warum nicht eine Stalin-Gasse?</Unicode>
                </TextEquiv>
            </TextLine>
            <TextLine id="tr_2_tl_5" custom="readingOrder {index:4;}">
                <Coords points="1047,964 1858,951 1858,921 1814,905 1768,926 1634,893 1392,926 1047,914"/>
                <Baseline points="1053,946 1093,943 1133,941 1173,942 1214,941 1254,941 1294,943 1335,943 1375,943 1415,943 1456,946 1496,943 1536,943 1576,943 1617,943 1657,942 1697,940 1738,941 1778,943 1818,943 1859,937"/>
                <TextEquiv>
                    <Unicode>In Wien werden Straßen und Plätze um¬</Unicode>
                </TextEquiv>
            </TextLine>
            <TextLine id="tr_2_tl_6" custom="readingOrder {index:5;}">
                <Coords points="1006,995 1862,997 1862,956 1782,945 1672,973 1006,954"/>
                <Baseline points="1012,985 1054,988 1097,988 1139,988 1182,986 1225,987 1267,988 1310,988 1353,988 1395,988 1438,988 1481,988 1523,988 1566,987 1609,986 1651,988 1694,988 1737,988 1779,985 1822,985 1865,979"/>
                <TextEquiv>
                    <Unicode>benannt. Eine Gasse heißt jetzt nach dem</Unicode>
                </TextEquiv>
            </TextLine>
            <TextLine id="tr_2_tl_7" custom="readingOrder {index:6;}">
                <Coords points="1012,1032 1862,1040 1862,995 1552,1017 1012,994"/>
                <Baseline points="1018,1027 1060,1029 1102,1032 1145,1032 1187,1032 1229,1030 1272,1029 1314,1029 1356,1031 1399,1032 1441,1030 1483,1030 1526,1030 1568,1028 1610,1029 1653,1029 1695,1029 1737,1027 1780,1029 1822,1027 1865,1024"/>
                <TextEquiv>
                    <Unicode>General Lustig=Prean, der 1932 gestorben</Unicode>
                </TextEquiv>
            </TextLine>
            <TextLine id="tr_2_tl_8" custom="readingOrder {index:7;}">
                <Coords points="1015,1081 1860,1075 1851,1048 1728,1035 1070,1061 1015,1036"/>
                <Baseline points="1021,1071 1063,1074 1105,1071 1147,1071 1189,1074 1231,1074 1273,1074 1315,1074 1357,1074 1399,1074 1441,1074 1483,1072 1525,1071 1567,1071 1609,1071 1651,1071 1693,1072 1735,1074 1777,1071 1819,1071 1862,1068"/>
                <TextEquiv>
                    <Unicode>ist — warum heißt eigentlich nicht eine an¬</Unicode>
                </TextEquiv>
            </TextLine>
            <TextLine id="tr_2_tl_9" custom="readingOrder {index:8;}">
                <Coords points="998,1128 1853,1127 1845,1080 998,1088"/>
                <Baseline points="1003,1113 1045,1113 1088,1116 1130,1116 1173,1116 1216,1118 1258,1119 1301,1117 1344,1116 1386,1116 1429,1116 1472,1117 1514,1118 1557,1116 1600,1116 1642,1116 1685,1116 1728,1116 1770,1113 1813,1116 1856,1110"/>
                <TextEquiv>
                    <Unicode>dere nach dem General Rudolf Slatin, der</Unicode>
                </TextEquiv>
            </TextLine>
            <TextLine id="tr_2_tl_10" custom="readingOrder {index:9;}">
                <Coords points="1009,1169 1865,1171 1866,1130 1757,1120 1010,1131"/>
                <Baseline points="1015,1158 1057,1161 1100,1161 1142,1159 1185,1158 1228,1160 1270,1161 1313,1161 1356,1161 1398,1161 1441,1161 1484,1161 1526,1160 1569,1158 1612,1158 1654,1158 1697,1157 1740,1155 1782,1158 1825,1158 1868,1152"/>
                <TextEquiv>
                    <Unicode>ebenfalls 1932 gestorben ist? In der sernen</Unicode>
                </TextEquiv>
            </TextLine>
            <TextLine id="tr_2_tl_11" custom="readingOrder {index:10;}">
                <Coords points="1012,1209 1857,1206 1840,1165 1012,1171"/>
                <Baseline points="1018,1200 1060,1203 1102,1203 1144,1203 1186,1203 1228,1203 1270,1203 1312,1203 1354,1203 1396,1203 1438,1201 1480,1202 1522,1202 1564,1200 1606,1200 1648,1200 1690,1199 1732,1197 1774,1200 1816,1200 1859,1197"/>
                <TextEquiv>
                    <Unicode>Stadt Khartum wird eben jetzt ein Haupt¬</Unicode>
                </TextEquiv>
            </TextLine>
            <TextLine id="tr_2_tl_12" custom="readingOrder {index:11;}">
                <Coords points="1009,1257 1863,1256 1863,1204 1701,1229 1009,1212"/>
                <Baseline points="1015,1238 1057,1247 1100,1247 1142,1247 1185,1247 1227,1245 1270,1246 1312,1247 1355,1247 1397,1247 1440,1245 1482,1244 1525,1245 1567,1246 1610,1244 1652,1244 1695,1244 1737,1243 1780,1241 1822,1244 1865,1244"/>
                <TextEquiv>
                    <Unicode>platz nach dem Namen Slatin Paschas</Unicode>
                </TextEquiv>
            </TextLine>
            <TextLine id="tr_2_tl_13" custom="readingOrder {index:12;}">
                <Coords points="1009,1299 1860,1295 1848,1253 1009,1257"/>
                <Baseline points="1015,1289 1057,1289 1099,1289 1142,1289 1184,1289 1226,1289 1269,1287 1311,1286 1353,1289 1396,1290 1438,1289 1480,1289 1523,1289 1565,1288 1607,1287 1650,1289 1692,1289 1734,1289 1777,1289 1819,1286 1862,1289"/>
                <TextEquiv>
                    <Unicode>benannt; für einen Denkmalbrunnen, der</Unicode>
                </TextEquiv>
            </TextLine>
            <TextLine id="tr_2_tl_14" custom="readingOrder {index:13;}">
                <Coords points="1003,1341 1860,1342 1824,1291 1792,1316 1600,1291 1003,1307"/>
                <Baseline points="1009,1331 1051,1331 1094,1331 1136,1334 1179,1334 1222,1332 1264,1331 1307,1331 1350,1333 1392,1332 1435,1331 1478,1331 1520,1332 1563,1333 1606,1331 1648,1331 1691,1331 1734,1331 1776,1331 1819,1328 1862,1331"/>
                <TextEquiv>
                    <Unicode>auf diesem Platz sich erheben soll, wird in</Unicode>
                </TextEquiv>
            </TextLine>
            <TextLine id="tr_2_tl_15" custom="readingOrder {index:14;}">
                <Coords points="1012,1380 1849,1388 1866,1344 1206,1339 1155,1363 1013,1339"/>
                <Baseline points="1018,1373 1060,1373 1103,1376 1145,1376 1188,1376 1230,1376 1273,1376 1315,1376 1358,1374 1400,1373 1443,1374 1485,1376 1528,1375 1570,1374 1613,1375 1655,1373 1698,1373 1740,1373 1783,1373 1825,1373 1868,1370"/>
                <TextEquiv>
                    <Unicode>London gesammelt — kein Österreicher und</Unicode>
                </TextEquiv>
            </TextLine>
            <TextLine id="tr_2_tl_16" custom="readingOrder {index:15;}">
                <Coords points="1009,1425 1860,1427 1860,1387 1817,1378 1009,1382"/>
                <Baseline points="1015,1418 1057,1418 1099,1418 1142,1418 1184,1418 1226,1418 1269,1418 1311,1418 1353,1416 1396,1417 1438,1418 1480,1418 1523,1418 1565,1418 1607,1418 1650,1418 1692,1418 1734,1415 1777,1418 1819,1415 1862,1418"/>
                <TextEquiv>
                    <Unicode>keine österreichische Amtsstelle hat an dieser</Unicode>
                </TextEquiv>
            </TextLine>
            <TextLine id="tr_2_tl_17" custom="readingOrder {index:16;}">
                <Coords points="1009,1468 1858,1478 1858,1437 1821,1427 1009,1428"/>
                <Baseline points="1015,1456 1057,1462 1099,1462 1141,1462 1183,1462 1226,1462 1268,1462 1310,1462 1352,1460 1394,1460 1437,1461 1479,1459 1521,1459 1563,1459 1605,1459 1648,1459 1690,1459 1732,1459 1774,1459 1816,1459 1859,1462"/>
                <TextEquiv>
                    <Unicode>Sammlung teilgenommen. Nun ist es ja so,</Unicode>
                </TextEquiv>
            </TextLine>
            <TextLine id="tr_2_tl_18" custom="readingOrder {index:17;}">
                <Coords points="1003,1506 1857,1519 1857,1479 1807,1466 1003,1467"/>
                <Baseline points="1009,1504 1051,1504 1094,1504 1136,1504 1179,1504 1221,1504 1264,1504 1306,1504 1349,1504 1391,1504 1434,1502 1476,1501 1519,1501 1561,1501 1604,1502 1646,1503 1689,1501 1731,1501 1774,1501 1816,1501 1859,1501"/>
                <TextEquiv>
                    <Unicode>daß der Österreicher Rudolf Slatin den</Unicode>
                </TextEquiv>
            </TextLine>
            <TextLine id="tr_2_tl_19" custom="readingOrder {index:18;}">
                <Coords points="1015,1578 1069,1554 1860,1554 1860,1524 1789,1506 1015,1515"/>
                <Baseline points="1021,1549 1063,1549 1105,1546 1147,1546 1189,1546 1231,1543 1273,1546 1315,1546 1357,1546 1399,1544 1441,1543 1483,1541 1525,1540 1567,1540 1609,1541 1651,1543 1693,1542 1735,1540 1777,1540 1819,1543 1862,1540"/>
                <TextEquiv>
                    <Unicode>großeren Teil seines Lebenswerkes dem</Unicode>
                </TextEquiv>
            </TextLine>
            <TextLine id="tr_2_tl_20" custom="readingOrder {index:19;}">
                <Coords points="1009,1594 1816,1608 1853,1597 1854,1554 1009,1565"/>
                <Baseline points="1015,1585 1057,1591 1099,1588 1141,1588 1183,1588 1225,1588 1267,1588 1309,1588 1351,1588 1393,1588 1435,1588 1477,1588 1519,1588 1561,1587 1603,1585 1645,1586 1687,1588 1729,1588 1771,1585 1813,1585 1856,1582"/>
                <TextEquiv>
                    <Unicode>Sudan gewidmet hatte. (Für die Sudanesen</Unicode>
                </TextEquiv>
            </TextLine>
            <TextLine id="tr_2_tl_21" custom="readingOrder {index:20;}">
                <Coords points="1003,1645 1853,1643 1853,1597 1763,1591 1003,1595"/>
                <Baseline points="1009,1630 1051,1630 1093,1633 1136,1633 1178,1633 1220,1633 1263,1631 1305,1632 1347,1631 1390,1630 1432,1630 1474,1630 1517,1630 1559,1630 1601,1630 1644,1630 1686,1630 1728,1630 1771,1630 1813,1630 1856,1627"/>
                <TextEquiv>
                    <Unicode>ist österreich jenes Land, aus dem „Saladin¬</Unicode>
                </TextEquiv>
            </TextLine>
            <TextLine id="tr_2_tl_22" custom="readingOrder {index:21;}">
                <Coords points="1009,1677 1872,1681 1872,1646 1831,1639 1751,1666 1667,1638 1009,1644"/>
                <Baseline points="1015,1671 1060,1674 1105,1677 1150,1677 1195,1674 1241,1674 1286,1674 1331,1674 1376,1671 1421,1674 1467,1674 1512,1674 1557,1674 1602,1671 1647,1671 1693,1671 1738,1674 1783,1671 1828,1674 1874,1674"/>
                <TextEquiv>
                    <Unicode>Pascha gekommen war.) Aber hat nicht</Unicode>
                </TextEquiv>
            </TextLine>
            <TextLine id="tr_2_tl_23" custom="readingOrder {index:22;}">
                <Coords points="1008,1726 1816,1734 1858,1695 1009,1680"/>
                <Baseline points="1015,1713 1057,1716 1099,1719 1141,1717 1183,1716 1226,1716 1268,1716 1310,1716 1352,1716 1394,1716 1437,1716 1479,1716 1521,1716 1563,1716 1605,1716 1648,1716 1690,1713 1732,1716 1774,1716 1816,1716 1859,1713"/>
                <TextEquiv>
                    <Unicode>Wien, die Stadt, wo dieser große Mann ge¬</Unicode>
                </TextEquiv>
            </TextLine>
            <TextLine id="tr_2_tl_24" custom="readingOrder {index:23;}">
                <Coords points="1003,1766 1853,1772 1853,1726 1774,1721 1485,1751 1434,1725 1003,1729"/>
                <Baseline points="1009,1758 1051,1761 1093,1761 1136,1761 1178,1761 1220,1761 1263,1761 1305,1761 1347,1761 1390,1761 1432,1760 1474,1758 1517,1759 1559,1761 1601,1761 1644,1760 1686,1758 1728,1758 1771,1758 1813,1758 1856,1761"/>
                <TextEquiv>
                    <Unicode>boren wurde und wo er begraben liegt,</Unicode>
                </TextEquiv>
            </TextLine>
            <TextLine id="tr_2_tl_25" custom="readingOrder {index:24;}">
                <Coords points="1003,1809 1860,1805 1834,1768 1003,1775"/>
                <Baseline points="1009,1803 1051,1806 1094,1803 1136,1803 1179,1803 1222,1805 1264,1804 1307,1801 1350,1802 1392,1803 1435,1803 1478,1803 1520,1803 1563,1804 1606,1805 1648,1803 1691,1802 1734,1800 1776,1800 1819,1800 1862,1803"/>
                <TextEquiv>
                    <Unicode>einigen Grund, sein Andenken zu ehren? Er</Unicode>
                </TextEquiv>
            </TextLine>
            <TextLine id="tr_2_tl_26" custom="readingOrder {index:25;}">
                <Coords points="1003,1864 1857,1853 1857,1820 1808,1808 1003,1815"/>
                <Baseline points="1009,1845 1051,1848 1094,1848 1136,1848 1179,1846 1221,1847 1264,1846 1306,1847 1349,1846 1391,1845 1434,1846 1476,1848 1519,1847 1561,1846 1604,1847 1646,1846 1689,1847 1731,1845 1774,1845 1816,1845 1859,1842"/>
                <TextEquiv>
                    <Unicode>hat seinerseits viel dazu beigetragen, daß de</Unicode>
                </TextEquiv>
            </TextLine>
            <TextLine id="tr_2_tl_27" custom="readingOrder {index:26;}">
                <Coords points="1000,1905 1857,1898 1841,1851 1000,1864"/>
                <Baseline points="1006,1895 1048,1892 1091,1892 1133,1890 1176,1889 1219,1891 1261,1890 1304,1889 1347,1889 1389,1889 1432,1889 1475,1889 1517,1889 1560,1889 1603,1889 1645,1888 1688,1886 1731,1886 1773,1886 1816,1886 1859,1886"/>
                <TextEquiv>
                    <Unicode>große Welt seine Stadt und sein Land</Unicode>
                </TextEquiv>
            </TextLine>
            <TextLine id="tr_2_tl_28" custom="readingOrder {index:27;}">
                <Coords points="1003,1935 1862,1944 1862,1908 1802,1896 1003,1904"/>
                <Baseline points="1009,1931 1051,1931 1094,1933 1137,1934 1180,1934 1223,1932 1265,1933 1308,1932 1351,1931 1394,1932 1437,1933 1479,1932 1522,1933 1565,1932 1608,1933 1651,1931 1693,1931 1736,1931 1779,1928 1822,1928 1865,1928"/>
                <TextEquiv>
                    <Unicode>achtete; ganz abgesehen um die großen Ver¬</Unicode>
                </TextEquiv>
            </TextLine>
            <TextLine id="tr_2_tl_29" custom="readingOrder {index:28;}">
                <Coords points="1003,1982 1853,1990 1853,1947 1779,1937 1251,1965 1003,1935"/>
                <Baseline points="1009,1973 1051,1976 1093,1976 1136,1976 1178,1976 1220,1976 1263,1974 1305,1973 1347,1975 1390,1976 1432,1976 1474,1976 1517,1976 1559,1976 1601,1976 1644,1976 1686,1976 1728,1973 1771,1976 1813,1973 1856,1973"/>
                <TextEquiv>
                    <Unicode>dienste, die er sich in Frieden und Krieg</Unicode>
                </TextEquiv>
            </TextLine>
            <TextLine id="tr_2_tl_30" custom="readingOrder {index:29;}">
                <Coords points="1012,2026 1857,2026 1857,1992 1750,1977 1012,1987"/>
                <Baseline points="1018,2018 1060,2018 1102,2018 1144,2018 1186,2018 1228,2018 1270,2018 1312,2018 1354,2018 1396,2018 1438,2018 1480,2016 1522,2016 1564,2018 1606,2018 1648,2018 1690,2018 1732,2018 1774,2018 1816,2018 1859,2015"/>
                <TextEquiv>
                    <Unicode>direkt um sein geliebtes Vaterland erworben</Unicode>
                </TextEquiv>
            </TextLine>
            <TextLine id="tr_2_tl_31" custom="readingOrder {index:30;}">
                <Coords points="1003,2069 1862,2074 1836,2022 1003,2033"/>
                <Baseline points="1009,2059 1051,2059 1094,2064 1137,2060 1180,2061 1223,2060 1265,2061 1308,2062 1351,2062 1394,2060 1437,2059 1479,2061 1522,2061 1565,2059 1608,2059 1651,2060 1693,2061 1736,2059 1779,2059 1822,2059 1865,2059"/>
                <TextEquiv>
                    <Unicode>hatte. Als Slatin Pascha vor dreieinhalb</Unicode>
                </TextEquiv>
            </TextLine>
            <TextLine id="tr_2_tl_32" custom="readingOrder {index:31;}">
                <Coords points="1003,2118 1862,2104 1862,2077 1551,2062 1003,2075"/>
                <Baseline points="1009,2107 1051,2105 1094,2102 1137,2103 1180,2102 1223,2103 1265,2104 1308,2104 1351,2104 1394,2104 1437,2104 1479,2104 1522,2104 1565,2104 1608,2104 1651,2104 1693,2104 1736,2104 1779,2104 1822,2101 1865,2098"/>
                <TextEquiv>
                    <Unicode>Jahren seinen 75. Geburtstag feierte, er¬</Unicode>
                </TextEquiv>
            </TextLine>
            <TextLine id="tr_2_tl_33" custom="readingOrder {index:32;}">
                <Coords points="1006,2161 1865,2154 1830,2110 1006,2118"/>
                <Baseline points="1012,2143 1054,2149 1097,2146 1140,2146 1183,2148 1226,2147 1268,2146 1311,2146 1354,2146 1397,2146 1440,2146 1482,2146 1525,2146 1568,2146 1611,2146 1654,2146 1696,2146 1739,2146 1782,2146 1825,2146 1868,2146"/>
                <TextEquiv>
                    <Unicode>innerte sich Wien seines großen Sohnes (den</Unicode>
                </TextEquiv>
            </TextLine>
            <TextLine id="tr_2_tl_34" custom="readingOrder {index:33;}">
                <Coords points="1000,2206 1853,2199 1836,2152 1000,2167"/>
                <Baseline points="1006,2188 1048,2188 1091,2191 1133,2188 1176,2190 1218,2189 1261,2190 1303,2191 1346,2191 1388,2191 1431,2191 1473,2191 1516,2191 1558,2191 1601,2191 1643,2191 1686,2190 1728,2188 1771,2188 1813,2188 1856,2185"/>
                <TextEquiv>
                    <Unicode>es zu lange in seiner Alterszurückgezogenheit</Unicode>
                </TextEquiv>
            </TextLine>
            <TextLine id="tr_2_tl_35" custom="readingOrder {index:34;}">
                <Coords points="1003,2236 1857,2246 1857,2206 1765,2196 1003,2208"/>
                <Baseline points="1009,2233 1051,2230 1094,2233 1136,2233 1179,2231 1221,2232 1264,2233 1306,2233 1349,2233 1391,2231 1434,2232 1476,2232 1519,2231 1561,2233 1604,2233 1646,2233 1689,2233 1731,2233 1774,2233 1816,2233 1859,2230"/>
                <TextEquiv>
                    <Unicode>vergessen hatte), und der damalige Bürger¬</Unicode>
                </TextEquiv>
            </TextLine>
            <TextLine id="tr_2_tl_36" custom="readingOrder {index:35;}">
                <Coords points="1012,2283 1862,2284 1839,2238 1012,2252"/>
                <Baseline points="1018,2274 1060,2274 1102,2277 1145,2274 1187,2271 1229,2271 1272,2271 1314,2271 1356,2273 1399,2276 1441,2275 1483,2275 1526,2276 1568,2274 1610,2274 1653,2274 1695,2274 1737,2274 1780,2274 1822,2274 1865,2271"/>
                <TextEquiv>
                    <Unicode>meister bereitete dem greisen Helden und</Unicode>
                </TextEquiv>
            </TextLine>
            <TextLine id="tr_2_tl_37" custom="readingOrder {index:36;}">
                <Coords points="1012,2332 1865,2327 1865,2287 1814,2283 1012,2284"/>
                <Baseline points="1018,2316 1060,2319 1103,2316 1145,2319 1188,2317 1230,2316 1273,2318 1315,2319 1358,2319 1400,2319 1443,2319 1485,2319 1528,2319 1570,2319 1613,2319 1655,2320 1698,2321 1740,2319 1783,2319 1825,2319 1868,2313"/>
                <TextEquiv>
                    <Unicode>Märtyrer, dem in der Welt berühmten ehe¬</Unicode>
                </TextEquiv>
            </TextLine>
            <TextLine id="tr_2_tl_38" custom="readingOrder {index:37;}">
                <Coords points="1009,2373 1860,2373 1860,2336 1789,2325 1009,2332"/>
                <Baseline points="1015,2361 1057,2361 1099,2364 1142,2361 1184,2359 1226,2358 1269,2360 1311,2361 1353,2361 1396,2361 1438,2361 1480,2361 1523,2361 1565,2362 1607,2364 1650,2364 1692,2364 1734,2364 1777,2361 1819,2361 1862,2361"/>
                <TextEquiv>
                    <Unicode>maligen Gefangenen des Khalifa, eine letzte</Unicode>
                </TextEquiv>
            </TextLine>
            <TextLine id="tr_2_tl_39" custom="readingOrder {index:38;}">
                <Coords points="1012,2419 1862,2416 1862,2371 1012,2379"/>
                <Baseline points="1018,2409 1060,2406 1102,2406 1145,2406 1187,2401 1229,2402 1272,2405 1314,2406 1356,2406 1399,2406 1441,2406 1483,2406 1526,2406 1568,2406 1610,2406 1653,2406 1695,2406 1737,2406 1780,2403 1822,2403 1865,2400"/>
                <TextEquiv>
                    <Unicode>große Freude durch die Überreichung des</Unicode>
                </TextEquiv>
            </TextLine>
            <TextLine id="tr_2_tl_40" custom="readingOrder {index:39;}">
                <Coords points="1015,2460 1865,2452 1853,2414 1015,2419"/>
                <Baseline points="1021,2448 1063,2448 1105,2448 1148,2448 1190,2448 1232,2448 1275,2450 1317,2449 1359,2448 1402,2448 1444,2448 1486,2449 1529,2450 1571,2448 1613,2448 1656,2448 1698,2448 1740,2448 1783,2448 1825,2448 1868,2448"/>
                <TextEquiv>
                    <Unicode>Bürgerdiploms. Sollte man jetzt, da Wiener</Unicode>
                </TextEquiv>
            </TextLine>
            <TextLine id="tr_2_tl_41" custom="readingOrder {index:40;}">
                <Coords points="1012,2506 1862,2507 1862,2461 1793,2455 1615,2478 1012,2459"/>
                <Baseline points="1018,2492 1060,2492 1102,2492 1145,2492 1187,2489 1229,2491 1272,2490 1314,2491 1356,2492 1399,2490 1441,2491 1483,2491 1526,2489 1568,2489 1610,2489 1653,2489 1695,2489 1737,2489 1780,2489 1822,2489 1865,2489"/>
                <TextEquiv>
                    <Unicode>Straßen neue Namen erhalten, nicht wieder</Unicode>
                </TextEquiv>
            </TextLine>
            <TextLine id="tr_2_tl_42" custom="readingOrder {index:41;}">
                <Coords points="1006,2546 1860,2539 1860,2508 1805,2498 1006,2511"/>
                <Baseline points="1012,2534 1054,2534 1097,2534 1139,2534 1182,2534 1224,2534 1267,2534 1309,2534 1352,2534 1394,2534 1437,2534 1479,2534 1522,2534 1564,2533 1607,2532 1649,2534 1692,2534 1734,2534 1777,2534 1819,2534 1862,2531"/>
                <TextEquiv>
                    <Unicode>einmal an eine der großen romantischen</Unicode>
                </TextEquiv>
            </TextLine>
            <TextLine id="tr_2_tl_43" custom="readingOrder {index:42;}">
                <Coords points="1006,2578 1865,2585 1835,2540 1682,2569 1610,2537 1507,2569 1413,2539 1006,2546"/>
                <Baseline points="1012,2573 1054,2576 1097,2579 1140,2576 1183,2576 1226,2576 1268,2574 1311,2575 1354,2576 1397,2576 1440,2576 1482,2576 1525,2576 1568,2576 1611,2577 1654,2578 1696,2577 1739,2578 1782,2576 1825,2576 1868,2576"/>
                <TextEquiv>
                    <Unicode>Gestalten der Geschichte denken, an den</Unicode>
                </TextEquiv>
            </TextLine>
            <TextLine id="tr_2_tl_44" custom="readingOrder {index:43;}">
                <Coords points="1012,2633 1453,2629 1453,2581 1408,2599 1329,2583 1302,2597 1212,2578 1110,2596 1012,2582"/>
                <Baseline points="1018,2618 1043,2616 1069,2615 1095,2617 1121,2618 1146,2618 1172,2619 1198,2621 1224,2621 1249,2620 1275,2619 1301,2618 1327,2618 1352,2619 1378,2621 1404,2621 1430,2620 1456,2618"/>
                <TextEquiv>
                    <Unicode>Wiener Rudolf Slatin:</Unicode>
                </TextEquiv>
            </TextLine>
            <TextLine id="tr_2_tl_45" custom="readingOrder {index:44;}">
                <Coords points="1050,2672 1866,2675 1852,2624 1050,2626"/>
                <Baseline points="1056,2663 1096,2663 1137,2661 1177,2662 1218,2663 1259,2663 1299,2663 1340,2663 1380,2663 1421,2663 1462,2666 1502,2666 1543,2663 1583,2661 1624,2660 1665,2662 1705,2663 1746,2663 1786,2663 1827,2663 1868,2663"/>
                <TextEquiv>
                    <Unicode>Und noch eins: Wie wäre es ferner mit</Unicode>
                </TextEquiv>
            </TextLine>
            <TextLine id="tr_2_tl_46" custom="readingOrder {index:45;}">
                <Coords points="1006,2717 1571,2723 1562,2669 1006,2679"/>
                <Baseline points="1012,2704 1040,2707 1068,2707 1096,2706 1124,2704 1152,2706 1180,2707 1208,2707 1236,2706 1264,2704 1292,2702 1320,2702 1348,2704 1376,2702 1404,2701 1432,2701 1460,2702 1488,2704 1516,2704 1544,2703 1573,2701"/>
                <TextEquiv>
                    <Unicode>einem Artur Schnitzler=Platz</Unicode>
                </TextEquiv>
            </TextLine>
            <TextLine id="tr_2_tl_47" custom="readingOrder {index:46;}">
                <Coords points="1050,2765 1861,2762 1846,2699 1776,2726 1050,2715"/>
                <Baseline points="1056,2749 1096,2749 1136,2749 1176,2749 1217,2749 1257,2748 1297,2746 1338,2747 1378,2748 1418,2746 1459,2746 1499,2746 1539,2748 1579,2749 1620,2747 1660,2746 1700,2746 1741,2747 1781,2749 1821,2749 1862,2746"/>
                <TextEquiv>
                    <Unicode>Eine Wiener Straße soll von nun an nach</Unicode>
                </TextEquiv>
            </TextLine>
            <TextLine id="tr_2_tl_48" custom="readingOrder {index:47;}">
                <Coords points="1012,2798 1857,2808 1857,2762 1828,2757 1094,2771 1012,2748"/>
                <Baseline points="1018,2791 1060,2794 1102,2791 1144,2791 1186,2791 1228,2791 1270,2791 1312,2791 1354,2791 1396,2791 1438,2791 1480,2789 1522,2789 1564,2791 1606,2791 1648,2791 1690,2791 1732,2791 1774,2791 1816,2791 1859,2788"/>
                <TextEquiv>
                    <Unicode>dem Dichter Hermann Bahr heißen, ein</Unicode>
                </TextEquiv>
            </TextLine>
            <TextLine id="tr_2_tl_49" custom="readingOrder {index:48;}">
                <Coords points="1015,2851 1865,2839 1865,2809 1793,2795 1015,2803"/>
                <Baseline points="1021,2836 1063,2836 1105,2833 1148,2836 1190,2833 1232,2833 1275,2833 1317,2835 1359,2836 1402,2834 1444,2833 1486,2834 1529,2836 1571,2835 1613,2833 1656,2834 1698,2835 1740,2833 1783,2833 1825,2833 1868,2830"/>
                <TextEquiv>
                    <Unicode>Platz nach dem Dichter Richard Kralik einer</Unicode>
                </TextEquiv>
            </TextLine>
            <TextLine id="tr_2_tl_50" custom="readingOrder {index:49;}">
                <Coords points="1009,2886 1863,2897 1843,2840 1009,2851"/>
                <Baseline points="1015,2875 1057,2878 1100,2875 1142,2878 1185,2876 1227,2875 1270,2877 1312,2878 1355,2878 1397,2878 1440,2878 1482,2878 1525,2878 1567,2878 1610,2878 1652,2878 1695,2878 1737,2878 1780,2878 1822,2878 1865,2878"/>
                <TextEquiv>
                    <Unicode>nach dem Dichter Ottokar Kernstock. Das ist</Unicode>
                </TextEquiv>
            </TextLine>
            <TextLine id="tr_2_tl_51" custom="readingOrder {index:50;}">
                <Coords points="1003,2933 1857,2926 1808,2879 1003,2900"/>
                <Baseline points="1009,2916 1051,2922 1094,2919 1136,2916 1179,2918 1221,2919 1264,2919 1306,2919 1349,2919 1391,2919 1434,2919 1476,2919 1519,2919 1561,2919 1604,2919 1646,2919 1689,2919 1731,2919 1774,2919 1816,2919 1859,2916"/>
                <TextEquiv>
                    <Unicode>gut und recht; eine Gemeinschaft soll natür¬</Unicode>
                </TextEquiv>
            </TextLine>
            <TextLine id="tr_2_tl_52" custom="readingOrder {index:51;}">
                <Coords points="1012,2977 1854,2979 1854,2933 1816,2928 1012,2934"/>
                <Baseline points="1018,2961 1059,2964 1101,2964 1143,2964 1185,2964 1227,2964 1269,2962 1311,2961 1353,2961 1395,2961 1437,2961 1478,2962 1520,2963 1562,2961 1604,2961 1646,2964 1688,2964 1730,2961 1772,2964 1814,2962 1856,2961"/>
                <TextEquiv>
                    <Unicode>lich ihre Dichter ehren; an wen sollten die</Unicode>
                </TextEquiv>
            </TextLine>
            <TextLine id="tr_2_tl_53" custom="readingOrder {index:52;}">
                <Coords points="1006,3022 1854,3016 1854,2979 1794,2969 1006,2978"/>
                <Baseline points="1012,3006 1054,3006 1096,3006 1138,3003 1180,3006 1223,3006 1265,3006 1307,3006 1349,3004 1391,3005 1434,3006 1476,3004 1518,3004 1560,3005 1602,3003 1645,3003 1687,3003 1729,3003 1771,3003 1813,3003 1856,3003"/>
                <TextEquiv>
                    <Unicode>Namen der öffentlichen Straßen und Plätze</Unicode>
                </TextEquiv>
            </TextLine>
            <TextLine id="tr_2_tl_54" custom="readingOrder {index:53;}">
                <Coords points="1015,3056 1858,3063 1858,3023 1781,3036 1737,3007 1482,3035 1015,3023"/>
                <Baseline points="1021,3048 1062,3051 1104,3051 1146,3051 1188,3051 1230,3051 1272,3051 1314,3049 1356,3050 1398,3049 1440,3048 1481,3048 1523,3048 1565,3047 1607,3046 1649,3048 1691,3048 1733,3047 1775,3045 1817,3045 1859,3042"/>
                <TextEquiv>
                    <Unicode>eher erinnern? Aber hat vielleicht der</Unicode>
                </TextEquiv>
            </TextLine>
            <TextLine id="tr_2_tl_55" custom="readingOrder {index:54;}">
                <Coords points="1009,3102 1863,3115 1863,3067 1763,3054 1009,3057"/>
                <Baseline points="1015,3095 1057,3095 1100,3095 1142,3092 1185,3094 1227,3095 1270,3095 1312,3095 1355,3095 1397,3095 1440,3094 1482,3092 1525,3092 1567,3092 1610,3093 1652,3095 1695,3095 1737,3095 1780,3095 1822,3092 1865,3092"/>
                <TextEquiv>
                    <Unicode>Dichter der „Liebelei“ und des „Jungen</Unicode>
                </TextEquiv>
            </TextLine>
            <TextLine id="tr_2_tl_56" custom="readingOrder {index:55;}">
                <Coords points="1032,3209 1872,3217 1872,3165 1032,3167"/>
                <Baseline points="1038,3200 1079,3203 1121,3203 1163,3201 1205,3202 1247,3203 1288,3203 1330,3203 1372,3203 1414,3203 1456,3204 1497,3205 1539,3201 1581,3203 1623,3200 1665,3203 1706,3203 1748,3203 1790,3203 1832,3203 1874,3203"/>
                <TextEquiv>
                    <Unicode>Medardus nicht einigen Anspruch darauf</Unicode>
                </TextEquiv>
            </TextLine>
            <TextLine id="tr_2_tl_57" custom="readingOrder {index:56;}">
                <Coords points="1032,3256 1880,3258 1880,3221 1787,3209 1491,3238 1445,3213 1032,3210"/>
                <Baseline points="1038,3248 1080,3245 1122,3245 1164,3247 1207,3246 1249,3245 1291,3245 1333,3245 1376,3245 1418,3245 1460,3246 1502,3247 1545,3245 1587,3245 1629,3245 1671,3245 1714,3245 1756,3245 1798,3248 1840,3248 1883,3248"/>
                <TextEquiv>
                    <Unicode>in Wien ebenso geehrt zu werden? Fragt</Unicode>
                </TextEquiv>
            </TextLine>
            <TextLine id="tr_2_tl_58" custom="readingOrder {index:57;}">
                <Coords points="1035,3301 1880,3295 1880,3259 1804,3251 1035,3254"/>
                <Baseline points="1041,3290 1083,3290 1125,3290 1167,3290 1209,3288 1251,3289 1293,3290 1335,3288 1377,3288 1419,3290 1462,3290 1504,3289 1546,3287 1588,3288 1630,3290 1672,3290 1714,3287 1756,3287 1798,3290 1840,3290 1883,3290"/>
                <TextEquiv>
                    <Unicode>seinen Freund Hermann Bahr! In seinen</Unicode>
                </TextEquiv>
            </TextLine>
            <TextLine id="tr_2_tl_59" custom="readingOrder {index:58;}">
                <Coords points="1029,3341 1875,3343 1875,3295 1029,3301"/>
                <Baseline points="1035,3331 1077,3328 1119,3331 1161,3331 1203,3328 1245,3331 1287,3331 1329,3331 1371,3331 1413,3331 1456,3331 1498,3331 1540,3331 1582,3331 1624,3331 1666,3331 1708,3331 1750,3331 1792,3328 1834,3331 1877,3328"/>
                <TextEquiv>
                    <Unicode>Schriften steht recht deutlich, was er von</Unicode>
                </TextEquiv>
            </TextLine>
            <TextLine id="tr_2_tl_60" custom="readingOrder {index:59;}">
                <Coords points="1027,3381 1880,3384 1880,3345 1844,3338 1027,3341"/>
                <Baseline points="1032,3370 1074,3373 1117,3376 1159,3374 1202,3373 1244,3373 1287,3373 1329,3373 1372,3373 1414,3373 1457,3373 1500,3373 1542,3373 1585,3373 1627,3373 1670,3373 1712,3373 1755,3373 1797,3373 1840,3376 1883,3373"/>
                <TextEquiv>
                    <Unicode>Artur Schnitzler gehalten hat; wenn man</Unicode>
                </TextEquiv>
            </TextLine>
            <TextLine id="tr_2_tl_61" custom="readingOrder {index:60;}">
                <Coords points="1027,3427 1877,3426 1857,3384 1027,3381"/>
                <Baseline points="1032,3415 1074,3415 1116,3415 1159,3415 1201,3417 1244,3416 1286,3415 1328,3417 1371,3416 1413,3415 1456,3415 1498,3416 1540,3418 1583,3418 1625,3418 1668,3417 1710,3415 1752,3418 1795,3418 1837,3415 1880,3415"/>
                <TextEquiv>
                    <Unicode>das Andenken des einen ehrt, hat man den</Unicode>
                </TextEquiv>
            </TextLine>
            <TextLine id="tr_2_tl_62" custom="readingOrder {index:61;}">
                <Coords points="1027,3464 1869,3474 1869,3423 1027,3426"/>
                <Baseline points="1032,3460 1076,3457 1120,3460 1164,3460 1208,3460 1252,3460 1296,3460 1341,3460 1385,3460 1429,3460 1473,3460 1517,3460 1561,3460 1606,3458 1650,3455 1694,3459 1738,3460 1782,3460 1826,3460 1871,3460"/>
                <TextEquiv>
                    <Unicode>andern mitgeehrt, aber geht es nicht auch</Unicode>
                </TextEquiv>
            </TextLine>
            <TextLine id="tr_2_tl_63" custom="readingOrder {index:62;}">
                <Coords points="1029,3512 1872,3506 1872,3473 1810,3469 1029,3466"/>
                <Baseline points="1035,3501 1079,3501 1123,3501 1167,3501 1211,3498 1255,3501 1299,3501 1344,3501 1388,3501 1432,3501 1476,3501 1520,3501 1564,3499 1609,3500 1653,3501 1697,3501 1741,3501 1785,3501 1829,3501 1874,3501"/>
                <TextEquiv>
                    <Unicode>direkt? So wie für halb Afrika Wien der</Unicode>
                </TextEquiv>
            </TextLine>
            <TextLine id="tr_2_tl_64" custom="readingOrder {index:63;}">
                <Coords points="1023,3554 1877,3554 1877,3515 1798,3507 1759,3535 1520,3503 1023,3520"/>
                <Baseline points="1029,3543 1071,3543 1114,3546 1156,3546 1199,3546 1241,3544 1284,3543 1326,3545 1369,3546 1411,3546 1454,3546 1497,3546 1539,3545 1582,3543 1624,3543 1667,3544 1709,3546 1752,3546 1794,3543 1837,3546 1880,3546"/>
                <TextEquiv>
                    <Unicode>Ort ist. aus dem Slatin Pascha kam, so ist</Unicode>
                </TextEquiv>
            </TextLine>
            <TextLine id="tr_2_tl_65" custom="readingOrder {index:64;}">
                <Coords points="1027,3609 1877,3602 1877,3564 1830,3551 1027,3557"/>
                <Baseline points="1032,3588 1074,3591 1116,3588 1159,3585 1201,3587 1244,3588 1286,3588 1328,3588 1371,3588 1413,3590 1456,3591 1498,3590 1540,3588 1583,3588 1625,3588 1668,3588 1710,3588 1752,3588 1795,3588 1837,3588 1880,3585"/>
                <TextEquiv>
                    <Unicode>zum Beispiel für einen nicht unerheblichen</Unicode>
                </TextEquiv>
            </TextLine>
            <TextLine id="tr_2_tl_66" custom="readingOrder {index:65;}">
                <Coords points="1029,3641 1877,3645 1877,3602 1789,3596 1029,3609"/>
                <Baseline points="1035,3633 1077,3633 1119,3630 1161,3632 1204,3633 1246,3633 1288,3631 1330,3630 1373,3630 1415,3630 1457,3631 1499,3633 1542,3633 1584,3633 1626,3632 1668,3630 1711,3633 1753,3630 1795,3633 1837,3633 1880,3633"/>
                <TextEquiv>
                    <Unicode>Teil Amerikas Wien die Stadt, die Artur</Unicode>
                </TextEquiv>
            </TextLine>
            <TextLine id="tr_2_tl_67" custom="readingOrder {index:66;}">
                <Coords points="1029,3690 1877,3685 1857,3641 1653,3636 1596,3664 1029,3641"/>
                <Baseline points="1035,3678 1077,3675 1119,3675 1161,3675 1204,3678 1246,3678 1288,3676 1330,3675 1373,3677 1415,3676 1457,3677 1499,3678 1542,3677 1584,3675 1626,3675 1668,3675 1711,3675 1753,3675 1795,3678 1837,3678 1880,3675"/>
                <TextEquiv>
                    <Unicode>Schnitzler verherrlicht hat. Schon heute</Unicode>
                </TextEquiv>
            </TextLine>
            <TextLine id="tr_2_tl_68" custom="readingOrder {index:67;}">
                <Coords points="1021,3735 1877,3731 1877,3685 1748,3676 1689,3701 1021,3684"/>
                <Baseline points="1027,3716 1069,3719 1112,3719 1154,3719 1197,3717 1240,3718 1282,3719 1325,3719 1368,3719 1410,3719 1453,3719 1496,3718 1538,3717 1581,3719 1624,3719 1666,3718 1709,3717 1752,3719 1794,3719 1837,3719 1880,3719"/>
                <TextEquiv>
                    <Unicode>wundern sich durchreisende Fremde, nicht auf</Unicode>
                </TextEquiv>
            </TextLine>
            <TextLine id="tr_2_tl_69" custom="readingOrder {index:68;}">
                <Coords points="1027,3771 1869,3780 1869,3737 1836,3727 1027,3738"/>
                <Baseline points="1032,3761 1076,3764 1120,3764 1164,3764 1208,3761 1252,3761 1296,3761 1341,3761 1385,3761 1429,3761 1473,3761 1517,3763 1561,3762 1606,3761 1650,3761 1694,3761 1738,3761 1782,3761 1826,3761 1871,3767"/>
                <TextEquiv>
                    <Unicode>einem Schnitzler=Platz (irgendwo beim Burg¬</Unicode>
                </TextEquiv>
            </TextLine>
            <TextLine id="tr_2_tl_70" custom="readingOrder {index:69;}">
                <Coords points="1021,3811 1838,3824 1869,3781 1021,3778"/>
                <Baseline points="1027,3806 1069,3806 1111,3806 1153,3808 1195,3807 1238,3806 1280,3804 1322,3805 1364,3806 1406,3806 1449,3806 1491,3806 1533,3806 1575,3806 1617,3806 1660,3806 1702,3803 1744,3803 1786,3803 1828,3803 1871,3806"/>
                <TextEquiv>
                    <Unicode>theater) ein Schnitzler=Denkmal stehen zu</Unicode>
                </TextEquiv>
            </TextLine>
            <TextLine id="tr_2_tl_71" custom="readingOrder {index:70;}">
                <Coords points="1027,3865 1875,3860 1853,3813 1558,3837 1510,3812 1300,3837 1027,3814"/>
                <Baseline points="1032,3851 1074,3851 1116,3851 1158,3848 1201,3848 1243,3848 1285,3848 1327,3850 1370,3851 1412,3851 1454,3849 1496,3848 1539,3848 1581,3848 1623,3848 1665,3848 1708,3848 1750,3848 1792,3845 1834,3845 1877,3845"/>
                <TextEquiv>
                    <Unicode>sehen. Viele ausländische Freunde Wiens</Unicode>
                </TextEquiv>
            </TextLine>
            <TextLine id="tr_2_tl_72" custom="readingOrder {index:71;}">
                <Coords points="1021,3898 1875,3898 1875,3866 1831,3855 1021,3864"/>
                <Baseline points="1027,3893 1069,3893 1112,3893 1154,3893 1197,3893 1239,3893 1282,3893 1324,3893 1367,3893 1409,3891 1452,3890 1494,3890 1537,3891 1579,3893 1622,3893 1664,3893 1707,3892 1749,3890 1792,3890 1834,3890 1877,3890"/>
                <TextEquiv>
                    <Unicode>wurden sich bei uns besser auskennen, wenn</Unicode>
                </TextEquiv>
            </TextLine>
            <TextLine id="tr_2_tl_73" custom="readingOrder {index:72;}">
                <Coords points="1027,3955 1875,3939 1867,3899 1027,3900"/>
                <Baseline points="1032,3937 1074,3937 1116,3937 1158,3937 1201,3934 1243,3934 1285,3934 1327,3934 1370,3936 1412,3935 1454,3934 1496,3933 1539,3932 1581,3935 1623,3936 1665,3934 1708,3934 1750,3934 1792,3934 1834,3934 1877,3928"/>
                <TextEquiv>
                    <Unicode>sie auf unserem Stadtplan diese Namen ver¬</Unicode>
                </TextEquiv>
            </TextLine>
            <TextLine id="tr_2_tl_74" custom="readingOrder {index:73;}">
                <Coords points="1029,3990 1868,3988 1868,3937 1728,3964 1691,3941 1029,3956"/>
                <Baseline points="1035,3982 1076,3979 1118,3979 1160,3979 1202,3979 1244,3982 1285,3979 1327,3979 1369,3979 1411,3979 1453,3979 1494,3979 1536,3979 1578,3979 1620,3979 1662,3979 1703,3978 1745,3977 1787,3979 1829,3976 1871,3973"/>
                <TextEquiv>
                    <Unicode>zeichnet fänden, die Wiens Ruhm in die</Unicode>
                </TextEquiv>
            </TextLine>
            <TextLine id="tr_2_tl_75" custom="readingOrder {index:74;}">
                <Coords points="1018,4039 1836,4040 1836,4000 1742,3978 1466,4008 1372,3981 1321,4004 1018,3993"/>
                <Baseline points="1024,4021 1064,4024 1105,4024 1146,4026 1187,4027 1227,4025 1268,4025 1309,4027 1350,4026 1390,4024 1431,4024 1472,4024 1513,4024 1553,4024 1594,4024 1635,4022 1676,4021 1716,4021 1757,4021 1798,4021 1839,4024"/>
                <TextEquiv>
                    <Unicode>Weite getragen haben: Slatin, Schnitzler.</Unicode>
                </TextEquiv>
            </TextLine>
            <TextLine id="tr_2_tl_76" custom="readingOrder {index:75;}">
                <Coords points="1615,4088 1659,4093 1690,4082 1769,4103 1836,4085 1836,4050 1805,4047 1787,4034 1771,4046 1729,4029 1706,4046 1680,4041 1667,4052 1639,4033 1615,4040"/>
                <Baseline points="1621,4078 1648,4078 1675,4077 1702,4075 1730,4075 1757,4075 1784,4075 1811,4075 1839,4075"/>
                <TextEquiv>
                    <Unicode>Hendric.</Unicode>
                </TextEquiv>
            </TextLine>
            <TextEquiv>
                <Unicode></Unicode>
            </TextEquiv>
        </TextRegion>
    </Page>
</PcGts>
