3344 4352
391 329 1415 440 Ausstellung „Das Wiener Burg¬
768 419 1018 517 theater
427 489 1479 574 Ein hübscher Einfall, die Originale der etwa vierzig
344 551 1483 617 Gemälde und Zeichnungen des Professors W. V. Krauß,
339 594 1473 663 welche das Illustrationsmaterial des demnächst er¬
346 634 1470 705 scheinenden Werkes „Das Wiener Burgtheater“ von Ru¬
339 685 1477 754 dolf Lothar bilden, in einer Sonderausstellung des
339 725 1473 797 Künstlerhauses einer großen Oeffentlichkeit zu
350 771 1482 837 zeigen. Unterrichtsminister Dr. Schuschnigg, der die
339 811 1480 883 Ausstellung heute im Beisein des Bürgermeisters Schmitz
342 862 1480 920 und vieler Vertreter der Kunst und Wissenschaft eröffnete,
347 896 1474 971 wies in seiner Begrüßungsansprache darauf hin, daß diese
344 953 1480 1013 Schau geeignet sei, das Verhältnis zwischen dem Publikum
347 986 1479 1043 und der Kunstlerschar des Burgtheaters noch herzlicher zu
347 1038 1407 1094 gestalten, soferne dies überhaupt noch möglich sei.
353 1062 1486 1131 launigen Worten gedachte er dankbar der Mühe des
350 1110 1487 1175 Malers, der so viele „Widerspenstige zu zähmen“ gehabt
356 1172 453 1231 habe.
431 1189 1486 1255 Den Theaterfreund grüßen von allen Wänden des
349 1241 1489 1304 Ausstellungsraumes vertraute Züge. In Oelgemälden, in
353 1286 1487 1346 Pastell- und Kohlezeichnungen sind da Künstler der Burg
359 1327 1483 1394 festgehalten, teils privat", teils in Rollenbildern. Daß
359 1382 1487 1437 sich die Ausstellung keineswegs auf lebende Künstler be¬
359 1423 1487 1479 schränkt, zeigt das Oelgemälde, das Joseph Kainz dar¬
362 1454 1487 1522 stellt. Der markante Kopf Balsers zieht den Blick auf sich,
362 1496 1486 1564 Werner Krauß ist zweimal vertreten, zweimal auch Nore
350 1542 1489 1607 Gregor (eine Kohlezeichnung und ein Oelbild), Aslan
350 1587 1487 1650 wird in einem schönen Oelgemälde gezeigt, Georg Rei¬
356 1627 1489 1692 mers, Frau Wohlgemut, Frau Marberg in Pastellen, Frau
362 1675 1486 1735 Eis in einer Zeichnung, Frau Mayen in einem vor¬
356 1725 1487 1779 züglichen Pastell, desgleichen Frau Wagener. Ida Roland,
359 1764 1487 1825 Frau Pünkösdy, Hugo Thimig, Otto Treßler, Fred
356 1797 1493 1865 Hennings, Maria Kramer, die Albach=Retty, Frau Wilke,
359 1848 1486 1905 Frau Janssen, sie alle kann man in überaus gelungenen
359 1887 1492 1954 Bildern und Studien begrüßen. Selbstverständlich fehlt
359 1927 1486 1987 auch der Führer dieser Künstlerschar nicht: Direktor
356 1972 1492 2061 Röbbelings Konterfei ist in einem lebensvollen Pastell
356 2026 545 2093 verewigt.
442 2051 1495 2111 Aber der Begriff „Burgtheater“, das Leitmotiv dieser
356 2101 1495 2165 Ausstellung, wird nicht bloß auf seine darstellenden
359 2146 1515 2217 Künstler erstreckt, er wird harmonisch weitergeführt: Man
432 2196 1528 2263 bekommt auch die leitenden Männer
440 2250 1447 2331 der Bundestheaterverwaltung zu
445 2302 1500 2377 sehen, der kluge, gütige Kopf des
448 2362 1506 2427 Sektionschef Dr. Perntner ist im
442 2413 1503 2485 Pastell festgehalten, desgleichen
437 2479 1411 2532 Ministerialrat Dr. Mekmann und
442 2538 1503 2594 auch des letzten Präsidenten der
445 2581 1391 2649 Verwaltung Schneiderhan, wird
440 2655 1521 2718 noch gedacht. Auch ein paar Burg¬
448 2715 1379 2773 theaterautoren werden vorge¬
440 2748 1428 2818 stell: Hauptmann, Schnitzler,
440 2797 1500 2884 Auernheimer und jüngeren Ge¬
448 2885 1433 2936 sterreicher Ortner, Schreyvogl,
445 2924 1414 2992 Sassmann, Sil Vara. Ein Oelbild
448 2975 1500 3047 zeigt den Nestor der Wiener Kri¬
445 3038 1443 3103 tikergilde, Julius Bauer Ernst
440 3096 1470 3169 Lothar als Kritiker wie als Re¬
454 3153 1473 3226 gisseur um das Burgtheater ver¬
445 3201 1440 3279 dient, blickt nach den Sternen,
445 3264 1404 3341 auch Rudolf Lothar, der Autor
457 3311 1489 3388 des eingangs erwähnten Burgthea
451 3374 1248 3447 terbuches ist vertreten.
454 3411 1548 3499 Vermutlich erhebt die Ausstellung
451 3486 1476 3550 keinen Anspruch auf Vollzählig-
448 3541 1467 3609 keit zumindest im wesentlichen.
445 3590 1519 3661 Erhube sie ihn, so müsste man ihr
453 3649 1584 3734 schon ein paar Unterlassung senden
454 3707 1418 3780 anreden, etwa, dass unter den
454 3759 1541 3832 österreichischen Autoren Max Mell
451 3827 1420 3890 nicht zu finden ist, unter den
451 3871 1539 3939 Schauspielern nicht Hofrat Herte¬
451 3939 1518 4010 rich, der sich um das Burgtheater
451 3997 1489 4072 schliesslich auch als Regisseur
460 4048 1461 4116 und Direktor die bedeutsamsten
460 4105 1255 4174 Verdienste erworben hat.
2297 941 2637 1062 GRATIS
1944 1046 2721 1150 „OBSERVER
2026 1136 2691 1188 I. österr. behördl. konzessioniertes
2003 1180 2724 1241 Unternehmen für Zeitungs-Ausschnitte
2062 1245 2653 1306 WIEN, I., WOLLEILE 11
2134 1296 2583 1358 TELEPHON R-23-0-43
1941 1427 2302 1500 Ausschnitt aus:
2215 1590 2720 1701 A
1941 1636 2067 1721 vom
2271 1711 2707 1816 JUNI 1934
1892 1826 2924 1904 (Das Wiener Burgtheater im Bilde.) Der Trakt des
1800 1897 2924 1949 Künstlerhauses, den man, von der Akademiestraße kommend,
1794 1940 2919 1987 betritt, wird in der nächsten Zeit gut besucht sein. Das theater¬
1806 1979 2919 2035 freudige Wien begrüßt dankbar die Abbilder der Künstler und
1794 2028 2921 2077 Dichter des Burgtheaters. Die farbigen Gemälde und Zeichnungen
1789 2068 2921 2117 von Krausz, die sich an den Wänden ausbreiten, zieren, klein
1794 2110 2921 2153 und schwarz, aber vortrefflich reproduziert, das im Erscheinen
1789 2155 2926 2208 begriffene Werk „Das Wiener Burgtheater“ von Rudolf Lothar.
1803 2194 2919 2248 Wilhelm Viktor Krausz wurde schon als Fünfzehnjähriger in die
1803 2238 2926 2287 Wiener Akademie aufgenommen; er hat mit strenger Zeichnung
1794 2279 2917 2332 begonnen und sich erst später, vor allem mit meisterlichen Frei¬
1797 2328 2927 2372 lichtstudien, der leuchtenden Farbe zugewandt. Nicht immer kann
1794 2362 2917 2420 ein überaus erfolgreicher Bildnismaler so solid arbeiten, wie er
1797 2408 2921 2467 gern möchte; das Publikum zwingt ihn zur Oberflächlichkeit und
1789 2449 2927 2495 macht ihm dann diese Flüchtigkeit zum Vorwurf. Aber es ist
1800 2493 2924 2542 bewundernswert, wie Krausz das Unmögliche mit souveränem
1797 2532 2924 2588 Können immer wieder angeht; er macht es nicht nur möglich,
1797 2578 2921 2629 er macht es sogar ganz reizend. Ein Pastell (Else Wohlgemuth
1797 2617 2920 2675 als Maria Stuart) ist von entzückender Anmut der Bewegung;
1794 2659 2919 2714 geben hier die gefalteten Hände die Begleitmusik, so akkompagniert
1797 2702 2920 2760 bei Lili Marberg die schwarz behandschuhte linke Hand;
1797 2744 2920 2800 momentane Bewegungen sind aufs glücklichste erwischt (Auguste
1806 2787 2919 2842 Pünkösdy), Kopfhaltungen mit unakademischer Frische zur
1797 2831 2920 2884 Charakteristik benützt. Eigenartig ist Nora Gregor aufgefaßt,
1793 2874 2921 2932 Arthur Schnitzler ist mit ehrfürchtiger Liebe studiert; blendend
1797 2916 2916 2975 weiß ist das wellige Haar auf Treßlers jugendlich frischem Antlitz,
1794 2968 2919 3014 auf die hellsten Harmonien ist das elegante Bildnis von Hilde
1803 2996 2926 3054 Wagener gestellt. Die Bildnisse von Setionschef Perner, Doktor
1802 3041 2920 3099 Eckmann, Georg Reimers, Hennings, Rosa Albach=Retty, Maria
1794 3087 2933 3138 Mayen, Julia Janssen, Gisela Wilke und andere teilweise schon
1800 3130 2923 3184 bekannte Werke (Else Wohlgemuth als Orsina, Kainz als
1806 3172 2924 3230 Richard II., Ida Roland, Thimig und Aslan) vollenden den
1806 3214 2924 3270 Eindruck. An Maria Eis erinnern nur ein paar zarte Köhle¬
1800 3260 2926 3315 linien; sie saß dem Maler nur eine halbe Stunde lang bei künst¬
2759 3300 2885 3348 W. D.
1794 3309 2019 3361 lichem Licht.
