3344 4320
195 246 340 346 13.
1251 246 1668 349 box 447
391 242 759 361 Miscell
800 257 1057 355 s
601 1664 1416 1799 OBSERVER
755 1762 1352 1861 behördl. konzessioniertes
652 1801 1377 1925 ren für Zeitungs-Ausschnitte
706 1850 1307 1966 WIEN, I., WOLLEILE 11
776 1927 1236 2013 TELEPHON R-23-0-43
575 2043 945 2143 Ausschnitt aus:
939 2113 1243 2250 lag. Die
562 2254 697 2357 vom
883 2276 1292 2395 30 fl. 1934
768 2556 1645 2706 Begegnungen
400 2708 1985 2817 mit Ibsen, Wedekind, Schnitzler, Wildgans
1215 2847 2057 2911 stimmt, daß ich mich den ganzen Abend über
477 2847 1052 2943 Der sonderbare Ibsen
1206 2898 2057 2971 um nichts mehr kümmerte und meinen Groll
556 2926 982 3007 Von Georg Reimers.
1215 2937 1587 3007 in Alkohol erläufte,
1251 2964 2053 3035 Tags darauf aber gab es für mich eine
383 2981 1185 3063 Im Frühjahr 1891, Max Bruckhard van
1215 3031 2057 3080 ganz große freudige Überraschung: um acht
327 3039 1176 3112 damals unser Direktor, bereitete das Burg
1215 3069 2051 3118 Uhr früh brachte mir ein Diener aus den
338 3084 1059 3150 theater Ibsens „Kronprätendenten
1104 3097 1183 3144 vor
1219 3114 1946 3167 Hotel Sacher einen Brief von Ibsen.
1978 3116 2057 3170 Mit
332 3131 1185 3178 Wegen der Länge des Stückes und wegen der
1219 3155 2053 3212 einem Bild, auf das er folgende Widmung
336 3174 1183 3219 Figur des Bischofs Nicolas ergaben sich eine
1215 3204 2053 3259 geschrieben hatte: „Dem lieben Künstler
327 3210 1181 3264 Reihe ernster Zensurbedenken und es wurde
1223 3242 2057 3317 Georg Reimers in Ergebenheit Henri
327 3262 1185 3311 erwogen, einiges aus dieser Rolle zu strei¬
332 3285 1720 3349 chen, einen Auftritt ganz wegzulassen. Das Absen. Wien, 13. IV. 91.
338 3349 1196 3394 ging natürlich nicht ohne Einwilligung des
1352 3349 1916 3433 Wedekind als Partner
327 3394 1191 3439 Dichters und da ich gerade für ein Gastspiel
327 3439 1191 3480 nach Innsbruck (als Karl Moor) verpflichtet
1444 3418 1839 3505 Von Maria Mayer.
334 3478 1187 3535 war und dann einen kurzen Abstecher nach
1255 3478 2062 3544 Vor nahezu fünfundzwanzig Jahren stand
334 3518 1185 3578 München zu meinem Freunde Franz Defreg¬
1219 3527 2053 3589 ich als Partnerin Frank Wedekund¬
342 3567 2060 3632 ger machen sollte, erhielt ich von Direktor auf der Bühne. Das war in Berlin. Im
338 3606 1183 3657 Burckhard den ebenso ehrenvollen als schwie¬
1219 3627 2053 3677 Hebbel=Theater wurde im Rahmen einer
338 3653 1185 3702 rigen Auftrag, mit Ibsen, der damals in
1219 3659 2057 3739 Matinee „Erdgeist“ aufgeführt. Für den
338 3691 1176 3749 München lebte, zu sprechen und ihn zur Pre¬
1213 3709 2057 3768 Abend waren die meisten edelind=Stücke zu
336 3734 657 3792 miere einzuladen.
1221 3758 2053 3818 „gewagt“. Steinrück wirkte mit. Johanna
376 3756 1187 3831 Defregger verschaffte mir eine Verbindung
1221 3798 2060 3850 Terwin war die Lulu, ich spielte die Grä¬
334 3824 1181 3867 mit dem Dichter und ich ging also eine
1221 3837 1469 3897 fin Geschwitz,
329 3863 1189 3937 Morgen hin, läutete an und er öffnete selbst
1260 3850 2049 3931 Wedekind war ein wundervoller Interpre
327 3905 520 3959 die Türe.
1223 3925 2057 3976 seiner Ideen, aber doch kein Vollblutschau¬
370 3927 1185 4002 Liebenswürdig war der Empfang gerade
1219 3967 2051 4019 spieler. Als Kollege hatte er eine scheu, za
325 3980 1191 4051 nicht und als ich ihm die Bedenken wegen
1215 4012 2053 4059 empfindsame Art, die immer wieder für ihn
334 4038 1176 4083 der Gestalt des Bischofs auseinandersetzte und
1213 4057 2057 4111 einnahm. Er war äußerst wortkarg und ich
334 4081 1181 4134 auf die nötigen Striche hinwies, erhielt ich
1219 4098 2057 4147 glaube, daß diese Schweigsamkeit in einer
338 4121 1181 4179 immer die gleiche Antwort: „Machen Sie
1230 4141 2062 4194 inneren Schamhaftigkeit ihren
327 4164 1176 4211 was Sie wollen, das ist mir gan¬
1219 4177 2053 4226 Grund hatte. Hinter der Szene war er immer
2323 411 2898 507 Sonntag, 30. Dezember 1934
2083 548 2939 622 Generalprobe (am Freitag) gleich die nächste
2083 612 2937 667 Novität zu probieren. Artur Schnitzler war
2085 661 2934 714 nun der erste, der sich gegen diese Art von
2083 699 2939 755 „Betrieb stellte. Er verlangte vertraglich
2085 740 2939 789 zwei Wochen Probenarbeit; am Montag mußte
2077 772 2941 843 begonnen werden und übernächsten Samstag
2085 832 2939 879 gab es dann eine bis ins kleinste Detail liebe¬
2085 868 2934 924 voll ausgearbeitete Aufführung. Natürlich
2085 915 2934 960 kam er auch auf die Proben und da erwies er
2096 956 2934 1001 sich als Regisseur immer als verständnisvoll¬
2092 999 2934 1046 ster Freund und Führer der Schauspieler.
2090 1046 2943 1093 Alles, was er sagte und anordnete, war so
2083 1080 2939 1140 zart und vornehm und im Sinne des Stückes
2092 1127 2872 1189 „Man soll nichts wieder erleben wollen“
2085 1161 2941 1223 diesen „Anatol"-Ausspruch schrieb Schnitzler
2090 1215 2939 1266 in mein Stammbuch aber er fügte einen
2083 1258 2941 1320 Nachsatz hinzu: „außer die Aufführungen
2083 1294 2490 1362 von eigenen Stücken
2137 1311 2947 1394 Zu meinen allerschönsten Erinnerungen
2085 1354 2949 1433 zählt eine Rad-Tour, die Arthur Schnitzer
2085 1420 2949 1478 und ich gemeinsam machten. Wir waren
2081 1471 2945 1525 damals sehr jung und unternehmungslustig.
2083 1512 2949 1574 Beer=Hofmann hatte uns eingeladen,
2083 1559 2954 1608 einige Zeit mit ihm in Steindorf am Ossia¬
2085 1606 2954 1649 cher=See zuzubringen. Vorher wollten wir
2083 1640 2949 1692 uns aber das schöne Österreich ein wenig an¬
2090 1690 2943 1743 sehen und so fuhren wir vergnügt und gänz¬
2085 1737 2943 1794 lich unbeschwert (das Gepäck wurde immer
2083 1775 2937 1835 vorausgeschickt) durch die wundervolle Land¬
2083 1820 2941 1876 schaft. Wir unterhielten uns herrlich — aber
2083 1867 2941 1921 beinahe wären wir nicht zu Beer=Hofmann
2083 1914 2943 1961 gekommen. Unversehens wurden wir von
2092 1948 2939 2008 Zigeunern, die sich in einem hohen Getreide¬
2083 1995 2939 2051 fold verborgen hatten, überfallen und nur
2077 2040 2941 2090 unsere Geistesgegenwart hat uns gerettet:
2083 2083 2941 2139 blitzartig fuhren wir gleichzeitig mit der
2085 2126 2943 2186 Rechten in die rückwärtige Tasche und hielten
2083 2173 2943 2244 drohend das erstbeste Herau gefischte in der
2085 2211 2941 2267 hocherhobenen Hand sich glaube, es waren
2077 2263 2947 2316 unsere Federmesser). Wir markierten derart
2081 2301 2939 2350 naturgetreu „Schießen", daß unsere Angrei¬
2096 2344 2949 2398 fer, ohne erst die ihnen entgegengehaltenen
2085 2395 2949 2468 Waffen genauer anzusehen, eiligst die Flucht
2081 2434 2265 2502 ergriffen.
2218 2494 2804 2603 Wildgans-Verse privat
2207 2581 2821 2671 Von Josefine Kramer=Glöckner.
2117 2635 2926 2720 Besonders gerne denke ich an die Begeg
2079 2701 2947 2774 nungen mit Anton Wildens. Es sind
2092 2742 2941 2802 fast auf den Tag zwanzig Jahre her, daß ich
2085 2789 2943 2851 in anläßlich der Volkstheater=Aufführung
2090 2832 2943 2889 seiner „Armut kennen lernte. Ich spielte die
2083 2874 2939 2928 Rolle der Mutter. Bekanntlich wurde die Pre¬
2090 2922 2943 2971 miere nicht ganz widerspruch los aufgenom¬
2081 2964 2941 3024 men, der große Erfolg dieses Stückes stellte
2090 3003 2943 3061 sich erst bei den späteren Aufführungen ein.
2083 3054 2947 3103 Manches mußte noch nach der Generalprobe
2096 3095 2943 3144 eingearbeitet werden und bei aller Liebens=
2083 3140 2947 3200 würdigkeit verstand es Wildgans, letzten
2096 3174 2827 3236 Endes doch seinen Willen durchzusetzen.
2126 3189 2941 3277 Rührend war seine Dankbarkeit den Schau¬
2090 3264 2943 3317 spielern gegenüber und ich war natürlich sehr
2077 3313 2941 3371 erfreut, als der Dichter mir dann das Buch
2081 3356 2937 3433 mit einer eigens für mich gedichteten Wid¬
2077 3392 2387 3471 mung verehrte:
2122 3433 2872 3527 War ein Kind, als ich die Mutter verlor.
2122 3510 2864 3578 Ein Kind von vier ahnungslosen Jahren.
2117 3555 2812 3617 Kann schon sein, daß ich manches sonst
2120 3582 2519 3657 Hätte anders erfahren.
2105 3632 2633 3706 Als ich deiner Seele Klang
2122 3691 2757 3756 In meinen Worten vernommen
2126 3713 2894 3794 Ist nach der Mutter, die kaum ich gekannt,
2122 3762 2708 3835 Leis' mir ein Sehnen gekommen.
2120 3813 2857 3895 Hab' mich darob sonst nicht viel gegrämt,
2122 3878 2701 3925 Und dieses mit andrem begraben.
2122 3910 2783 3963 Aber vielleicht wär' es dennoch gut,
2122 3955 2791 4012 Solch eine Mutter, wie du eine bist,
2115 3989 2706 4057 Ja, solch eine Mutter zu haben.
