3344 4352
215 256 1086 344 13. Miscellaneous
1277 231 1696 322 box 447
2047 219 2156 280 vom
2274 333 2365 418 The
2683 655 2765 728 17
2199 777 2847 861 UNPOLITICAL
1998 782 2146 888 AN
2199 886 2660 990 JOURNEY
2053 1086 2804 1183 II. VIENNA AND
2195 1194 2657 1288 SALZBURG
2017 1388 2847 1477 RETREATS FROM STRIFE
2125 1497 2731 1587 From Our Dramatic Critic
2644 1562 2839 1653 VIENNA
2037 1630 2880 1696 Whatever their political anxieties, Austrians
1983 1684 2875 1739 are extremely willing to talk freely of art. To
1996 1737 2877 1790 them a great dramatist remains a great dramatist
1992 1784 2873 1835 in spite of the racial disabilities of his grand¬
1990 1834 2884 1890 mother, and they bring to the consideration of
1990 1875 2880 1938 all things a charming, affable lassitude, touched
1992 1920 2884 1977 with a little cynicism, which, in this world of
1992 1971 2841 2024 strident faiths, is comforting to Englishmen.
2035 2013 2877 2091 The policy of the Government is not to use
1992 2070 2878 2133 the theatre as a Party instrument, but to keep
1996 2111 2883 2167 it clear of politics. That this is not easy a visit
1992 2165 2884 2222 to Salzburg proves. The city has a beauty and
2001 2208 2880 2273 tranquillity which should make its Festival,
1992 2258 2883 2310 during the month of August, a retreat from the
1992 2305 2883 2359 troubles of the world. To a series of operas
1992 2351 2884 2415 and concerts unrivalled in Europe are added
2005 2401 2880 2456 Reinhardt's production of Everyman and Faust.
2001 2444 2884 2517 Given fine weather, the production of Faust
1996 2516 2884 2563 should be enchanting. In former days, spec¬
1992 2549 2884 2605 tators in the open-air riding school watched,
1999 2617 2882 2661 from galleries carved in the rock of the Mönchs¬
1999 2641 2886 2707 berg, tournaments and exercises held in the
1991 2683 2889 2739 arena below. Now the arena seats the audience
2005 2730 2893 2781 and the rock-face with its galleries is used as
2001 2768 2895 2819 the setting for Faust, little houses having been
1999 2810 2885 2857 built there, a garden made, and a tree success¬
2001 2846 2889 2896 fully transplanted. It is not hard to imagine
1998 2885 2889 2950 the windows illuminated, the voice of Mephisto¬
2005 2923 2896 2989 pheles speaking suddenly from the darkness of
2005 2967 2889 3023 the higher galleries, the night-sky shining above
1999 3020 2891 3062 the rest of the rock. It is true that there have
2008 3053 2895 3108 been explosions in Salzburg, designed by political
1998 3091 2892 3144 enemies to frighten the timid; and one at least
2618 3132 2888 3185 a
2064 3135 2568 3208 the bonne
2618 3168 2898 3206 the vestibule
2194 3171 2569 3207 roque all-fontan¬
2001 3198 2892 3249 of the Festival Theatre, it destroyed the fountain
2005 3240 2892 3289 itself and did serious damage to the entrance
2001 3276 2895 3338 gates and to Kolig's mosaic. But unless this
1999 3329 2891 3377 malicious propaganda against Austria is intensi¬
2004 3359 2898 3410 fied, it may be regarded as no more than an
2001 3401 2892 3457 attempt to impress those willing to be impressed
2004 3446 2510 3505 by the follies of barbarism.
2086 3502 2826 3576 REMEMBERED GREATRESS
2044 3566 2900 3628 Vienna, though not gay" as those who think
2005 3625 2900 3674 of it in terms of musical comedy imagine it to
2005 3654 2895 3710 be, has a special grace and charm. A certain
2009 3695 2898 3755 melancholy broods over it, the melancholy of
2014 3740 2896 3793 greatness remembered. The streets, uncrowded
2008 3779 2898 3838 by day, are almost empty at night. Plays begin
2004 3818 2904 3869 at such an hour that an unaccustomed English¬
2005 3862 2898 3911 man, having failed to take his food with him
2005 3900 2896 3962 in a paper bag. finds himself, soon after 10
2005 3938 2895 3989 o'clock, looking eagerly for supper. This is in
2014 3982 2895 4041 itself an instructive adventure. You wander into
2005 4022 2893 4089 a restaurant to discover a little orchestra playing
2014 4066 2889 4125 to perhaps two couples among an archipelago of
2008 4104 2898 4163 empty tables. Discouraged, you turn again
2008 4146 2892 4201 towards the door, expecting to be frowned upon
