3344 4352
1310 205 1731 313 box 447
252 209 1130 320 13. Miscellaneous
173 1036 1861 1141 et in der „Tasse tragen und dafür ein vorstellungsfähiger Frack ein¬
2181 1058 2746 1155 Die stumme Rolle.
659 1112 1861 1177 getauscht. Später, schon in Wien, spielt er den
187 1105 633 1184 wie der Dienstmann
1969 1116 3070 1209 Thimig spricht zwar noch heute sein Sächsisch,
187 1162 1857 1227 der Etchépare in der Schummrich in einer, wie man theaterhaft sagt, stink¬
1875 1159 3077 1256 aber er ist längst Wiener geworden. Auf die Mundart
176 1216 1832 1278 de Benachteiligten des vornehmen Garderobe. „Wo lassen Sie denn arbeiten?
1875 1245 2872 1299 kommt's nicht an, sondern auf da drinnen.
2908 1252 3070 1314 Als er
662 1260 1108 1321 forscht Dingelstedt.
1242 1263 1850 1339 „Bei Ebenstein!" erwider
180 1260 633 1332 en sieht, weil es sich
1879 1281 3070 1357 nach Wien kam, führte Johann Strauß eben seine neue
659 1285 1540 1368 zurückgeworfenen Hauptes der Mime.
1565 1317 1853 1382 — „Und ist
184 1314 633 1375 einmal in einem ein=
1879 1346 3070 1400 „Fledermaus" auf, führten die österreichischen Nationen
662 1368 1216 1432 der Anzug auch bezahlt:
1292 1357 1828 1425 — „Er wird's, er wird's!
209 1364 637 1432 weiß Gott wie ein¬
1882 1400 3052 1454 ihre Sprachenstreite im alten „Schmerlingtheater
1238 1407 1850 1475 beschließt der Direktor da¬
759 1407 1188 1483 „Gewiß, er wird's,
180 1396 633 1483 te nicht mehr hinaus
1879 1443 3073 1504 vor, denn es gab noch kein neues Parlament; draußen
662 1454 1850 1519 Interview, „aber nicht von Ihnen, sondern von der
173 1461 633 1526 gen Unzulänglichkeiten
1882 1490 3070 1555 im Reich begannen die Meininger ihre Triumphzüge,
202 1504 1857 1569 oben wiederholt, in Hoftheaterkasse...." Es waren märchenhafte Zeiten,
1879 1544 3070 1605 kamen auch nach Wien, aber ohne wesentlichen Erfolg,
659 1551 1231 1641 unvorstellbar märchenhaft
1278 1562 1853 1637 Theaterjahre, denen noch
176 1565 637 1634 id dem allgemeinen
1875 1591 3070 1645 denn hier blühte Makart und mit ihm in der Sonne
1227 1598 1853 1688 Abbau, Sparmaßnahmen,
806 1619 1162 1684 Wortbildungen
176 1612 633 1691 chen, manchmal auch
1879 1637 3081 1699 Wiens in farbenreichem Bunt die warme Sinnlichkeit
659 1666 1850 1727 Kürzungen nicht geläufig waren, in denen Schulden
176 1666 633 1753 thetik nennt es: den
1882 1688 3077 1749 der Kunst. Noch gibt es keine Stadtbahn, noch stehen
655 1709 1857 1785 eine fröhliche Angelegenheit und Sorgen himmelblau
1882 1738 3073 1803 die alten Linienwälle, und eben wird das Cottage ge¬
234 1749 1285 1839 den Chlestakow in zerflatternde Wolken waren.
1882 1789 3070 1846 gründet, wo Thimig später sein Heim finden sollte.
184 1828 641 1900 so natürlich, daß der
752 1835 3070 1897 Aus dieser Zeit lächelte Hugo Thimig stilvoll Das Burgtheater ist seine Welt, das große alte Burg¬
1879 1886 3070 1947 theater, dessen Mitglieder seine Familie bilden,
173 1879 1850 1951 auf ihn zustürzte und heraus. Er war einer Gesellschaft zugeboren, deren oft
1882 1936 2069 1994 während
2105 1936 3073 1994 später seine Familie Mitglieder der Rein¬
176 1936 1857 1994 ußland gelebt habe, unterschätzte Harmlosigkeit ihren Grund in einer heute
180 1983 633 2055 Rußland, er hatte bloß
1882 1987 3070 2044 hardt=Bühnen werden. Direktoren kommen und gehen,
659 1987 1861 2048 sehr geschätzten Sicherheit fand. Und diese Gesellschaft
1882 2033 2116 2094 Wilbrandt
2141 2037 3073 2091 Förster, Burckhardt, Schlenther, das neue
180 2033 1857 2105 t, und daraus wurde der sicheren Existenz sah im hurlebuschnen Komiker, im
180 2076 3073 2145 recht russische Mensch hurtigen Jongleur das Gegenbild zu ihrer eigenen Haus wird eröffnet — Sonnenthal ist mangels eines
1882 2130 2087 2195 Direktors
2130 2138 3070 2195 als Doyen provisorischer Leiter, eine
184 2130 633 2206 war Intuition, oder
659 2134 1850 2195 Festigkeit. Wenn er ihr dann sein Erlebnis vom kurzen
1879 2177 2130 2260 neue Kunst
2159 2177 3066 2235 kommt herauf, die Russen, die Skan¬
662 2188 1846 2246 sächsischen Registrator vortrug, der für seine lang
1882 2231 3070 2285 dinavier, Ibsen, Strindberg, Shaw, Hauptmann, die
659 2238 1846 2292 Frau einen langen Sarg bauen ließ, jedoch selbst
184 2256 378 2346 steuer.
662 2282 3070 2346 früher „abkratzte", worauf die Frau den jahrelang mit Naturalisten erscheinen — Hugo Thimig bleibt und mit
1882 2321 3066 2390 ihm bleibt der deutschen Schauspielkunst fröhliche
659 2339 1850 2390 geschleppten langen Sarg aus Ersparungsgründen ein¬
184 2318 633 2400 r Grazioso, und er
1882 2375 3066 2436 Stunde in Wien. Er hat seine Theatersammlung an¬
666 2382 1857 2444 fach abschneiden ließ, so konnten diese Zeitgenossen
187 2390 633 2462 schen Eigenschaften
1886 2426 3070 2480 gelegt, eine der größten, die es gibt — er hat sie ver¬
659 2436 1817 2501 selbst über Sarg und Tod und Bahre Tränen lachen.
198 2436 633 2505 ob Zettel, Dromio
1886 2480 3070 2534 schenkt —, er aber selbst, der Sammler, wurde deren
184 2490 648 2544 Bellmaus, Lanzelot
756 2490 1850 2570 Hugo Thimig hat mit seinem Sohn Hermann zu¬
1879 2519 3070 2580 kuriosestes Kuriosum: ein Achtziger, aus dessen Zügen
184 2534 637 2605 lichen"), sind alle mit
659 2562 1853 2623 sammen in der Guitryschen Komödie „Mein Vater hat
1886 2573 3070 2634 man den Zwanziger schimmern sieht. Endymion
202 2591 633 2656 es schon kommt, wie
662 2609 1857 2667 recht gehabt" gespielt, und einmal haben alle vier
1882 2616 2094 2685 redivivus.
173 2638 637 2706 hicksals einrichtet, er¬
662 2652 1853 2713 Thimigs zugleich in der Josefstadt, in der Friedellschen
1965 2645 3070 2739 Er hat einmal in einem längst vergessenen Stück
180 2685 633 2757 graziöse Dinge. Sein
659 2717 3059 2778 Bearbeitung von „Alles oder Nichts gespielt. Zwer von Philippi, „Das Erbe, eine fast stumme Neben¬
176 2735 641 2803 t, und wie der große
662 2760 1857 2811 Generationen spielten Theater, Grazioso sen, samt
1886 2775 3070 2829 figur gespielt, den Sekretär Roßmann, der nur
180 2796 633 2854 Nacht aufwachen und
659 2803 1853 2868 Tochter und Söhnen, und Julius Bab vermerkt es
1886 2818 3077 2879 schweigend zuzuhören und die Befehle des mächtigen
176 2836 644 2911 as furchtbar Lustiges
659 2868 3077 2929 als Ereignis in seinen Porträts moderner Schauspieler. Sartorius auszuführen hat. Der stumme Sekretär
173 2886 637 2969 as Leben in Lustig¬
1879 2919 3081 2969 interessierte nun durch sein verständnisvolles Zu¬
759 2919 1853 2998 Gehört nun Thimigs Kunst einer alten oder neuen
180 2940 633 3005 in Breslau sehen
1879 2965 3081 3027 hörenkönnen, sein klug aufnehmendes Gesicht weit
180 2983 1850 3055 gelstedt wartet, Herr Schauspielergeneration an oder ist sie zeitlos, hat der
1882 3019 3073 3073 mehr als die vortreiche Hauptfigur. So ist es mit
662 3030 1850 3091 Hans Narr auf der Mysterienbühne, hat der Mime au
184 3041 587 3109 rstellen. Aber
1882 3063 3066 3127 Thimig heute: er steht stumm beiseite, läßt die Haupt¬
180 3088 1843 3163 nt zu zweien mit der Aristophanes=Bühne ebenso gespielt — wie immer
1879 3117 3070 3174 akteure reden, befehlen, arrangieren, gratulieren, und
666 3127 1843 3192 jedenfalls hat Thimia zeitlebens fürs Licht geschaffen
176 3135 644 3199 dent, aber auch keinen
1879 3167 2955 3235 interessiert in seiner Stummheit am allermeisten.
176 3178 1850 3257 der rote Zwischen sein Name ist ein fröhlicher Akkord und weckt in jedem
2620 3217 3070 3314 Ernst Decsey.
669 3235 1612 3329 seiner Zuhörer ein Lächeln der Beglückung.
173 3235 641 3332 de ins Leibhaus ge¬
