3392 4320
661 111 1860 198 von da an die
658 183 1860 246 Herzens — man kann ihn auch Instinkt nennen —, der sie in
667 228 1860 294 schwierigen Lebenslagen zumeist den richtigen Weg führt (der
664 270 1863 346 keineswegs immer der vernünftige ist), ohne daß erst des langen
658 328 1863 376 und breiten darüber gegrübelt werden müßte. Auch wenn dieser
673 373 1863 433 Pfad nicht ins Glück mündet — hat das Herz einmal gesprochen,
667 421 1863 481 von dessen Schlag alles Wert oder Unwert empfängt, dann gibt
667 463 1860 526 es für eine Frau oder ein Mädel, die der Sturm ihrer Gefühle
667 514 1866 586 jagt, keine menschlich zweifelhaften Lösungen mehr. Bedenkenlos
667 562 1866 619 und frei von jeglicher mittelbaren Erwägung fällt die Ent¬
676 610 1860 667 scheidung, gegründet einzig und allein auf das, was der Mensch
682 658 1860 724 für recht und anständig hält. Dieser wäre nicht lebensfähig,
670 706 1872 787 müßte er in seinem Allerpersönlichsten lügen und unter der Last
670 757 1572 832 einer elementaren Unwahrheit weitervegetieren.
772 778 1866 868 Von diesen Gedanken erfüllt, die das Wesen der im Leben,
670 847 1869 902 nicht in Operetten und in Filmen vorkommenden Wienerin
673 889 1872 953 auslösen, lese man einmal die wienerischen Griechenstücke
673 947 1869 1010 Grillparzers. Das empfängliche und empfindliche Ohr wird trotz
673 992 1875 1061 gebundener Sprache bald heraushören, wes Landes die Leute
676 1043 1875 1109 sind, die da in Jamben plauschen, wie ihnen der wienerische
676 1094 1878 1163 Schnabel gewachsen ist. Bühne und Wirklichkeit, in ewigem Zu¬
673 1142 1875 1202 und Ineinanderspiel begriffen, steigern einander im Falle der
673 1187 1875 1256 wienerischen Frau zu einmaligen, unvergleichlichen Aus¬
676 1235 1875 1307 prägungen, als deren schönstes Kennzeichen die Grazie des
676 1286 1097 1364 Herzens anzusehen ist.
784 1310 1878 1391 Die weniger berühmten Zeitgenossen Raimunds haben
685 1385 1878 1466 gleichfalls reizende Bilder der Wienerin gemalt, im Theaterstück
1746 1436 1878 1496 es ist
682 1436 1641 1502 sowohl wie in der Erzählung. Dabei fällt es auf
685 1478 1878 1548 weder der erste noch der letzte Fall —, daß das Leben sich An¬
682 1530 1884 1599 regungen von der Bühne holt. Die Frau im Parkett richtet sich
676 1587 1881 1662 nach dem Vorbild auf der Szene, die erhöhte beeinflußt die ein¬
682 1638 1028 1725 fache Wirklichkeit.
965 1671 1611 1752 Der ewige Wiener Typus.
793 1722 1878 1809 Das „süße Mädel“ begann seine Weltkarriere, als Artur
682 1791 1884 1875 Schnitzler die Bezeichnung für die junge Wienerin gefunden hatte,
685 1848 1884 1905 obwohl sie längst vorher auf der Welt gewesen war und
688 1890 1887 1956 Schlagermitzis auf der Bühne wie im Leben zu Dutzenden
685 1944 1887 2016 herumliefen. Ein Dichter aber mußte kommen, diesen Geschöpfen
691 1992 1890 2058 tief ins Herz blicken und sie mit allen ihren guten und schlechten
691 2040 1884 2131 Eigenschaften lieben. Weil er dies mit der ganzen Zärtlichkeit
700 2091 1884 2173 seiner Natur tat, fand er auch den wahren Namen für die
697 2143 1283 2209 Annies, Christinen und Mitzis.
793 2176 1884 2251 Es ist ein gründlicher Irrtum, zu glauben, die Wienerin
667 2206 1884 2332 von der geschilderten Art sei ausgestorben. Man muß sich bloß
709 2329 1917 2437 einmal die Mühe machen und ein wenig beobachten — auf der
718 2416 1911 2476 Straße wie im Theater. Seltsame Entdeckungen harren unser
724 2461 1908 2533 Die Wienerin trägt sich zwar jetzt anders; die veränderte Zeit
721 2515 1911 2575 brachte naturgemäß auch einen anderen Menschen mit früher
712 2566 1905 2620 unvorstellbaren Wünschen, Ansprüchen und Meinungen hervor
712 2620 1911 2671 aber der Typus lebt ungeändert fort, lebt genau so, wie er in
718 2659 1905 2720 den zwanziger, dreißiger und vierziger Jahren usw. des ver¬
718 2708 1905 2771 flossenen Jahrhunderts vorhanden war — dies= und jenseits der
712 2756 868 2837 Rampe.
826 2783 1911 2882 Die Wienerin, wie wir sie aus den dichterischen Ge¬
718 2837 1908 2924 staltungen der früheren Zeit kennen, ist die reizende Ahnfrau
721 2912 1908 2975 ihrer heutigen Enkelinnen und Urenkelinnen. Abgesehen von
709 2969 1911 3026 äußerlichen Bedingtheiten, deren Ursachen in Zeit und Mode
712 3008 1911 3065 liegen, hat sich deren Wesen im Vergleich zu dem der Vorfahren
709 3053 1905 3125 kaum sehr verändert. Die junge Wienerin von heute mag viel¬
712 3095 1908 3161 leicht durch die Ungunst der Verhältnisse härter und — miß¬
718 3146 1911 3209 trauischer geworden sein, aber die Charaktereigenschaften, auf die
718 3197 1905 3260 es ankommt, weist sie ebenso auf wie ihre Altvordern; wir
712 3239 1905 3321 brauchen diese nicht erst aufzuzählen, sie sind zur Genüge bekannt.
775 3299 1848 3405 Gibt es noch wienerische Schauspielerinnen?
817 3387 1905 3453 Sind noch Schauspielerinnen vorhanden, die wie ihre
712 3432 1908 3501 Kolleginnen von einst Wiener Mädeln (vor und nach der Ver¬
712 3480 3116 3552 leihung des netten Eigenschaftswortes) verkörpert haben, heute und Herzensklugheit Alma Seidlers, deren Gestalten sich allem
721 3534 3098 3597 als schöpferische Erneuerer der besonderen Tradition an= Echten beugen, alles Zweifelhafte aber nicht ganz ernst nehmen
712 3585 3122 3645 gesprochen werden dürfen? Mit den Stücken, freilich, die das be¬ die erhafte Kraft von Paula Wesselys Wesen und Wort, die
712 3630 1902 3687 weisen könnten, ist es jetzt nicht gerade gut bestellt. Aber die
1929 3630 2058 3693 Gefühl
2206 3636 3113 3693 Gestalt umzusetzen vermag, das beschwingte
721 3675 1899 3735 Wendung zum Volksstück, jetzt überall wahrnehmbar, läßt gerad
1932 3684 3107 3735 Temperament und die erfrischende Geradheit Christl Mardayns,
718 3720 3110 3789 in dieser Hinsicht manches erhoffen; wenn das entsprechende die naive Grazie und herzige Keckheit der Friedl Czepa oder die
721 3768 1905 3828 Werk, das nicht bestellt werden, sondern nur pflanzenhaft ent¬
1926 3771 2497 3837 saftige Drolerie Lotte Langs
2602 3771 3113 3843 wer darf angesichts dieser
718 3810 3110 3879 stehen kann, einmal da sein wird, dann sind — ohne viel Dazu frischen Farben, deren Glanz allabendlich unser Publikum ent¬
718 3864 3110 3928 tun — plötzlich auch alle anderen Elemente vorhanden, die ihm zückt, behaupten, die Wienerin, wie sie in der Vorstellung „füßes
715 3916 3107 3976 zum Durchbruch verhelfen. Abgesehen davon jedoch besitzen wir Mädl“ festgehalten ist, gäbe es nicht mehr? In allen diesen
721 3958 1905 4009 glücklicherweise eine Fülle bezaubernder Wienerischer Schau¬
1929 3964 3113 4021 Schauspielerinnen, zu denen noch manche andere gehört, lebt das
718 4006 1827 4057 spielerinnen, von denen jede eine besondere Note besitzt,
1923 4015 3113 4075 weibliche Element der Stadt in besonderer Variation, jede von
718 4054 3110 4117 wiederum nichts anderes ist als Ausdruck der besonderen Natur ihnen bedeutet eine nicht zu missende Phantasie auf das un¬
715 4099 2485 4171 jener Art Frauen, die hierzulande wachsen. Die herbe Anmut erschöpfliche Thema: Wienerin.
