3392 4384
186 376 1049 491 13. Miscellaneous
1225 370 1651 475 box 447
2195 246 2617 293 TELEPHON R-23-6-43
1992 368 2342 454 Ausschnitt aus:
2332 410 2900 562 nie
2004 595 2132 657 vom
2275 601 2757 736 29. 1934
1866 765 2873 898 Besuch beim Bildhauer
1991 879 2753 993 Alexander varat.
1995 978 2747 1077 Der Schöpfer des Schnitzler=Denkmals.
2327 1032 2418 1122 Non
2164 1088 2589 1190 Wolfgang Born.
1887 1157 2970 1241 Der Schöpfer des schönen Kainz=Denkmals am Türken¬
1789 1211 2969 1295 schanzpark Alexander Jaray hält sich von allem Kunstbetrieb
1789 1262 2976 1343 fern. Vergebens wird man ihn auf den großen Ausstellungen
1789 1312 2972 1393 suchen. Nur von Zeit zu Zeit — das heißt, alle paar Jahre
1783 1369 2973 1430 einmal — lädt er die Freunde seiner Kunst zu einer Atelier¬
1786 1406 2976 1487 ausstellung. Da sitzt man nun dem Bildhauer ohne viel Förm¬
1789 1448 2979 1534 lichkeit gegenüber, mitten zwischen seinen neuen Werken, die
1792 1501 2976 1579 ihren inneren Wert bei diesem stillen und intimen Zusammen¬
1786 1551 2982 1638 sein erst ganz erschließen. Denn sie sind zurückhaltend, wie der
1795 1624 2375 1678 Mann, der sie geschaffen hat.
1896 1632 2979 1732 „Mich interessiert", so bekennt Jaray, „vor allem der
1785 1704 2984 1785 Kopf eines Menschen — und zwar eines geistigen Menschen.
1789 1753 2987 1833 „Geprägte Form, die lebend sich entwickelt, wie es Goethe
1797 1795 2987 1869 ausgedrückt hat. So habe ich die Köpfe Max Liebermanns und
1797 1850 2987 1914 des Hofrates Glossy gestaltet, die ja schon älteren Datums sind.
1795 1896 2990 1967 Inzwischen ist eine Büste unseres unvergeßlichen Bundeskanzlers
1803 1938 2994 2016 Dr. Seipel entstanden. Sein mächtiges Haupt mit den vom
1795 1983 2990 2063 Schicksal gemeißelten Zügen hat mich nicht losgelassen. Ich
1800 2031 2997 2149 mußte eine plastische Form dafür finden. Sehen Sie selbst, ob
1795 2100 2209 2164 es mir gelungen ist."
1902 2108 2999 2212 Dabei rückt der Künstler das Werk zurecht, das auf einem
1800 2180 3008 2252 Postament steht. Und wirklich: dieser Kopf lebt! Mit tiefster
1803 2230 2999 2308 Einfühlung sind die Züge modelliert. Man spürt die Ruhe des
1803 2291 2714 2351 überlegenen Geistes hinter der hohen Stirn...
1908 2324 3005 2404 Den Mittelpunkt des Ateliers nimmt jedoch ein
1800 2372 3007 2445 monumentales Bildwerk ein, das überlebensgroße Modell eines
1800 2425 2994 2509 Liszt=Denkmals für Eisenstadt. Der Meister ist auf einer Stein¬
1809 2485 3007 2548 bank ruhend dargestellt, ein Notenblatt in der feingliedrigen
1806 2518 3008 2602 Rechten. Wiederum ist der Kopf unbedingt der Sammelpunkt
1806 2569 3003 2644 allen Interesses. Mit tiefen Schatten unter den stark gewölbten
1815 2619 3014 2689 Brauen und in den Winkeln der kühn vorspringenden Nase,
1806 2685 3011 2742 prägt sich das Gesicht von weitem bereits unverwechselbar ein.
1812 2717 3010 2787 Tritt man näher, so hat man Gelegenheit, den Reichtum der
1815 2762 3003 2840 Einzelformen zu bewundern. Alle wichtigen Details sind da,
1806 2837 2861 2886 und doch ordnen sie sich dem Ganzen zwanglos unter.
1911 2855 3019 2946 „Ich habe“, so erläutert Jaray sein Werk, „nicht den alten
1809 2910 2976 2981 mehr oder weniger verfallenen Liszt dargestellt, wie man ihn
1821 2957 3017 3034 sehr mit Unrecht — sich vorzustellen gewohnt ist, sondern den
1809 3008 3016 3082 Liszts auf der Höhe seines Daseins, etwa Fünfzigjährig. Die
1818 3053 3013 3128 Idee zu dem Denkmal schwebt mir seit langem vor. Ich hatte
1815 3097 3019 3172 ein kleines Modell gemacht, das in meinem Atelier stand, als
1812 3163 3016 3217 eines Tages ein bekannter Kunstsammler aus Eisenstadt mich be¬
1821 3209 3017 3271 suchte und es bei mir sah. Es gefiel ihm, und er entwickelte die
1815 3244 3017 3319 Idee, das Denkmal für Eisenstadt ausführen zu lassen. Liszt war
1815 3293 3017 3372 ja ein gebürtiger Burgenländer. Die Anregung des hervor¬
1821 3334 3022 3409 ragenden Kunstfreundes fand in Eisenstadt Beifall. Es wurde
1821 3382 3016 3466 sogar eine bescheidene Summe aufgebracht, die den Grundstock für
1815 3429 3020 3504 einen Denkmalfonds bilden sollte. Ich habe nun auf Wunsch der
1830 3483 3011 3559 Herren aus Eisenstadt das Denkmal in der Größe, in der es auf¬
1824 3531 3020 3601 gestellt werden soll, in Ton modelliert, und es hätte so, wie es hier
1827 3579 3017 3653 steht, den Beifall der Kommission gefunden, die es kürzlich be¬
1821 3620 3019 3699 gutachtet hat. Nun fehlt es nur noch an den restlichen Mitteln zur
1824 3689 2063 3749 Ausführung!
1931 3696 3023 3800 Hoffen wir mit dem hochverdienten Künstler, daß auch die
1818 3758 3016 3833 letzten Schwierigkeiten noch behoben werden! Eisenstadt würde
1821 3806 3013 3888 mit dem Werk ein würdiges Monument des Tondichters ge¬
1805 3878 1991 3961 nen.
1947 3903 3025 3983 Neben dem Liszt=Denkmal entsteht derzeit noch ein be¬
1842 3949 3031 4031 sonders interessantes Werk die Porträthüste des Generals
1842 3995 3038 4076 Vaugoin, Schon ist der Kopf der Vollendung nahe. Die
1842 4039 3035 4124 Modellierung ist diesmal straff und geschlossen; der militärische
1848 4088 3037 4166 Charakter des Modells kommt eindrucksvoll zur Geltung. Die
1851 4132 3034 4213 Aehnlichkeit ist überzeugend und gleichzeitig ist mit schönstem
1854 4181 3037 4267 Erfolg das Ueberpersönliche der Erscheinung, das politische
1848 4246 2398 4312 Führertum, herausgearbeitet.
