3296 4352
195 206 349 312 13.
1249 202 1689 312 box 447
397 202 1080 312 Miscellaneous
125 768 250 830 niertes
136 815 286 881 schnitte
220 1032 312 1131 in
705 1502 3122 1598 alten Krachern von Hofschauspielern, die sich gern vor mann und Bernhard Baumeister. Was er lernte und
1924 1568 3114 1623 dankbar abhorchte, war die größte aller Künste
709 1568 1899 1656 dem Souffleurkasten aufpflanzten, in neunzehnjähriger
129 1520 386 1700 con
771 1612 3118 1686 rische und pausbäckiger Unverbrauchtheit zu er= Natürlichkeit. Die Natürlichkeit, von der der Zuschauer
1924 1667 3114 1726 glaubt, sie spiele sich von selbst, sie bestehe nicht aus
720 1667 1895 1741 scheinen, ein köstliches Gefühl. Thimig wurde aber der
1924 1711 3118 1766 vier Vierteln Angeborenheit und einem Viertel
125 1689 364 1803 himig.
712 1715 1888 1789 verklärte Kasperle des Burgtheaters und sehr rasch
1921 1755 3114 1822 Technik, denn der Schauspieler, ein überdimensioniertes
712 1766 1899 1844 eine Unersetzlichkeit, weil es Handschuhmachersöhne
143 1766 415 1888 Geburtstag.
1921 1822 3118 1869 Geschöpf, besteht selbst aus fünf Vierteln. Als ganz
716 1818 1899 1902 gibt, die geborne Schauspieler, und Schauspielersöhne,
1917 1858 3114 1928 junger Künstler sollte Thimig einmal in Laubes
709 1884 1370 1965 die geborne Schuster sind....
129 1855 253 1946 re.
1924 1913 3125 1968 „Schauspielerei" einen Theatereleven namens Lango¬
1135 1924 1469 2027 Endymion.
121 1932 687 2005 mal in ein Marionetten¬
1924 1957 3114 2035 bardus spielen und in dieser Rolle einen mächtigen,
147 2005 694 2068 der kleine Hugo während
1924 2005 3118 2068 langen Bart tragen. Er erscheint auf der Probe glatt
804 1987 1895 2075 Obwohl ein „Neuer“ unter der alten Garde mit
191 2049 687 2119 und begann mit dem
1917 2060 3118 2115 rasiert, deklamiert den Hamlet, und schon will der ent¬
716 2057 1891 2123 Eiskellerkälte behandelt zu werden pflegte, denn Ein
121 2093 687 2163 der oben merkte bald, daß
2839 2108 3129 2174 wo ist der
712 2104 2729 2170 tritt ins Burgtheater war mehr als Eintritt in einen täuschte Dichter Laube grob werden
125 2148 683 2222 entwickelte sich ein Steg¬
712 2156 1902 2226 Orden, setzt sich Hugo Thimig doch rasch in Beliebtheit.
1921 2137 3114 2218 Bart? —, er läßt sich aber von Thimig belehren, daß
154 2196 690 2266 unten, bis die beiden
804 2207 1895 2266 Seine Naturburschen, seine Dümmlinge, die es
1924 2207 3114 2273 jeder angehende Schauspieler das winzigste Barthaar
129 2244 694 2306 pfhaut wurden und nicht
712 2248 3114 2317 faustdick hinter den Ohren hatten, seine pfiffigen ausrupfe, daß kein Eleve mit dichter Matratze als
129 2295 683 2365 legenheit. Das war die
1921 2306 3111 2365 „Langobarde“ — dies sollte der Witz sein — erscheine,
712 2310 1906 2383 Tröpfe, seine shakespearischen Hirten, Diener, Schäfer,
132 2350 650 2417 elers Hugo Thimig.
720 2350 3114 2420 seine bürgerlichen Schüchterlinge erweckten Heiterkeit und Laube, der autoritäre Laube gibt nach. Ein
132 2391 679 2453 dschuhmacher zum Vater
705 2398 1895 2461 oder Mitgefühl, und alles kam aus dem Innern eine
1917 2405 2787 2475 Meister kann auch vom Gesellen lernen.
132 2446 683 2505 röße war und seinem
705 2446 1895 2508 Menschen von junger Froheit, verläßlicher Freude¬
2009 2450 3114 2530 Ueberhaupt mußte Thimig, um eine Rolle spielen
121 2486 676 2560 eine Seitenverwandte de¬
709 2505 1891 2567 kraft und fleckenreiner Seele, kurz aus einer Endymion
1921 2523 3114 2585 zu können, die Figur zuerst sehen. Vor sich sehen mit
125 2534 672 2607 oretikers Moritz Haupt
701 2549 1895 2607 natur. Das entschied. Dem jungen Künstler hatte Zeus
1917 2578 3114 2633 dem inneren Auge, ganz wie der Dramatiker, der un¬
118 2596 679 2648 August Thimig eines Tages
701 2596 1895 2655 die Gabe ewigen Jungseins verliehen. Nur war
1913 2618 3122 2677 geschaute Gestalten nicht gestalten kann. Thimig sucht
125 2644 672 2696 go weder zum Material
701 2644 1895 2703 Thimig kein Schläfer, sondern ein Erweckter, ein
1917 2670 3114 2729 die Gebärde der Figur zu sehen, weil er aus der
125 2688 672 2762 merzialrat und künftigen
701 2688 1891 2758 Morgengeschöpf und Gramwolkenverscheucher, lebendig
1924 2725 3114 2809 Gebärde dann die stimmliche Färbung errät. Wenn er
136 2736 683 2806 sondern unter „Theater¬
701 2740 1895 2802 munter, queck. Er bleibt am Burgtheater, er bleibt nicht
1921 2769 2747 2828 in „Rosenkranz und Guldenstern
2769 2773 3114 2835 als Justus
154 2787 676 2846 ahnungslos und voll¬
712 2787 1902 2850 weniger als neunundvierzig Jahre, vom neunzehnten
1924 2820 3114 2879 Schmählich erschien und sich vorstellte: „Mein Name
125 2839 1895 2890 da ließ sich nicht machen, bis zum achtundfünfzigsten Lebensjahr, er wird dessen
1924 2868 3114 2931 ist Schmählich," so stand nicht nur ein komischer,
129 2887 676 2942 id Dessoir; und Ferdinand
701 2887 1899 2945 Regisseur, er wird dessen Direktor, und er durchläuft
709 2916 3114 2997 alle Chargengrade, die diese Kulturstätte zu vergeben vielmehr ein unvergeßbarer Mensch da, denn mit der
140 2934 679 2997 Sohn, erklärt nach zwölf
1917 2967 3111 3048 unnachahmlichen Kadenz „Schmählich war er voll¬
129 2975 679 3033 gt, was du nicht machen
709 2989 1888 3041 hatte, vom Novizen bis zum Leiter; um dann al¬
1921 3015 3118 3074 kommen instrumentiert. Auch als Regisseur hielt
129 3033 1899 3114 wird dir der liebe Gott deutscher Mann, echt goethisch, noch einmal von vorn
1913 3059 3114 3122 Thimig auf die Geschautheit der Figur. Er tadelte
712 3078 1895 3144 zu beginnen: als Meister Lehrling zu werden, bei Rein¬
709 3114 3111 3191 hardt in Freiheit, bei Reinhardt mit seiner Familie zu sogar den großen Adolf Sonnenthal, der sich so leicht
140 3103 687 3199 er ihm ein paar Ritter¬
716 3162 3107 3239 spielen und heute mit achtzig Jahren auf dem Rücken nicht tadeln ließ, den Adolf spielte den Fuhrmann
154 3177 683 3243 und eine Pleureuse und
709 3213 3111 3327 derselbe zu sein, der er vor sechzig war. Ein wunder¬ Henschel auf der Probe als Salonfuhrwerker: er
129 3239 683 3305 as ist Direktor Schimang,
1906 3261 3114 3324 nahm das Branntweinglas mit weggespreiztem kleinen
705 3283 1216 3360 bares Los: Endymion.
147 3280 676 3342 Sachsen war, soweit es
1924 3313 2879 3368 Finger, hoftheatermäßig an die Lippen.
132 3338 687 3390 menz und Freiberg liegt.
1036 3331 1572 3441 Gesehene Rollen.
1913 3327 3114 3434 schlesische Fuhrmann war gespielt, nicht geschaut, dem
121 3379 690 3459 g nach Breslau, und von
1917 3408 2820 3485 Realismus fehlte die realistische Gebärde.
801 3393 1888 3485 Aber auch für einen gebornen Meister ist de¬
132 3426 690 3511 ien, von Schimang also
2002 3459 3107 3529 Thimigs eigene Figuren, sein Badekommissär
712 3452 1891 3533 Lernens kein Ende, und so lernte Hugo Thimig von
140 3482 679 3559 Lobe ans Burgtheater
151 3529 3096 3614 gewesen sein, unter den seinen großen Kollegen, namentlich von Helene Hart= Sittig, sein Bibliothekar Robert, der Reinhart Feld¬
