3344 4320
210 214 1068 327 13. Miscellaneous
1260 221 1666 321 box 447
1156 455 1819 572 MIA
1435 676 1782 793 1934
1855 853 2590 937 culturale (mentre il naturalismo e-
1865 919 2582 972 ra di derivazione prevalentemente
1130 866 1724 1028 tato tedes
1855 972 2571 1023 francese trovò la sua più impor¬
1866 997 2571 1061 tante espressione nell'Hofmann¬
1178 1048 2575 1105 Alberto Spani, giunto alla finesthale i suoi poetae minores in
1872 1090 2571 1151 Vollmeller, Przybszewski, Dan
1121 1070 1843 1160 della sua diligente ed acuta disam¬
1130 1134 2575 1191 na delle vicende del teatro tedes tendey, Ernst Hardt, Weigand,
1866 1176 2303 1235 Bierbaum, Flaschen.
1130 1185 1837 1240 contemporaneo (Il teatro tedesco
1903 1218 2580 1278 ultimo infine, influenzato dal¬
1123 1235 1843 1291 nella collegione (Teatro del nove¬
1127 1253 2568 1324 cento edita da Treves e diretta da lo Strindberg più che dall'Ibsen,
1123 1308 2570 1368 Silvio d'Amico) conclude scriven affine al movimento delle due rivi¬
1861 1359 2573 1410 ste « Der Sturm » e « Die Aktion »,
1123 1357 1834 1426 do: « Ogni periodo di marrimen
1130 1412 2573 1454 to, ogni crisi possono essere per ille legato al nome di Carlo Sternheim,
1123 1443 2575 1498 teatro tedesco solo passeggere; quan- di Georg Kaiser, di Franz Werfel,
1865 1483 2575 1540 del Bruckner, e dei meno noti Wal-
1127 1496 1834 1545 do un arte giunge alla perfetta fu¬
1127 1530 2577 1596 sione ed unificazione di tutti i suoi den Pfeifer, Kakoschka, Barlach,
1132 1569 2582 1631 elementi, come giunto il teatro in Strami, nonce degli autori a ten¬
1127 1618 2577 1680 Germania, non può avere una vita tenze politiche accentuate quali
1865 1655 2571 1713 Hasenclever, Sorge, loscht, Toller,
1127 1673 1841 1720 misurata al breve successo popolare
1130 1702 2571 1779 di un poeta o di un opera. Quel Bronnen, Brecht, Goering, von
1868 1739 2007 1797 Unruh.
1121 1761 1837 1808 che a noi sembrano momenti di de¬
1903 1771 2579 1839 ra questa triplice corrente si
1123 1801 1834 1850 cadena, non sono in reali altre
1127 1835 2571 1894 che i naturali intervalli fra due ope¬ insinua quella che lo Spaini chiama,
1857 1881 2562 1936 secondo una definizione dell'Eulen
1127 1888 1834 1943 re di particolare eccellenza. Dal tea
1857 1918 2570 1978 berg, « arte senza tempo ». La for¬
1123 1936 1837 1985 tro tedesco samo stati altresi abi¬
1123 1963 2575 2029 tuati a vederlo manorare in ordi mula vorrebbe designare un arte
1865 2013 2571 2060 eterna, non legata a nessuna epoca.
1125 2031 2575 2100 ne chius poeti, attori, pubblico, Naturalmente sera l'autore
1123 2065 1837 2113 critica, e non dimentichiamo i se¬
1914 2087 2571 2153 la formula è errata poiche ogni
1127 2106 1837 2162 midivini architetti tecnici e gli ad¬
1863 2139 2571 2204 arte è divenuta eterna solo quando
1119 2155 2564 2234 dirittura divinizzati registi, si sono ha saputo sprofondarsi nella pro¬
1121 2197 1828 2252 disposti via via al difficile compito
1863 2224 2568 2277 pria poca sino a identificarsi con
1118 2246 1834 2292 non già di creare single opere
1861 2274 2568 2318 essa ed a renderla imperitura; su¬
1121 2283 1834 2338 di darne soddisfacenti interpreta
1857 2310 2562 2374 lando dal proprio tempo, l'arte per¬
1116 2345 2560 2414 zioni ; ma di realizzare sulla sen possibilità di essere vitale
1114 2374 1837 2423 addirittura interi sistemi filosofici¬
1861 2394 2566 2460 E proprio allo sforzo di divenire le
1123 2416 1834 2473 nuove religioni, nuovissime teorie
1857 2436 2571 2502 specchio dell’epoca la letteratur
1121 2464 2566 2544 estetiche che discendevano sino al tedesca e sopratutto il suo teatro
1118 2506 1828 2560 misteri della gnoscologia. Non ri
1855 2528 2568 2586 dovettero la loro vitalità. In questa
1118 2546 1834 2595 diremo tutto quello che naturali¬
1857 2573 2571 2619 « arte senza tempo » lo Spaini di¬
1125 2595 2560 2675 so, simbolism, espressionis corrente no¬
1116 2630 2562 2710 hanno successivamente significata,
1118 2681 1832 2736 per la Germania. Notaremo sola¬
1932 2701 2228 2759 neo-naturalisti
2276 2703 2570 2767 (Stavenhagen
1119 2736 2559 2807 mente che dopo tre periodi cos Schoenherre i neo-romantici (Eu¬
1125 2772 2559 2864 perfettamente organati torno ad lenberg, von Scholtz, Schmid
1121 2807 1834 2853 siste filosofort
1854 2831 2000 2884 tonn).
1121 2854 1826 2896 nazionale, ritrovare poeti isolati
1894 2856 2562 2933 Un capitolo speciale l'autore con¬
1116 2891 2562 2980 compagnie perdue, che cercano era ad Arthur Schnitzler
1118 2937 1823 2999 una qualsiasi opera d’arte, e la rap¬
1861 2955 2559 3013 Frank Weekin. L'opera di quest
1116 2986 2559 3063 presentano senza preoccuparsi di que scrittori che esercitarono su¬
1116 3021 1832 3070 ciò che essa significa entro la cor¬
1857 3041 2560 3097 teatro de una indubbia in¬
1118 3070 1828 3119 nice spirituale e storica dell'inter¬
1855 3077 2553 3139 fluenza è tuttavia, a parer nostro
1112 3114 1826 3159 nazione, a un impressione di no
1852 3128 2559 3192 eccessivamente valutata dallo Spa¬
1118 3147 1828 3201 vità. Molto probabilmente a una no¬
1846 3176 2559 3236 ni che scrive : « Schnitzler al entre
1116 3201 2559 3284 vita benefica; ma essa ci trasporta desco ha dato quello che molti a¬
1112 3240 1823 3287 fuori del regno delle bene ordina¬
1855 3265 2559 3318 vevano invano tentato di conqui¬
1112 3285 1819 3340 categorie, del metodo e della disci
1846 3311 2559 3358 stare: uno stile. Il suo teatro non
1121 3326 2564 3411 plina, nel quale ci siamo mossi fi¬ simbolista, non à naturalista, non
1109 3371 2560 3437 nora, e ci abbandona alle prese con risente l’influenza di nessuna suo¬
1107 3410 1819 3470 alcune individualità. Dalla religio
1846 3433 2562 3490 la: & schnitzleriano... Osare di
1114 3459 2553 3543 ne si bocca nuovamente nell'art, non mentire, osare di dire la verità,
1109 3495 1828 3550 Probabilmente per la poesia sarà un
1852 3519 2564 3579 stato lo spaventoso coraggio di
1105 3537 1700 3603 bene. Lo sapremo domani .
1846 3565 2555 3625 Weekin, che ha realizzato nell¬
1151 3585 2548 3663 Potremo errare, ma a noi sembra l’arte, con venti anni di precedenza
1105 3621 2551 3720 che in queste sue conclusioni lo il disperato coraggio delle confes¬
1107 3685 2559 3749 Spaini si abbandoni ad un eccessisioni pico-analitiche... Per trenta
1112 3727 2555 3810 vo ottimismo che le stesse constata-anni Weekin si à torturato a cer¬
1107 3771 2544 3842 zioni del suo accurato studio non care qual el secreto dell'amore,
1116 3815 1813 3875 parrebbero consentire. Infatti quel
1848 3826 2559 3881 con vera enorme meraviglia finisce
1107 3855 2551 3930 la più recente tendenza del teatro collo scopire che era semplicemen¬
1105 3897 2557 3970 tedesco, ch'egli definisce della eine un bambino, la forza creatrice
1107 3941 2559 4016 dividualità liberata, e che ha tro della maternità. Ad onta di tutto,
1109 3992 2551 4049 vato i suoi più espressivi rappredunque, l'opera di Weekin por¬
1099 4041 2544 4091 sentanti in Carl Zuckmayer, in tava ad una affermazione morale.
1109 4067 2553 4131 Kurt Goetz, nel Billinger, nel Per questo egli pote avere una ef¬
1103 4107 2566 4184 l'Horwath, nel Neumeyer, se ha fettiva influenza sulle generazioni,
1109 4157 1823 4202 un valore sintomatico perché indi¬
