3344 4352
1219 220 1652 341 box 447
174 220 1045 348 13. Miscellaneous
2306 1542 2950 1677 er nur an die
2303 1670 2957 1734 gäßchen. Aufführung des Festspieles,
2303 1716 2957 1777 zu dem J. Graven den Text und der
2310 1763 2953 1830 Komponist der Chansons valai-
2310 1812 2957 1866 sannes, Hanni, die Musik geschrie¬
2303 1859 2463 1926 ben hat.
2022 1947 2964 2001 Ein anderer Bäcker heißt sogar Dichtl, was fast
107 1923 1994 2029 ein paar steingebaute Wohnstätten dicht um den gen beiderseits an der Längswand des Kirchen
1070 1994 2957 2051 schiffes sehen sich ausgezeichnet. Vor jedem von wie eine Anspielung klingt; denn es ist ein hoch¬
103 2015 1041 2072 stämmigen Kirchturm zusammen, der sie be¬
1070 2043 2960 2104 ihnen brennt eine überlange Wachskerze, wogegen literarisches Ufer, das unsrige. Wir haben einen
100 2051 1038 2097 schützend überragt wie der wachsame Hirte die
2029 2079 2960 2122 Hofmannsthal-Weg, einen Emil Ertl Weg, eine
110 2075 2001 2143 Herde. Dort ist das eigentliche Dorf, und dort ist die vorm Altar erst etwas später von rotbäckigen
2029 2111 2957 2157 Wassermann-Villa, die jetzt leider verwitwet ist.
110 2114 2001 2178 es auch schon seit dem 15. Jahrhundert. Die Ministranten mit weißen Spitzenkragen sachkundig
2029 2150 2960 2200 Arthur Schnitzler kam oft hierher, Beer-Hofmann
1070 2157 2001 2203 entzündet werden. Einstweilen spricht noch der
107 2171 1048 2221 Kirche in ihrer jetzigen Form ist kaum viel
1080 2189 2960 2242 junge Pfarrer oben auf der seitlich angebrachten kommt noch und hält, der letzte große Dichter
107 2196 1048 2264 jünger. Die Uhr muß uralt sein, denn ihre Zeiger
2022 2221 2960 2274 des einstmals Jungen Wien, eine große Tradition
1066 2232 1979 2285 Kanzel. Er spricht von der „Gottesverheerung
107 2239 1045 2292 sind verkehrt dimensioniert, der Stundenzeiger ist
2026 2271 2964 2310 aufrecht, die weit zurückreicht. Hierher korrespon¬
1077 2271 1997 2317 womit er die Gottesverehrung meint, und verlaut¬
107 2278 1048 2335 lang, der Minutenzeiger kurz, was das Entziffern
2022 2303 2953 2349 dierten im Herbst 1870 Kürnberger und der
1073 2306 1994 2353 bart auch die Begünstigungen, die die Bundes
107 2321 1038 2367 der Zeit für den nicht Eingeweihten zu einer köst
2029 2338 2957 2388 Hebbel-Biograph Emil Kuh, und worüber korre¬
110 2335 2001 2406 lichen Schwierigkeit macht. Aber der Schaden, bahnen anläßlich des Katholikentages gewähren.
107 2374 2957 2441 der daraus entstehen könnte, ist gering, da die Unter der Woche kann man dem braven Gottes- spondierten sie? Kein Wort vom Deutsch=Franzö¬
2029 2420 2957 2463 sischen Krieg, nur dem Grünen Heinrich von Gott¬
1077 2420 2001 2466 mann auch beim Heuen zusehen. Im schwarzen
107 2424 1048 2481 hoch angebrachte Uhr meist nicht geht. Hingegen
2029 2456 2957 2502 fried Keller galt die gewählte Unterhaltung. Da¬
1073 2459 2001 2509 Predigerrock, dessen Schöße im Sommerwind weit
100 2470 1045 2527 klingen die Glocken sehr melodisch, in verschie¬
1073 2495 2957 2541 auseinanderflattern, schwingt er die Heugabel und mals und auch später noch war der See ein
103 2505 1045 2562 denen Tonstufen; sie sind die Stimme des Dorfes
1077 2527 2960 2580 türmt das mühsam getrocknete Gras in mächtigen schwarzes Tintenfaß, und die am Rande sitzenden
114 2548 1045 2594 mit der es in Freud und Leid seine Bewohner
2033 2569 2957 2616 Dichter tauchten ihre Federn darein. Einer von
1077 2569 2001 2619 Schwängen um den in den Wiesengrund geramm¬
107 2576 1048 2633 anredet. Vor ein paar Jahren wurde für eine neue
2029 2605 2967 2658 ihnen war vor Zeiten Rudolf Alexander Schroeder,
107 2608 2001 2672 Glocke unter den Sommergästen gesammelt. Eine ten Pfahl, wo es die ihm behilfliche Magd mit ein
2029 2651 2960 2694 der eine hübsche hexametrische Ode auf unseren
114 2644 2001 2704 aufgeklärte alte Dame fügte ihrer Spende den paar liebevollen Umarmungen zu einem wolken¬
2029 2687 2960 2733 Ort geschrieben hat. Ich habe nur einen einzigen
121 2683 2001 2747 Wunsch bei, man möge lieber die Uhr, die nie artigen Gebilde zusammendrückt. Später legt er
2033 2722 2960 2772 Vers behalten: „Und am Abend das Licht, grüßend
1073 2722 2001 2768 warm geworden, den Rock ab und arbeitet in der
110 2729 1048 2790 ginge, wieder instandsetzen. Man kehrte sich nicht
1077 2761 2004 2804 Weste und Hemdärmeln rüstig weiter. Ich gehe,
2029 2765 2967 2807 vom Freunde zum Freund.“ Das gibt ein reizendes
114 2779 810 2825 daran und kaufte eine neue Glocke,
1077 2800 2960 2850 aus meinem Haus tretend, an ihm vorüber, und da Bild von den hügelauf und hügelab verstreuten
167 2786 1052 2875 Sonntags ruft sie mit geläuterter Stimme die
1080 2832 2004 2879 er freundlich aufblickt, spinnt sich ein kleines
2036 2839 2957 2882 Sommerhäusern, von denen ein jedes seinen Weg
117 2825 1048 2896 Gläubigen von allen Seiten, weit über See und
1077 2871 2001 2925 Gespräch an. „Herr Pfarrer geben Ihrer Gemeinde
2033 2875 2960 2925 hat, seine Aussicht, sein Licht und sein Geheimnis.
117 2882 1048 2939 Anger, zum Gebet. Sie sammeln sich langsam
114 2907 2960 2978 gleichsam nur tropfenweise, und während der Pre- ein gutes Beispiel.“ Worauf er, fast erschrocken Eine weise Unübersichtlichkeit macht es dem
1077 2946 2004 2999 und indem er jede erzieherische Absicht ablehnt,
2033 2950 2957 2999 Nichteingeweihten nahezu unmöglich, ein Land¬
110 2960 1048 3014 digt, die zu versäumen unter den Frommen für
1091 2989 2001 3031 plötzlich Hochdeutsch sprechend, mit christlichen
2033 2992 2960 3042 haus zwischen Hang und Bach, zwischen Wald
110 2999 1048 3046 fein gilt, füllt sich das Gestühl mit einer gemisch¬
1077 3024 2960 3074 Bescheidenheit erwidert: „Die Arbeit macht mir und See und Bühl und Acker aufzuspüren. Es ist
114 3042 1055 3088 ten Gesellschaft. Kopftuchweiber sitzen aufrecht,
1084 3070 1297 3124 Vergnügen.
2029 3070 2957 3113 eine Tätigkeit, nur der des Östereiersuchens ver¬
117 3081 1048 3127 die schwieligen Hände gefaltet, in den schmalen
1137 3081 2957 3159 Etwas freundlich Vertracktes wie die verstellte gleichbar und fast ebenso lustig. Um das Ei un¬
117 3117 1048 3159 unwirtlichen Bänken: Sommergäste schieben sich
1084 3142 2957 3198 Kirchenuhr haben auch die Namen der Orts- auffindbar zu machen, hat die Ortsverwaltung
117 3152 1055 3198 unsicher ein, vorn nimmt der ortsansässige Ade
2029 3184 2967 3234 Unterbezirke geschaffen, die ganz anders heißen
121 3184 2004 3241 fast vollzählig Platz. Vor Gott sind alle gleich, ansässigen. Jeder heißt ungefähr so, wie sein
2029 3227 2960 3273 als unser Hauptort. Niemand wohnt dort, wo er
121 3223 2004 3277 aber ein Unterschied muß sein, und darum ist das Nachbar heißen müßte. Wir haben einen Bäcker
2036 3255 2960 3301 wohnt, sondern dort, wo er nicht wohnt; der eine
117 3273 2008 3319 Betpult der Adelsbank oben rot gepolstert. Ihr Bretterebner, was kein übler Name für einen
2036 3294 2964 3341 in „Puchen“, der andere in „Reithern“, ein dritter
1087 3301 2008 3348 Tischler wäre, einen Schuster Krug, wie der Wirt
124 3301 1066 3348 gegenüber, dicht beim Altar, grüßen ein paar Erb¬
2029 3333 2960 3383 in Fischerndorf, Jeder dieser sechs Vororte hat
121 3341 2001 3390 begräbnisse die noch lebenden Angehörigen der sich nennen dürfte, und einen Wirt Denkscherz
117 3376 2957 3440 selben Familien. Auch die holzgeschnitzten Heili¬ wie ein hier weilender Schriftsteller heißen könnte, zudem seine eigene Numerierung, die überall mit
