3392 4352
1331 210 1759 329 box 447
285 216 1156 337 13. Miscellaneous
985 1032 1129 1148 AT
631 1131 1419 1253 „OBSERVER
711 1214 1375 1286 I. österr. behördl. konzessioniertes
689 1281 1408 1358 Unternehmen für Zeitungs-Ausschnitte
752 1333 1331 1402 WIEN, I., WOLLEILE 11
824 1391 1272 1452 TELEPHON R-23-0-43
622 1516 982 1613 Ausschnitt aus:
918 1632 1051 1746 Son¬
625 1729 766 1826 vom
719 1864 2642 2006 Wiener Arzt stellt im Pariser „Salon aus
711 2033 2744 2160 Augenblicklich sind im „Salon“ in Paris, jener Ausstellung, in der die führenden Maler der ganzen
595 2122 2755 2202 Welt ihre Bilder zeigen, die Werke eines Wieners zu sehen, die nicht nur künstlerisch interessant, sondern
598 2185 1726 2257 vor allem auch wegen der Persönlichkeit ihres Malers.
711 2199 2747 2304 Diese Bilder stammen nämlich von einem Dozenten der Wiener medizinischen Schule, der voll und ganz
609 2263 2412 2371 seine Praxis und Lehrtätigkeit ausübt und der im Nebenberuf ein bedeutender Maler ist.
1035 2329 2307 2454 Oesterreichs Professoren - im Privatleben Künstler
620 2396 2846 2512 Der breiten Wiener Oeffentlichkeit ist es wohl zum Aerzte, beide haben ihren Beruf aufgegeben, um ihrer
512 2490 2094 2567 großen Teil unbekannt, daß gerade unter Wiens promi¬ Berufung zu folgen.
1781 2503 2846 2600 Dozent Dr. Schenk gehört zur ersten Gruppe: zu
517 2537 1671 2611 nentesten Aerzten Künstler sind, deren Schaffen weit über
1685 2575 2838 2661 jenen Wissenschaftlern, die ihrer Wissenschaft gehören und
520 2600 1068 2669 Dilettantismus hinausragt.
1693 2636 2846 2728 in ihren Feierstunden ganz Großes auf ganz anderem Ge¬
628 2614 1665 2714 Professor Jagic, der Vorstand der internen medi¬
515 2683 1931 2783 zinischen Klinik, ist ein hervorragender Musiker, vor allem biete leisten,
526 2725 1665 2802 Geiger und Dirigent, Professor Burghardt Breitner
1826 2733 2799 2827 Heute hängen seine Bilder im „Salon" in Paris.
520 2786 1676 2858 der Innsbrucker Chirurg, der jahrelang in Sibirien gelebt
1732 2802 2805 2888 Der Jury wurden zirka vierzigtausend Arbeiten ein¬
515 2827 1674 2907 und segensreich gewirkt hat, veröffentlichte ein Buch, das
1732 2844 2802 2929 gereicht: nur 2800 wurden angenommen. Unter diesen
520 2874 1674 2957 viel Beachtung gefunden hat. Daneben gibt es aber noch
1729 2899 2794 2976 befinden sich die Gemälde des Wiener Dozenten Dr. Fritz
520 2924 1679 2993 viele ausgezeichnete Wiener Aerzte, die sich auf den ver¬
1740 2946 2802 3021 Schenk. Die Bilder Dr. Schenks sind Landschaften in
534 2982 1674 3051 schiedensten künstlerischen Gebieten hervorragend betätigen.
1732 3001 2811 3093 Oel, die der Dozent auf seinen Hollandreisen ge¬
531 3018 1682 3101 In diesem Zusammenhang muß man auch an Artur
1737 3059 1942 3129 malt hat.
526 3068 1693 3167 Schnitzler und Karl Schönherr denken; beide waren
