<?xml version="1.0" encoding="UTF-8" standalone="yes"?>
<PcGts xmlns="http://schema.primaresearch.org/PAGE/gts/pagecontent/2013-07-15" xmlns:xsi="http://www.w3.org/2001/XMLSchema-instance" xsi:schemaLocation="http://schema.primaresearch.org/PAGE/gts/pagecontent/2013-07-15 http://schema.primaresearch.org/PAGE/gts/pagecontent/2013-07-15/pagecontent.xsd">
    <Metadata>
        <Creator>prov=READ-COOP:name=PyLaia@TranskribusPlatform:version=2.12.1:model_id=39995:lm=provided:date=28_03_2024_23:54</Creator>
        <Created>2019-10-07T20:38:07.838+02:00</Created>
        <LastChange>2024-03-28T23:54:49.655+01:00</LastChange>
        <TranskribusMetadata docId="224462" pageId="9579165" pageNr="24" tsid="156426032" status="IN_PROGRESS" userId="40391" imgUrl="https://files.transkribus.eu/Get?id=LFTDUTANNKCAXBJZUEEOUIBG&amp;fileType=view" xmlUrl="https://files.transkribus.eu/Get?id=HUISNHXYREGMOQSHKFTVELIS" imageId="6208314"/>
    </Metadata>
    <Page imageFilename="224462_0024.jpeg" imageWidth="3344" imageHeight="4352">
        <ReadingOrder>
            <OrderedGroup id="ro_1712662291957" caption="Regions reading order">
                <RegionRefIndexed index="0" regionRef="tr_1"/>
                <RegionRefIndexed index="1" regionRef="tr_2"/>
                <RegionRefIndexed index="2" regionRef="tr_3"/>
                <RegionRefIndexed index="3" regionRef="tr_4"/>
            </OrderedGroup>
        </ReadingOrder>
        <TextRegion orientation="0.0" id="tr_1" custom="readingOrder {index:0;}">
            <Coords points="265,180 265,336 399,336 399,180"/>
            <TextLine id="tr_1_tl_1" custom="readingOrder {index:0;}">
                <Coords points="259,287 292,294 300,288 324,287 340,300 364,290 376,298 396,298 395,245 368,243 346,230 318,238 290,228 257,225"/>
                <Baseline points="265,280 291,282 318,283 345,283 372,284 399,286"/>
                <TextEquiv>
                    <Unicode>13.</Unicode>
                </TextEquiv>
            </TextLine>
            <TextEquiv>
                <Unicode></Unicode>
            </TextEquiv>
        </TextRegion>
        <TextRegion orientation="0.0" id="tr_2" custom="readingOrder {index:1;}">
            <Coords points="468,180 468,333 1128,333 1128,180"/>
            <TextLine id="tr_2_tl_1" custom="readingOrder {index:0;}">
                <Coords points="462,309 1126,305 1126,244 1094,234 462,228"/>
                <Baseline points="468,280 501,282 534,283 567,282 600,280 633,280 666,280 699,280 732,280 765,282 798,282 831,280 864,283 897,281 930,280 963,280 996,282 1029,281 1062,281 1095,283 1128,283"/>
                <TextEquiv>
                    <Unicode>Miscellaneous</Unicode>
                </TextEquiv>
            </TextLine>
            <TextEquiv>
                <Unicode></Unicode>
            </TextEquiv>
        </TextRegion>
        <TextRegion orientation="0.0" id="tr_3" custom="readingOrder {index:2;}">
            <Coords points="1319,177 1319,333 1731,333 1731,177"/>
            <TextLine id="tr_3_tl_1" custom="readingOrder {index:0;}">
                <Coords points="1313,299 1432,310 1481,283 1528,306 1729,308 1719,224 1567,215 1491,261 1437,227 1313,234"/>
                <Baseline points="1319,277 1344,279 1370,280 1396,282 1422,283 1447,283 1473,283 1499,283 1525,281 1550,280 1576,280 1602,281 1628,283 1653,283 1679,283 1705,281 1731,277"/>
                <TextEquiv>
                    <Unicode>box 447</Unicode>
                </TextEquiv>
            </TextLine>
            <TextEquiv>
                <Unicode></Unicode>
            </TextEquiv>
        </TextRegion>
        <TextRegion orientation="0.0" id="tr_4" custom="readingOrder {index:3;}">
            <Coords points="2173,397 2173,4126 3158,4126 3158,397"/>
            <TextLine id="tr_4_tl_1" custom="readingOrder {index:0;}">
                <Coords points="2165,481 2943,439 2946,370 2724,346 2639,380 2429,376 2168,421"/>
                <Baseline points="2173,462 2211,458 2250,456 2288,456 2327,455 2366,453 2404,453 2443,448 2482,447 2520,446 2559,443 2598,440 2636,438 2675,435 2714,433 2752,430 2791,429 2830,428 2868,426 2907,425 2946,417"/>
                <TextEquiv>
                    <Unicode>OBSERVER</Unicode>
                </TextEquiv>
            </TextLine>
            <TextLine id="tr_4_tl_2" custom="readingOrder {index:1;}">
                <Coords points="2241,520 2858,501 2904,486 2906,456 2508,455 2284,497 2242,484"/>
                <Baseline points="2247,513 2280,513 2313,511 2346,509 2379,507 2412,507 2445,503 2478,500 2511,498 2544,498 2577,496 2610,494 2643,492 2676,489 2709,487 2742,485 2775,483 2808,483 2841,481 2874,480 2907,480"/>
                <TextEquiv>
                    <Unicode>I. österr. behördl. konzessioniertes</Unicode>
                </TextEquiv>
            </TextLine>
            <TextLine id="tr_4_tl_3" custom="readingOrder {index:2;}">
                <Coords points="2216,578 2930,545 2933,506 2218,531"/>
                <Baseline points="2223,564 2258,564 2294,562 2329,561 2365,560 2400,558 2436,555 2471,553 2507,551 2542,548 2578,546 2614,543 2649,541 2685,539 2720,537 2756,537 2791,535 2827,532 2862,530 2898,527 2934,522"/>
                <TextEquiv>
                    <Unicode>Unternehmen für Zeitungs-Ausschnitte</Unicode>
                </TextEquiv>
            </TextLine>
            <TextLine id="tr_4_tl_4" custom="readingOrder {index:3;}">
                <Coords points="2288,642 2804,600 2873,612 2876,567 2653,549 2445,584 2291,576"/>
                <Baseline points="2295,626 2324,624 2353,622 2382,620 2411,618 2440,617 2469,617 2498,614 2527,611 2556,611 2586,610 2615,608 2644,606 2673,604 2702,602 2731,600 2760,599 2789,599 2818,597 2847,595 2877,593"/>
                <TextEquiv>
                    <Unicode>WIEN, I., WOLLEILE 11</Unicode>
                </TextEquiv>
            </TextLine>
            <TextLine id="tr_4_tl_5" custom="readingOrder {index:4;}">
                <Coords points="2363,681 2805,665 2808,602 2766,622 2604,616 2365,644"/>
                <Baseline points="2370,677 2395,675 2421,673 2447,671 2473,669 2498,668 2524,666 2550,664 2576,663 2601,662 2627,662 2653,660 2679,659 2704,657 2730,655 2756,654 2782,652 2808,650"/>
                <TextEquiv>
                    <Unicode>TELEPHON R-23-0-43</Unicode>
                </TextEquiv>
            </TextLine>
            <TextLine id="tr_4_tl_6" custom="readingOrder {index:5;}">
                <Coords points="2174,829 2222,837 2302,818 2360,826 2411,811 2519,810 2521,768 2503,766 2423,778 2354,756 2273,784 2213,770 2177,783"/>
                <Baseline points="2181,817 2207,814 2233,814 2259,814 2285,812 2312,811 2338,811 2364,810 2390,808 2417,806 2443,804 2469,803 2495,801 2522,799"/>
                <TextEquiv>
                    <Unicode>Ausschnitt aus:</Unicode>
                </TextEquiv>
            </TextLine>
            <TextLine id="tr_4_tl_7" custom="readingOrder {index:6;}">
                <Coords points="2497,889 3027,873 3040,814 2809,806 2781,788 2643,818 2570,796 2499,815"/>
                <Baseline points="2504,865 2530,865 2557,864 2584,863 2611,862 2638,862 2665,862 2691,861 2718,860 2745,860 2772,862 2799,860 2826,859 2853,859 2879,859 2906,859 2933,859 2960,858 2987,854 3014,853 3041,853"/>
                <TextEquiv>
                    <Unicode>Brünner Tagesbote, Brünn</Unicode>
                </TextEquiv>
            </TextLine>
            <TextLine id="tr_4_tl_8" custom="readingOrder {index:7;}">
                <Coords points="2648,1004 2746,989 2826,1004 2875,990 2903,1004 2932,1001 2935,943 2913,936 2847,927 2778,946 2721,947 2692,935 2652,942"/>
                <Baseline points="2656,979 2681,985 2707,985 2732,982 2758,979 2783,979 2809,979 2834,977 2860,976 2885,976 2911,971 2937,964"/>
                <TextEquiv>
                    <Unicode>Abend</Unicode>
                </TextEquiv>
            </TextLine>
            <TextLine id="tr_4_tl_9" custom="readingOrder {index:8;}">
                <Coords points="2184,1037 2238,1053 2249,1047 2282,1067 2314,1065 2313,993 2300,998 2271,991 2238,1009 2218,998 2199,1007 2184,1004"/>
                <Baseline points="2190,1038 2215,1038 2240,1038 2265,1038 2290,1039 2316,1041"/>
                <TextEquiv>
                    <Unicode>vom</Unicode>
                </TextEquiv>
            </TextLine>
            <TextLine id="tr_4_tl_10" custom="readingOrder {index:9;}">
                <Coords points="2558,1090 2676,1097 2783,1076 2919,1095 2964,1072 2999,1080 2999,1004 2919,1018 2738,1005 2659,1033 2618,1010 2558,1014"/>
                <Baseline points="2564,1068 2589,1070 2615,1071 2641,1073 2667,1074 2692,1074 2718,1073 2744,1071 2770,1073 2795,1074 2821,1074 2847,1074 2873,1074 2898,1074 2924,1074 2950,1074 2976,1073 3002,1071"/>
                <TextEquiv>
                    <Unicode>21</Unicode>
                </TextEquiv>
            </TextLine>
            <TextLine id="tr_4_tl_11" custom="readingOrder {index:10;}">
                <Coords points="2768,1173 2913,1163 3026,1180 3116,1166 3138,1180 3150,1176 3147,1089 3061,1106 2968,1073 2917,1098 2889,1084 2765,1089"/>
                <Baseline points="2772,1134 2797,1137 2822,1140 2848,1142 2873,1143 2898,1143 2924,1143 2949,1143 2974,1144 3000,1146 3025,1146 3050,1146 3076,1146 3101,1149 3126,1154 3152,1155"/>
                <TextEquiv>
                    <Unicode>ottaa</Unicode>
                </TextEquiv>
            </TextLine>
            <TextLine id="tr_4_tl_12" custom="readingOrder {index:11;}">
                <Coords points="2485,1226 2536,1216 2572,1234 2675,1212 2706,1231 2966,1238 2964,1163 2483,1159"/>
                <Baseline points="2490,1198 2515,1203 2540,1208 2565,1210 2590,1211 2616,1211 2641,1211 2666,1211 2691,1212 2716,1214 2742,1216 2767,1217 2792,1215 2817,1215 2842,1216 2868,1217 2893,1217 2918,1217 2943,1217 2969,1220"/>
                <TextEquiv>
                    <Unicode>Wiener Kunstbrief.</Unicode>
                </TextEquiv>
            </TextLine>
            <TextLine id="tr_4_tl_13" custom="readingOrder {index:12;}">
                <Coords points="2283,1277 3156,1294 3155,1254 3004,1233 2861,1257 2282,1230"/>
                <Baseline points="2289,1259 2332,1259 2375,1262 2419,1265 2462,1265 2506,1265 2549,1267 2593,1268 2636,1268 2680,1270 2723,1271 2766,1273 2810,1276 2853,1277 2897,1274 2940,1274 2984,1279 3027,1280 3071,1281 3114,1282 3158,1280"/>
                <TextEquiv>
                    <Unicode>(Das Burgtheater in Bildnissen. — Gedächtnis¬</Unicode>
                </TextEquiv>
            </TextLine>
            <TextLine id="tr_4_tl_14" custom="readingOrder {index:13;}">
                <Coords points="2310,1304 3118,1338 3104,1291 2310,1280"/>
                <Baseline points="2316,1298 2356,1301 2396,1303 2436,1304 2476,1306 2516,1307 2556,1308 2597,1310 2637,1310 2677,1310 2717,1313 2757,1316 2797,1316 2837,1316 2878,1318 2918,1320 2958,1322 2998,1322 3038,1322 3078,1322 3119,1325"/>
                <TextEquiv>
                    <Unicode>ausstellungen Emil Orlik und Tina Blau.)</Unicode>
                </TextEquiv>
            </TextLine>
            <TextLine id="tr_4_tl_15" custom="readingOrder {index:14;}">
                <Coords points="2356,1368 3070,1401 3156,1394 3155,1349 2355,1326"/>
                <Baseline points="2361,1355 2400,1358 2440,1360 2480,1363 2520,1366 2560,1367 2600,1367 2639,1368 2679,1370 2719,1373 2759,1373 2799,1373 2839,1375 2879,1376 2918,1376 2958,1377 2998,1380 3038,1382 3078,1382 3118,1382 3158,1379"/>
                <TextEquiv>
                    <Unicode>Es ist schon ein schweres Stück, das Bildnis</Unicode>
                </TextEquiv>
            </TextLine>
            <TextLine id="tr_4_tl_16" custom="readingOrder {index:15;}">
                <Coords points="2278,1410 3156,1430 3124,1387 2277,1365"/>
                <Baseline points="2283,1399 2326,1399 2370,1399 2414,1402 2458,1402 2501,1405 2545,1408 2589,1408 2633,1408 2676,1408 2720,1410 2764,1411 2808,1413 2851,1416 2895,1417 2939,1417 2983,1417 3026,1419 3070,1420 3114,1420 3158,1420"/>
                <TextEquiv>
                    <Unicode>irgendeines geistigen Menschen zu zeichnen und</Unicode>
                </TextEquiv>
            </TextLine>
            <TextLine id="tr_4_tl_17" custom="readingOrder {index:16;}">
                <Coords points="2274,1459 3143,1477 3151,1429 2273,1416"/>
                <Baseline points="2280,1441 2323,1438 2367,1441 2411,1441 2455,1444 2498,1444 2542,1444 2586,1447 2630,1447 2673,1447 2717,1449 2761,1450 2805,1452 2848,1455 2892,1456 2936,1456 2980,1458 3023,1459 3067,1459 3111,1461 3155,1459"/>
                <TextEquiv>
                    <Unicode>zu malen. Sitzt er dem Künstler als Modell</Unicode>
                </TextEquiv>
            </TextLine>
            <TextLine id="tr_4_tl_18" custom="readingOrder {index:17;}">
                <Coords points="2285,1491 3153,1513 3152,1476 3089,1466 2284,1454"/>
                <Baseline points="2292,1483 2335,1480 2378,1480 2421,1483 2464,1486 2507,1486 2550,1486 2594,1486 2637,1486 2680,1490 2723,1492 2766,1492 2809,1492 2852,1494 2896,1496 2939,1498 2982,1499 3025,1501 3068,1501 3111,1501 3155,1501"/>
                <TextEquiv>
                    <Unicode>gegenüber, spiegelt sich in der Änderung seiner</Unicode>
                </TextEquiv>
            </TextLine>
            <TextLine id="tr_4_tl_19" custom="readingOrder {index:18;}">
                <Coords points="2278,1530 3155,1542 3154,1514 3097,1505 2277,1495"/>
                <Baseline points="2283,1522 2326,1519 2370,1519 2414,1522 2458,1525 2501,1525 2545,1525 2589,1525 2633,1527 2676,1528 2720,1530 2764,1531 2808,1535 2851,1535 2895,1534 2939,1536 2983,1537 3026,1539 3070,1540 3114,1540 3158,1540"/>
                <TextEquiv>
                    <Unicode>Züge ein ganzes Ausdrucksregister seiner inne¬</Unicode>
                </TextEquiv>
            </TextLine>
            <TextLine id="tr_4_tl_20" custom="readingOrder {index:19;}">
                <Coords points="2277,1566 2922,1578 2992,1605 3153,1586 3133,1546 2276,1530"/>
                <Baseline points="2283,1558 2326,1558 2370,1561 2413,1564 2457,1564 2501,1564 2544,1564 2588,1566 2631,1567 2675,1567 2719,1571 2762,1573 2806,1573 2849,1575 2893,1576 2937,1578 2980,1579 3024,1579 3067,1581 3111,1582 3155,1579"/>
                <TextEquiv>
                    <Unicode>ren Beweglichkeit, seiner geistigen Gesichte und</Unicode>
                </TextEquiv>
            </TextLine>
            <TextLine id="tr_4_tl_21" custom="readingOrder {index:20;}">
                <Coords points="2271,1605 3138,1634 3147,1590 2739,1604 2671,1573 2270,1570"/>
                <Baseline points="2277,1596 2320,1599 2364,1599 2407,1599 2451,1602 2495,1602 2538,1604 2582,1605 2625,1605 2669,1607 2713,1610 2756,1611 2800,1611 2843,1613 2887,1614 2931,1616 2974,1617 3018,1617 3061,1619 3105,1620 3149,1617"/>
                <TextEquiv>
                    <Unicode>hieraus das Wesentliche zu erspüren, ist des</Unicode>
                </TextEquiv>
            </TextLine>
            <TextLine id="tr_4_tl_22" custom="readingOrder {index:21;}">
                <Coords points="2274,1645 3149,1669 3148,1631 3097,1623 2667,1638 2273,1604"/>
                <Baseline points="2280,1638 2323,1638 2367,1641 2410,1638 2454,1641 2498,1644 2541,1644 2585,1646 2628,1647 2672,1647 2716,1649 2759,1650 2803,1652 2846,1653 2890,1655 2934,1656 2977,1658 3021,1659 3064,1659 3108,1660 3152,1662"/>
                <TextEquiv>
                    <Unicode>Künstlers schwierige, wunderhafte, schöpferische</Unicode>
                </TextEquiv>
            </TextLine>
            <TextLine id="tr_4_tl_23" custom="readingOrder {index:22;}">
                <Coords points="2268,1688 3150,1704 3149,1676 3078,1664 2267,1646"/>
                <Baseline points="2274,1677 2317,1677 2361,1680 2405,1680 2449,1680 2493,1683 2537,1683 2581,1686 2625,1686 2669,1686 2713,1688 2756,1689 2800,1691 2844,1692 2888,1694 2932,1695 2976,1697 3020,1698 3064,1700 3108,1701 3152,1698"/>
                <TextEquiv>
                    <Unicode>Tat. Um wieviel schwerer ist es, einen Schau¬</Unicode>
                </TextEquiv>
            </TextLine>
            <TextLine id="tr_4_tl_24" custom="readingOrder {index:23;}">
                <Coords points="2284,1729 3133,1750 3147,1707 2283,1687"/>
                <Baseline points="2289,1716 2332,1716 2375,1719 2418,1722 2461,1722 2504,1722 2547,1722 2590,1724 2633,1727 2676,1728 2719,1728 2762,1728 2805,1730 2848,1732 2891,1734 2934,1735 2977,1737 3020,1738 3063,1739 3106,1737 3149,1737"/>
                <TextEquiv>
                    <Unicode>spieler im Bilde festzuhalten. Vervielfacht tritt</Unicode>
                </TextEquiv>
            </TextLine>
            <TextLine id="tr_4_tl_25" custom="readingOrder {index:24;}">
                <Coords points="2274,1774 3140,1789 3139,1749 3098,1743 2273,1729"/>
                <Baseline points="2280,1758 2323,1758 2366,1761 2409,1761 2452,1761 2495,1761 2538,1763 2582,1764 2625,1766 2668,1767 2711,1767 2754,1769 2797,1772 2840,1773 2884,1774 2927,1776 2970,1776 3013,1777 3056,1779 3099,1778 3143,1776"/>
                <TextEquiv>
                    <Unicode>seine Persönlichkeit auch in der äußeren Erschei¬</Unicode>
                </TextEquiv>
            </TextLine>
            <TextLine id="tr_4_tl_26" custom="readingOrder {index:25;}">
                <Coords points="2272,1807 3149,1837 3148,1796 2271,1773"/>
                <Baseline points="2277,1796 2320,1799 2364,1799 2407,1799 2451,1799 2495,1799 2538,1801 2582,1802 2625,1804 2669,1805 2713,1807 2756,1808 2800,1810 2843,1811 2887,1813 2931,1814 2974,1816 3018,1819 3061,1818 3105,1817 3149,1817"/>
                <TextEquiv>
                    <Unicode>nung vor den Maler. Man sagt es ja gerade</Unicode>
                </TextEquiv>
            </TextLine>
            <TextLine id="tr_4_tl_27" custom="readingOrder {index:26;}">
                <Coords points="2271,1844 3148,1868 3115,1825 2270,1806"/>
                <Baseline points="2277,1835 2320,1835 2364,1838 2407,1841 2451,1838 2495,1841 2538,1841 2582,1843 2625,1844 2669,1844 2713,1846 2756,1847 2800,1849 2843,1852 2887,1853 2931,1853 2974,1853 3018,1855 3061,1858 3105,1859 3149,1856"/>
                <TextEquiv>
                    <Unicode>dem guten Schauspieler nach, er sei immer in</Unicode>
                </TextEquiv>
            </TextLine>
            <TextLine id="tr_4_tl_28" custom="readingOrder {index:27;}">
                <Coords points="2272,1889 3027,1916 3143,1912 3143,1871 2271,1844"/>
                <Baseline points="2277,1877 2320,1877 2363,1877 2407,1880 2450,1880 2494,1880 2537,1882 2581,1883 2624,1883 2668,1885 2711,1886 2754,1888 2798,1889 2841,1891 2885,1892 2928,1892 2972,1894 3015,1895 3059,1896 3102,1898 3146,1898"/>
                <TextEquiv>
                    <Unicode>irgendeiner Rolle, auch wenn er er selbst sein</Unicode>
                </TextEquiv>
            </TextLine>
            <TextLine id="tr_4_tl_29" custom="readingOrder {index:28;}">
                <Coords points="2262,1919 3025,1953 3140,1946 3139,1910 2261,1886"/>
                <Baseline points="2268,1916 2311,1916 2355,1919 2399,1919 2443,1919 2486,1919 2530,1922 2574,1922 2618,1924 2661,1925 2705,1927 2749,1928 2793,1928 2836,1930 2880,1931 2924,1931 2968,1933 3011,1936 3055,1937 3099,1937 3143,1937"/>
                <TextEquiv>
                    <Unicode>wolle, aber halt, da ergibt sich für den Maler</Unicode>
                </TextEquiv>
            </TextLine>
            <TextLine id="tr_4_tl_30" custom="readingOrder {index:29;}">
                <Coords points="2268,1965 3139,1991 3139,1947 2267,1936"/>
                <Baseline points="2274,1955 2317,1955 2360,1955 2404,1958 2447,1958 2491,1961 2534,1961 2578,1963 2621,1964 2665,1966 2708,1965 2751,1966 2795,1969 2838,1970 2882,1970 2925,1972 2969,1973 3012,1973 3056,1974 3099,1976 3143,1976"/>
                <TextEquiv>
                    <Unicode>eine Art der Lösung des Problems; er malt</Unicode>
                </TextEquiv>
            </TextLine>
            <TextLine id="tr_4_tl_31" custom="readingOrder {index:30;}">
                <Coords points="2262,1999 3062,2032 3134,2024 3133,1986 2261,1972"/>
                <Baseline points="2268,1993 2311,1993 2354,1996 2398,1999 2441,1996 2485,1999 2528,2001 2572,2002 2615,2002 2659,2004 2702,2005 2745,2005 2789,2007 2832,2008 2876,2008 2919,2010 2963,2011 3006,2012 3050,2015 3093,2017 3137,2014"/>
                <TextEquiv>
                    <Unicode>den Mimen eben in einer besonders kennzeich¬</Unicode>
                </TextEquiv>
            </TextLine>
            <TextLine id="tr_4_tl_32" custom="readingOrder {index:31;}">
                <Coords points="2262,2040 3140,2063 3108,2022 2261,1999"/>
                <Baseline points="2268,2032 2311,2035 2355,2038 2399,2038 2443,2038 2486,2038 2530,2041 2574,2041 2618,2043 2661,2042 2705,2043 2749,2044 2793,2046 2836,2047 2880,2049 2924,2050 2968,2050 3011,2052 3055,2055 3099,2056 3143,2053"/>
                <TextEquiv>
                    <Unicode>nenden Rolle samt Maske und Kostüm. Aber es</Unicode>
                </TextEquiv>
            </TextLine>
            <TextLine id="tr_4_tl_33" custom="readingOrder {index:32;}">
                <Coords points="2262,2085 3148,2106 3132,2062 2261,2039"/>
                <Baseline points="2268,2074 2312,2074 2356,2074 2400,2077 2444,2077 2488,2077 2532,2080 2576,2080 2620,2080 2664,2083 2708,2083 2752,2085 2796,2086 2840,2086 2884,2088 2928,2089 2972,2091 3016,2094 3060,2095 3104,2095 3149,2095"/>
                <TextEquiv>
                    <Unicode>bleibt dann doch die bildhafte Erscheinung des</Unicode>
                </TextEquiv>
            </TextLine>
            <TextLine id="tr_4_tl_34" custom="readingOrder {index:33;}">
                <Coords points="2269,2126 3068,2138 3067,2104 3014,2096 2268,2084"/>
                <Baseline points="2274,2113 2313,2116 2353,2114 2393,2115 2433,2116 2473,2116 2513,2117 2552,2119 2592,2119 2632,2122 2672,2122 2712,2124 2752,2125 2792,2125 2831,2126 2871,2129 2911,2131 2951,2131 2991,2131 3031,2134 3071,2134"/>
                <TextEquiv>
                    <Unicode>Theaterdarstellers und nicht des Menschen.</Unicode>
                </TextEquiv>
            </TextLine>
            <TextLine id="tr_4_tl_35" custom="readingOrder {index:34;}">
                <Coords points="2343,2166 3143,2192 3123,2149 3019,2139 2342,2128"/>
                <Baseline points="2349,2158 2388,2158 2428,2160 2468,2161 2508,2163 2548,2165 2588,2167 2627,2167 2667,2167 2707,2170 2747,2170 2787,2172 2827,2173 2867,2173 2906,2174 2946,2176 2986,2176 3026,2176 3066,2178 3106,2181 3146,2181"/>
                <TextEquiv>
                    <Unicode>Hie und da geht nun ein bildender Künstler</Unicode>
                </TextEquiv>
            </TextLine>
            <TextLine id="tr_4_tl_36" custom="readingOrder {index:35;}">
                <Coords points="2263,2203 3143,2227 3142,2194 3045,2185 2262,2165"/>
                <Baseline points="2268,2190 2311,2193 2355,2193 2399,2196 2443,2196 2487,2199 2531,2199 2575,2202 2619,2202 2663,2204 2707,2205 2750,2205 2794,2207 2838,2210 2882,2211 2926,2211 2970,2213 3014,2214 3058,2218 3102,2220 3146,2214"/>
                <TextEquiv>
                    <Unicode>die große Aufgabe mit allem Elan an und ge¬</Unicode>
                </TextEquiv>
            </TextLine>
            <TextLine id="tr_4_tl_37" custom="readingOrder {index:36;}">
                <Coords points="2265,2242 3136,2266 3134,2227 3068,2220 2263,2203"/>
                <Baseline points="2271,2232 2314,2232 2357,2232 2400,2235 2444,2235 2487,2237 2530,2238 2574,2240 2617,2243 2660,2244 2704,2246 2747,2247 2790,2247 2833,2249 2877,2252 2920,2253 2963,2253 3007,2254 3050,2256 3093,2257 3137,2259"/>
                <TextEquiv>
                    <Unicode>rade im frischen Wurf des bewußten Wollens</Unicode>
                </TextEquiv>
            </TextLine>
            <TextLine id="tr_4_tl_38" custom="readingOrder {index:37;}">
                <Coords points="2265,2281 3121,2313 3133,2270 2263,2244"/>
                <Baseline points="2271,2277 2314,2271 2357,2274 2400,2274 2444,2274 2487,2276 2530,2277 2574,2279 2617,2280 2660,2282 2704,2283 2747,2285 2790,2288 2833,2289 2877,2291 2920,2293 2963,2295 3007,2296 3050,2298 3093,2299 3137,2301"/>
                <TextEquiv>
                    <Unicode>gelingt es am besten. So hat W. V. Krauß,</Unicode>
                </TextEquiv>
            </TextLine>
            <TextLine id="tr_4_tl_39" custom="readingOrder {index:38;}">
                <Coords points="2257,2319 3139,2345 3138,2313 3037,2298 2256,2280"/>
                <Baseline points="2262,2310 2305,2310 2349,2313 2393,2313 2437,2316 2481,2316 2525,2316 2569,2319 2613,2322 2657,2322 2701,2327 2744,2326 2788,2327 2832,2328 2876,2330 2920,2331 2964,2333 3008,2334 3052,2336 3096,2337 3140,2337"/>
                <TextEquiv>
                    <Unicode>der schon für die Burgtheatergalerie manche der</Unicode>
                </TextEquiv>
            </TextLine>
            <TextLine id="tr_4_tl_40" custom="readingOrder {index:39;}">
                <Coords points="2257,2362 3128,2392 3133,2348 2255,2321"/>
                <Baseline points="2262,2349 2305,2352 2349,2352 2393,2355 2437,2355 2480,2355 2524,2358 2568,2358 2612,2358 2655,2360 2699,2363 2743,2364 2787,2366 2830,2369 2874,2370 2918,2372 2962,2373 3005,2374 3049,2375 3093,2375 3137,2378"/>
                <TextEquiv>
                    <Unicode>Großen dieser Welt des Scheins im Bilddenkmal</Unicode>
                </TextEquiv>
            </TextLine>
            <TextLine id="tr_4_tl_41" custom="readingOrder {index:40;}">
                <Coords points="2262,2398 3134,2426 3133,2392 3079,2380 2261,2364"/>
                <Baseline points="2268,2387 2311,2390 2354,2390 2398,2393 2441,2396 2485,2396 2528,2396 2572,2398 2615,2399 2659,2401 2702,2402 2745,2404 2789,2405 2832,2407 2876,2408 2919,2410 2963,2411 3006,2412 3050,2414 3093,2414 3137,2414"/>
                <TextEquiv>
                    <Unicode>verewigte, nun eine Bildnisreihe von Persönlich¬</Unicode>
                </TextEquiv>
            </TextLine>
            <TextLine id="tr_4_tl_42" custom="readingOrder {index:41;}">
                <Coords points="2259,2435 3129,2464 3100,2423 2258,2395"/>
                <Baseline points="2265,2429 2308,2429 2351,2429 2394,2432 2438,2432 2481,2434 2524,2437 2568,2438 2611,2438 2654,2440 2698,2443 2741,2444 2784,2446 2827,2447 2871,2447 2914,2448 2957,2451 3001,2453 3044,2453 3087,2454 3131,2456"/>
                <TextEquiv>
                    <Unicode>keiten aus dem Burgtheaterkreis vollendet, welche</Unicode>
                </TextEquiv>
            </TextLine>
            <TextLine id="tr_4_tl_43" custom="readingOrder {index:42;}">
                <Coords points="2252,2480 3130,2505 3128,2464 2251,2438"/>
                <Baseline points="2259,2468 2302,2468 2346,2471 2389,2471 2433,2474 2477,2474 2520,2476 2564,2477 2607,2477 2651,2479 2695,2482 2738,2483 2782,2485 2825,2486 2869,2488 2913,2489 2956,2491 3000,2492 3043,2494 3087,2496 3131,2495"/>
                <TextEquiv>
                    <Unicode>in der Hauptsache als Bildbeigaben des Buches</Unicode>
                </TextEquiv>
            </TextLine>
            <TextLine id="tr_4_tl_44" custom="readingOrder {index:43;}">
                <Coords points="2256,2515 3133,2547 3131,2507 3058,2499 2255,2484"/>
                <Baseline points="2262,2507 2305,2510 2349,2510 2392,2513 2436,2516 2480,2513 2523,2515 2567,2518 2610,2519 2654,2521 2698,2522 2741,2524 2785,2525 2828,2527 2872,2528 2916,2530 2959,2531 3003,2531 3046,2533 3090,2535 3134,2534"/>
                <TextEquiv>
                    <Unicode>von Dr. Rudolf Lothar „Das Wiener Burg¬</Unicode>
                </TextEquiv>
            </TextLine>
            <TextLine id="tr_4_tl_45" custom="readingOrder {index:44;}">
                <Coords points="2251,2560 3123,2583 3122,2549 3013,2536 2250,2526"/>
                <Baseline points="2256,2549 2299,2549 2342,2549 2386,2552 2429,2552 2473,2555 2516,2557 2560,2558 2603,2558 2647,2560 2690,2563 2733,2564 2777,2564 2820,2566 2864,2569 2907,2570 2951,2570 2994,2571 3038,2572 3081,2573 3125,2575"/>
                <TextEquiv>
                    <Unicode>theater“ dienen. Die Originale dieser Bildnisse</Unicode>
                </TextEquiv>
            </TextLine>
            <TextLine id="tr_4_tl_46" custom="readingOrder {index:45;}">
                <Coords points="2250,2596 3055,2626 3122,2622 3121,2585 2249,2561"/>
                <Baseline points="2256,2587 2299,2587 2342,2590 2386,2593 2429,2593 2473,2593 2516,2595 2560,2596 2603,2598 2647,2599 2690,2599 2733,2601 2777,2604 2820,2607 2864,2608 2907,2608 2951,2610 2994,2611 3038,2611 3081,2612 3125,2617"/>
                <TextEquiv>
                    <Unicode>und Zeichnungen hierfür sind jetzt im linken</Unicode>
                </TextEquiv>
            </TextLine>
            <TextLine id="tr_4_tl_47" custom="readingOrder {index:46;}">
                <Coords points="2260,2636 3087,2670 3120,2661 3119,2623 2259,2602"/>
                <Baseline points="2265,2623 2307,2629 2350,2629 2393,2632 2436,2632 2479,2632 2522,2634 2564,2637 2607,2638 2650,2638 2693,2640 2736,2641 2779,2642 2822,2645 2864,2647 2907,2648 2950,2649 2993,2648 3036,2651 3079,2653 3122,2650"/>
                <TextEquiv>
                    <Unicode>Seitentrakt des Wiener Künstlerhauses ausge¬</Unicode>
                </TextEquiv>
            </TextLine>
            <TextLine id="tr_4_tl_48" custom="readingOrder {index:47;}">
                <Coords points="2254,2679 3130,2709 3128,2664 2251,2635"/>
                <Baseline points="2259,2671 2302,2668 2346,2671 2389,2671 2433,2671 2477,2674 2520,2674 2564,2676 2607,2677 2651,2677 2695,2679 2738,2682 2782,2683 2825,2685 2869,2686 2913,2688 2956,2689 3000,2691 3043,2692 3087,2692 3131,2695"/>
                <TextEquiv>
                    <Unicode>stellt und schon der auffallend lebhafte Besuch</Unicode>
                </TextEquiv>
            </TextLine>
            <TextLine id="tr_4_tl_49" custom="readingOrder {index:48;}">
                <Coords points="2244,2714 3102,2752 3124,2702 2242,2679"/>
                <Baseline points="2250,2704 2293,2707 2337,2710 2381,2710 2425,2713 2469,2713 2513,2716 2557,2716 2601,2716 2645,2718 2689,2719 2732,2721 2776,2722 2820,2724 2864,2727 2908,2728 2952,2728 2996,2730 3040,2731 3084,2733 3128,2734"/>
                <TextEquiv>
                    <Unicode>dieser Schau erweist das lebhafte Interesse des</Unicode>
                </TextEquiv>
            </TextLine>
            <TextLine id="tr_4_tl_50" custom="readingOrder {index:49;}">
                <Coords points="2247,2752 3126,2781 3124,2745 3064,2736 2246,2715"/>
                <Baseline points="2253,2746 2296,2749 2340,2749 2384,2752 2428,2752 2471,2752 2515,2755 2559,2755 2603,2757 2646,2760 2690,2761 2734,2761 2778,2763 2821,2764 2865,2766 2909,2768 2953,2769 2996,2769 3040,2771 3084,2772 3128,2772"/>
                <TextEquiv>
                    <Unicode>Publikums an der führenden deutschen Bühne</Unicode>
                </TextEquiv>
            </TextLine>
            <TextLine id="tr_4_tl_51" custom="readingOrder {index:50;}">
                <Coords points="2241,2790 3120,2818 2999,2773 2240,2750"/>
                <Baseline points="2247,2787 2290,2787 2334,2790 2378,2790 2422,2793 2465,2793 2509,2793 2553,2795 2597,2796 2640,2798 2684,2799 2728,2801 2772,2802 2815,2804 2859,2805 2903,2805 2947,2807 2990,2810 3034,2811 3078,2811 3122,2811"/>
                <TextEquiv>
                    <Unicode>und ihren Mitarbeitern. Wenn es Krauß ein¬</Unicode>
                </TextEquiv>
            </TextLine>
            <TextLine id="tr_4_tl_52" custom="readingOrder {index:51;}">
                <Coords points="2242,2835 2941,2871 3104,2868 3116,2819 2241,2806"/>
                <Baseline points="2247,2823 2290,2826 2334,2829 2377,2832 2421,2832 2465,2835 2508,2833 2552,2834 2595,2835 2639,2837 2683,2838 2726,2840 2770,2841 2813,2843 2857,2844 2901,2846 2944,2849 2988,2852 3031,2853 3075,2853 3119,2853"/>
                <TextEquiv>
                    <Unicode>mal gelang, die oben erörterte Aufgabe, den</Unicode>
                </TextEquiv>
            </TextLine>
            <TextLine id="tr_4_tl_53" custom="readingOrder {index:52;}">
                <Coords points="2247,2875 3118,2898 3088,2860 2246,2833"/>
                <Baseline points="2253,2865 2296,2868 2339,2868 2382,2871 2426,2871 2469,2873 2512,2874 2556,2876 2599,2877 2642,2877 2686,2879 2729,2882 2772,2883 2815,2885 2859,2886 2902,2887 2945,2889 2989,2889 3032,2890 3075,2892 3119,2889"/>
                <TextEquiv>
                    <Unicode>Menschen im darstellenden Künstler in einer</Unicode>
                </TextEquiv>
            </TextLine>
            <TextLine id="tr_4_tl_54" custom="readingOrder {index:53;}">
                <Coords points="2244,2916 3047,2948 3110,2940 3109,2898 2242,2875"/>
                <Baseline points="2250,2907 2293,2907 2336,2907 2379,2910 2422,2910 2465,2912 2508,2913 2552,2915 2595,2918 2638,2917 2681,2918 2724,2921 2767,2922 2810,2924 2854,2925 2897,2925 2940,2926 2983,2929 3026,2931 3069,2931 3113,2931"/>
                <TextEquiv>
                    <Unicode>förmlichen Summe seiner Typen zu erfassen, so</Unicode>
                </TextEquiv>
            </TextLine>
            <TextLine id="tr_4_tl_55" custom="readingOrder {index:54;}">
                <Coords points="2239,2954 3121,2986 3120,2946 2238,2923"/>
                <Baseline points="2244,2949 2287,2946 2331,2949 2375,2949 2419,2952 2463,2952 2507,2955 2551,2955 2595,2958 2639,2958 2683,2960 2726,2961 2770,2961 2814,2963 2858,2966 2902,2967 2946,2967 2990,2968 3034,2969 3078,2971 3122,2969"/>
                <TextEquiv>
                    <Unicode>gilt dies vom Bildnis Hilde Wageners, die</Unicode>
                </TextEquiv>
            </TextLine>
            <TextLine id="tr_4_tl_56" custom="readingOrder {index:55;}">
                <Coords points="2241,2991 3025,3029 3113,3018 3112,2984 2240,2965"/>
                <Baseline points="2247,2984 2290,2987 2333,2987 2377,2990 2420,2993 2464,2993 2507,2993 2551,2995 2594,2996 2638,2996 2681,2998 2724,2999 2768,3001 2811,3002 2855,3004 2898,3005 2942,3007 2985,3008 3029,3009 3072,3011 3116,3008"/>
                <TextEquiv>
                    <Unicode>in Kopfhaltung, Mundform, Augenaufschlag so</Unicode>
                </TextEquiv>
            </TextLine>
            <TextLine id="tr_4_tl_57" custom="readingOrder {index:56;}">
                <Coords points="2238,3034 3107,3058 3106,3026 3054,3011 3015,3033 2237,2992"/>
                <Baseline points="2244,3023 2287,3026 2330,3026 2373,3029 2417,3032 2460,3030 2503,3031 2547,3034 2590,3035 2633,3035 2677,3037 2720,3040 2763,3041 2806,3043 2850,3044 2893,3045 2936,3047 2980,3048 3023,3050 3066,3050 3110,3050"/>
                <TextEquiv>
                    <Unicode>wunderbar lebendig vorgeführt wird, daß eben</Unicode>
                </TextEquiv>
            </TextLine>
            <TextLine id="tr_4_tl_58" custom="readingOrder {index:57;}">
                <Coords points="2239,3070 3110,3097 3109,3061 3026,3051 2238,3034"/>
                <Baseline points="2244,3065 2287,3065 2330,3065 2374,3068 2417,3071 2461,3071 2504,3071 2548,3073 2591,3074 2635,3074 2678,3076 2721,3079 2765,3080 2808,3082 2852,3083 2895,3085 2939,3086 2982,3087 3026,3089 3069,3090 3113,3095"/>
                <TextEquiv>
                    <Unicode>dieses Bildnis als Folie für die Vorstellung,</Unicode>
                </TextEquiv>
            </TextLine>
            <TextLine id="tr_4_tl_59" custom="readingOrder {index:58;}">
                <Coords points="2231,3104 3025,3150 3108,3137 3107,3100 2230,3072"/>
                <Baseline points="2238,3101 2281,3104 2325,3104 2368,3107 2412,3110 2456,3110 2499,3110 2543,3112 2586,3113 2630,3115 2674,3116 2717,3118 2761,3119 2804,3121 2848,3124 2892,3125 2935,3125 2979,3127 3022,3130 3066,3131 3110,3131"/>
                <TextEquiv>
                    <Unicode>die jeder von der Künstlerin in dieser oder jener</Unicode>
                </TextEquiv>
            </TextLine>
            <TextLine id="tr_4_tl_60" custom="readingOrder {index:59;}">
                <Coords points="2235,3151 3051,3186 3106,3180 3105,3137 2234,3113"/>
                <Baseline points="2241,3143 2284,3146 2327,3146 2370,3149 2414,3152 2457,3152 2500,3152 2544,3152 2587,3154 2630,3155 2674,3155 2717,3157 2760,3160 2803,3163 2847,3162 2890,3162 2933,3164 2977,3165 3020,3167 3063,3170 3107,3169"/>
                <TextEquiv>
                    <Unicode>Rolle mit sich nach Hause trägt, paßt. Es muß</Unicode>
                </TextEquiv>
            </TextLine>
            <TextLine id="tr_4_tl_61" custom="readingOrder {index:60;}">
                <Coords points="2236,3187 3107,3228 3112,3181 2235,3158"/>
                <Baseline points="2241,3181 2284,3184 2328,3184 2372,3187 2416,3190 2459,3190 2503,3190 2547,3192 2591,3193 2634,3193 2678,3195 2722,3198 2766,3199 2809,3201 2853,3202 2897,3202 2941,3204 2984,3207 3028,3208 3072,3208 3116,3208"/>
                <TextEquiv>
                    <Unicode>wohl auch glückhafte Stimmung beiderseits im</Unicode>
                </TextEquiv>
            </TextLine>
            <TextLine id="tr_4_tl_62" custom="readingOrder {index:61;}">
                <Coords points="2236,3231 3085,3265 3098,3219 2234,3186"/>
                <Baseline points="2241,3223 2284,3223 2327,3223 2370,3223 2413,3228 2456,3229 2499,3229 2542,3231 2585,3232 2628,3232 2671,3234 2714,3237 2757,3238 2800,3238 2843,3239 2886,3242 2929,3245 2972,3247 3015,3247 3058,3247 3101,3244"/>
                <TextEquiv>
                    <Unicode>Spiele sein, denn anders ist es schwer zu er¬</Unicode>
                </TextEquiv>
            </TextLine>
            <TextLine id="tr_4_tl_63" custom="readingOrder {index:62;}">
                <Coords points="2230,3273 3099,3301 3098,3259 2229,3233"/>
                <Baseline points="2235,3259 2278,3262 2321,3265 2364,3265 2408,3268 2451,3268 2494,3268 2538,3270 2581,3271 2624,3273 2668,3274 2711,3276 2754,3277 2797,3279 2841,3280 2884,3281 2927,3283 2971,3284 3014,3286 3057,3286 3101,3286"/>
                <TextEquiv>
                    <Unicode>klären, daß z. B. Nora Gregor in dem hier</Unicode>
                </TextEquiv>
            </TextLine>
            <TextLine id="tr_4_tl_64" custom="readingOrder {index:63;}">
                <Coords points="2230,3311 3094,3333 3093,3298 3023,3289 2229,3274"/>
                <Baseline points="2235,3304 2278,3304 2321,3304 2364,3304 2407,3307 2450,3307 2493,3307 2536,3309 2579,3312 2622,3313 2665,3315 2708,3318 2751,3319 2794,3319 2837,3320 2880,3322 2923,3322 2966,3323 3009,3325 3052,3326 3095,3328"/>
                <TextEquiv>
                    <Unicode>gezeigten Bildnis sowohl, als in der Studie</Unicode>
                </TextEquiv>
            </TextLine>
            <TextLine id="tr_4_tl_65" custom="readingOrder {index:64;}">
                <Coords points="2223,3343 3054,3384 3094,3373 3093,3333 2222,3312"/>
                <Baseline points="2229,3337 2272,3343 2315,3343 2358,3346 2402,3349 2445,3347 2488,3348 2532,3349 2575,3351 2618,3354 2662,3355 2705,3357 2748,3358 2791,3360 2835,3361 2878,3362 2921,3363 2965,3363 3008,3363 3051,3364 3095,3363"/>
                <TextEquiv>
                    <Unicode>dazu ganz unbefriedigt läßt. Auch Maria Eis</Unicode>
                </TextEquiv>
            </TextLine>
            <TextLine id="tr_4_tl_66" custom="readingOrder {index:65;}">
                <Coords points="2220,3387 3088,3422 3097,3376 2219,3346"/>
                <Baseline points="2226,3378 2269,3381 2313,3381 2357,3384 2401,3384 2444,3384 2488,3387 2532,3389 2576,3390 2619,3395 2663,3396 2707,3396 2751,3396 2794,3396 2838,3398 2882,3401 2926,3402 2969,3402 3013,3404 3057,3407 3101,3405"/>
                <TextEquiv>
                    <Unicode>läßt in dieser hier gezeigten Studienzeichnung</Unicode>
                </TextEquiv>
            </TextLine>
            <TextLine id="tr_4_tl_67" custom="readingOrder {index:66;}">
                <Coords points="2229,3430 3093,3454 3072,3410 2228,3389"/>
                <Baseline points="2235,3420 2278,3420 2321,3420 2364,3423 2407,3423 2450,3425 2493,3426 2536,3428 2579,3429 2622,3431 2665,3434 2708,3437 2751,3438 2794,3438 2837,3439 2880,3441 2923,3441 2966,3442 3009,3444 3052,3444 3095,3444"/>
                <TextEquiv>
                    <Unicode>sehr kühl. Unter den männlichen Köpfen sind</Unicode>
                </TextEquiv>
            </TextLine>
            <TextLine id="tr_4_tl_68" custom="readingOrder {index:67;}">
                <Coords points="2226,3466 3045,3504 3099,3493 3098,3453 2225,3429"/>
                <Baseline points="2232,3456 2275,3459 2318,3459 2362,3462 2405,3465 2449,3465 2492,3465 2536,3467 2579,3468 2623,3470 2666,3473 2709,3476 2753,3477 2796,3477 2840,3479 2883,3480 2927,3482 2970,3483 3014,3484 3057,3485 3101,3483"/>
                <TextEquiv>
                    <Unicode>Werner Kraus, Hugo Thimig, dann die raschen</Unicode>
                </TextEquiv>
            </TextLine>
            <TextLine id="tr_4_tl_69" custom="readingOrder {index:68;}">
                <Coords points="2223,3504 3096,3539 3095,3500 2222,3468"/>
                <Baseline points="2229,3501 2272,3498 2315,3501 2359,3501 2402,3504 2446,3504 2489,3504 2533,3506 2576,3509 2620,3510 2663,3512 2706,3515 2750,3516 2793,3518 2837,3519 2880,3521 2924,3522 2967,3522 3011,3523 3054,3524 3098,3522"/>
                <TextEquiv>
                    <Unicode>Pastellskizzen von Direktor Röbbeling, Sektions¬</Unicode>
                </TextEquiv>
            </TextLine>
            <TextLine id="tr_4_tl_70" custom="readingOrder {index:69;}">
                <Coords points="2223,3550 3099,3567 3098,3537 3034,3529 2814,3545 2222,3505"/>
                <Baseline points="2229,3534 2272,3537 2316,3540 2359,3543 2403,3543 2447,3546 2490,3546 2534,3548 2577,3549 2621,3549 2665,3551 2708,3554 2752,3555 2795,3557 2839,3558 2883,3558 2926,3559 2970,3560 3013,3562 3057,3563 3101,3560"/>
                <TextEquiv>
                    <Unicode>chef Perntner gelungene Sachen. Die flüchtige</Unicode>
                </TextEquiv>
            </TextLine>
            <TextLine id="tr_4_tl_71" custom="readingOrder {index:70;}">
                <Coords points="2217,3578 3087,3616 3077,3572 2216,3556"/>
                <Baseline points="2223,3575 2266,3575 2309,3578 2352,3581 2396,3584 2439,3584 2482,3584 2526,3584 2569,3586 2612,3587 2656,3589 2699,3592 2742,3593 2785,3595 2829,3596 2872,3597 2915,3599 2959,3599 3002,3600 3045,3602 3089,3602"/>
                <TextEquiv>
                    <Unicode>Studie nach Gerhart Hauptmann müßte man</Unicode>
                </TextEquiv>
            </TextLine>
            <TextLine id="tr_4_tl_72" custom="readingOrder {index:71;}">
                <Coords points="2227,3629 3036,3660 3085,3650 3084,3615 2225,3585"/>
                <Baseline points="2232,3617 2274,3617 2317,3617 2360,3617 2402,3619 2445,3622 2488,3623 2530,3625 2573,3626 2616,3628 2659,3629 2701,3630 2744,3632 2787,3633 2829,3636 2872,3638 2915,3639 2957,3641 3000,3641 3043,3641 3086,3641"/>
                <TextEquiv>
                    <Unicode>füglich als „vorbeigelungen“ bezeichnen; wenn</Unicode>
                </TextEquiv>
            </TextLine>
            <TextLine id="tr_4_tl_73" custom="readingOrder {index:72;}">
                <Coords points="2217,3663 3087,3690 3072,3648 2217,3631"/>
                <Baseline points="2223,3656 2266,3656 2309,3656 2352,3656 2396,3659 2439,3661 2482,3662 2526,3664 2569,3665 2612,3665 2656,3667 2699,3670 2742,3673 2785,3674 2829,3674 2872,3674 2915,3675 2959,3678 3002,3680 3045,3680 3089,3677"/>
                <TextEquiv>
                    <Unicode>man aber weiß, daß ein Künstler oft Hemmun¬</Unicode>
                </TextEquiv>
            </TextLine>
            <TextLine id="tr_4_tl_74" custom="readingOrder {index:73;}">
                <Coords points="2212,3707 3036,3739 3085,3728 3084,3692 2209,3669"/>
                <Baseline points="2217,3695 2260,3695 2303,3695 2347,3698 2390,3701 2434,3701 2477,3701 2521,3701 2564,3703 2608,3704 2651,3706 2694,3709 2738,3710 2781,3712 2825,3715 2868,3718 2912,3719 2955,3719 2999,3720 3042,3721 3086,3716"/>
                <TextEquiv>
                    <Unicode>gen hat, an einer Arbeit, die in persönlicher</Unicode>
                </TextEquiv>
            </TextLine>
            <TextLine id="tr_4_tl_75" custom="readingOrder {index:74;}">
                <Coords points="2208,3746 3080,3771 3073,3729 2207,3703"/>
                <Baseline points="2214,3734 2257,3734 2300,3737 2344,3734 2387,3737 2431,3737 2474,3739 2518,3742 2561,3745 2605,3746 2648,3748 2691,3749 2735,3749 2778,3749 2822,3751 2865,3754 2909,3757 2952,3758 2996,3759 3039,3760 3083,3758"/>
                <TextEquiv>
                    <Unicode>Fühlung mit dem Dargestellten bis zu einem ge¬</Unicode>
                </TextEquiv>
            </TextLine>
            <TextLine id="tr_4_tl_76" custom="readingOrder {index:75;}">
                <Coords points="2211,3787 3040,3817 3038,3779 2993,3763 2209,3745"/>
                <Baseline points="2217,3772 2258,3772 2299,3774 2340,3775 2381,3777 2423,3776 2464,3775 2505,3778 2546,3781 2587,3782 2629,3784 2670,3784 2711,3787 2752,3787 2793,3787 2835,3789 2876,3792 2917,3795 2958,3796 2999,3796 3041,3796"/>
                <TextEquiv>
                    <Unicode>wissen Punkt — und mag es nur Halbheit sein</Unicode>
                </TextEquiv>
            </TextLine>
            <TextLine id="tr_4_tl_77" custom="readingOrder {index:76;}">
                <Coords points="2211,3822 3041,3853 3087,3850 3086,3807 2209,3787"/>
                <Baseline points="2217,3817 2260,3814 2304,3817 2347,3812 2391,3816 2435,3817 2478,3817 2522,3817 2565,3819 2609,3822 2653,3823 2696,3825 2740,3826 2783,3828 2827,3829 2871,3831 2914,3834 2958,3835 3001,3837 3045,3838 3089,3838"/>
                <TextEquiv>
                    <Unicode>gedieh — und die Skizze entstand während eines</Unicode>
                </TextEquiv>
            </TextLine>
            <TextLine id="tr_4_tl_78" custom="readingOrder {index:77;}">
                <Coords points="2209,3862 3047,3895 3074,3847 2208,3823"/>
                <Baseline points="2214,3850 2257,3853 2300,3856 2343,3850 2386,3854 2429,3856 2472,3857 2516,3860 2559,3862 2602,3862 2645,3862 2688,3865 2731,3865 2774,3865 2818,3868 2861,3871 2904,3871 2947,3873 2990,3876 3033,3877 3077,3874"/>
                <TextEquiv>
                    <Unicode>kurzen Wiener Aufenthaltes Gerhart Haupt¬</Unicode>
                </TextEquiv>
            </TextLine>
            <TextLine id="tr_4_tl_79" custom="readingOrder {index:78;}">
                <Coords points="2208,3900 2240,3898 2262,3908 2280,3901 2322,3904 2337,3894 2336,3864 2317,3863 2305,3870 2293,3866 2276,3873 2257,3865 2237,3869 2227,3864 2207,3870"/>
                <Baseline points="2214,3892 2239,3892 2264,3892 2289,3894 2314,3894 2340,3892"/>
                <TextEquiv>
                    <Unicode>manns</Unicode>
                </TextEquiv>
            </TextLine>
            <TextLine id="tr_4_tl_80" custom="readingOrder {index:79;}">
                <Coords points="2370,3906 3076,3923 3075,3898 2992,3883 2369,3875"/>
                <Baseline points="2375,3889 2410,3894 2445,3897 2480,3898 2515,3898 2550,3901 2585,3901 2620,3902 2655,3904 2690,3904 2726,3906 2761,3907 2796,3907 2831,3908 2866,3910 2901,3912 2936,3913 2971,3914 3006,3916 3041,3916 3077,3916"/>
                <TextEquiv>
                    <Unicode>— nachträglich Verbesserungen auswen¬</Unicode>
                </TextEquiv>
            </TextLine>
            <TextLine id="tr_4_tl_81" custom="readingOrder {index:80;}">
                <Coords points="2205,3939 3029,3971 3081,3961 3080,3920 2204,3903"/>
                <Baseline points="2211,3931 2254,3934 2298,3934 2341,3937 2385,3937 2429,3937 2472,3937 2516,3939 2559,3940 2603,3940 2647,3940 2690,3944 2734,3946 2777,3946 2821,3950 2865,3950 2908,3951 2952,3952 2995,3954 3039,3955 3083,3955"/>
                <TextEquiv>
                    <Unicode>dig hinzuzufügen, so bekommt auch dieses Blatt</Unicode>
                </TextEquiv>
            </TextLine>
            <TextLine id="tr_4_tl_82" custom="readingOrder {index:81;}">
                <Coords points="2208,3980 3074,4001 3073,3963 2207,3940"/>
                <Baseline points="2214,3972 2257,3972 2300,3972 2343,3975 2386,3975 2429,3975 2472,3975 2516,3977 2559,3978 2602,3980 2645,3981 2688,3981 2731,3983 2774,3986 2818,3987 2861,3987 2904,3988 2947,3991 2990,3994 3033,3996 3077,3993"/>
                <TextEquiv>
                    <Unicode>seine besondere Stimmung. Gleich daneben hängt</Unicode>
                </TextEquiv>
            </TextLine>
            <TextLine id="tr_4_tl_83" custom="readingOrder {index:82;}">
                <Coords points="2196,4022 3068,4038 3067,4003 2969,3995 2195,3984"/>
                <Baseline points="2202,4008 2245,4011 2288,4011 2332,4011 2375,4014 2419,4017 2462,4017 2506,4017 2549,4019 2593,4020 2636,4022 2679,4023 2723,4023 2766,4023 2810,4026 2853,4029 2897,4031 2940,4032 2984,4033 3027,4034 3071,4032"/>
                <TextEquiv>
                    <Unicode>der schwermut=bedrückte Kopf Arthur Schnitz¬</Unicode>
                </TextEquiv>
            </TextLine>
            <TextLine id="tr_4_tl_84" custom="readingOrder {index:83;}">
                <Coords points="2202,4053 3030,4087 3078,4075 3077,4035 2826,4059 2741,4025 2201,4019"/>
                <Baseline points="2208,4047 2251,4050 2295,4053 2338,4053 2382,4053 2426,4056 2469,4056 2513,4058 2556,4059 2600,4061 2644,4062 2687,4062 2731,4064 2774,4065 2818,4067 2862,4068 2905,4070 2949,4071 2992,4071 3036,4072 3080,4074"/>
                <TextEquiv>
                    <Unicode>lers aus der letzten Zeit und erweist das</Unicode>
                </TextEquiv>
            </TextLine>
            <TextLine id="tr_4_tl_85" custom="readingOrder {index:84;}">
                <Coords points="2205,4099 3073,4132 3070,4079 2204,4057"/>
                <Baseline points="2211,4086 2254,4092 2297,4092 2340,4092 2383,4092 2426,4094 2469,4095 2513,4097 2556,4100 2599,4101 2642,4101 2685,4103 2728,4106 2771,4107 2815,4107 2858,4108 2901,4110 2944,4111 2987,4113 3030,4113 3074,4116"/>
                <TextEquiv>
                    <Unicode>früher Gesagte durch sein besonderes Vollendet¬</Unicode>
                </TextEquiv>
            </TextLine>
            <TextEquiv>
                <Unicode></Unicode>
            </TextEquiv>
        </TextRegion>
    </Page>
</PcGts>
