3344 4352
1220 210 1643 312 box 447
165 213 1037 315 13. Miscellaneous
414 647 776 740 Ausschnitt aus:
489 725 1103 857 ne in Wien
1034 902 1172 995 1934
1649 1013 2749 1079 Als sich Herzl der Politik zuwandte, erregte dieser Schritt
1550 1064 2740 1130 in allen Kreisen Verwunderung, Erstaunen, ja sogar Bestürzung.
465 1046 1430 1151 Der Burgtheaterautor
1547 1124 2743 1178 Man begriff nicht, daß ein talentierter Bühnenautor und Schrift¬
1556 1163 2743 1232 steller sicheren literarischen und gesellschaftlichen Erfolg mit einer
614 1154 1286 1247 Theodor Herzl.
1556 1214 2746 1268 ungewissen Utopie vertauschen wollte. Herzl war, als er den
444 1214 1448 1328 Wie sich der Dramatiker zum Staatsmann wandelte.
1550 1259 2749 1322 „Judenstaat“ niederschrieb, arriviert. Das Burgtheater sowie
905 1304 995 1373 Von
1556 1310 2752 1370 andere Wiener und reichsdeutsche Bühnen spielten seine
1556 1358 2752 1412 amüsanten Konversationsstücke. Merkwürdigerweise sind diese
782 1334 1124 1439 Robert Weil.
450 1403 2746 1478 Ob es nur ein Zufall ist, daß gerade jetzt die Biographen Komödien, die damals das Publikum entzückten, heute nahezu
342 1451 2749 1538 und Literaten den Schöpfer des Zionismus, Theodor Herzl, feiern unbekannt. Man kennt sie kaum dem Namen nach. Und so ist
351 1496 2749 1580 und — entdecken? Anläßlich seines sich jetzt jährenden dreißigsten es ein ausgezeichneter Gedanke, daß Josef Fränkel ein Buch
351 1544 2749 1628 Todestages erscheinen aus der Feder der verschiedensten verfaßte, das über vielmehr als Aufruf gelten soll, sich außer
348 1595 2749 1673 Persönlichkeiten umfangreiche oder schmächtige Bücher und Ab= an den Zionisten Herzl auch an den Dramatiker Herzl zu
348 1643 2746 1733 handlungen über ihn und seine Mission. Viele fühlen sich zum erinnern. „Theodor Herzl, des Schöpfers erstes Wollen", betitelt
351 1688 2752 1775 Schreiben über Herzl berufen, aber nur wenige erscheinen aus er sein im Fiba-Verlag (Wien) soeben erschienenes Buch. Mit
348 1733 2752 1819 erlesen zu sein, über diesen Mann, dem nicht nur das Judentum Recht verurteilt er das Verhalten nicht allein der deutschen,
1568 1784 2752 1846 sondern auch der Palästinensischen Theater, daß sie sich gar nicht
354 1801 1541 1861 allein, sondern auch die gesamte Kulturwelt soviel verdankt,
357 1828 2752 1909 ihre persönliche Meinung wiederzugeben. Die besten Werke über darum kümmern, Herzls Stücke neu zu inszenieren. Sonnenthal,
357 1879 2752 1957 Herzl sind nun gerade diejenigen, in denen man ihn selbst Friedrich Mitterwurzer, Hermann Bahr, Artur Schnitzler, Max
357 1918 2761 2011 sprechen läßt, denn schöner, präziser und zugleich moderner Burckhardt, Ludwig Speidel sowie andere promene Schau¬
354 1972 2755 2053 vermag kaum ein Schriftsteller der Gegenwart die Gedankenspieler und Schriftsteller waren seine begeistertsten Verkünder.
1568 2020 2764 2080 Sicher müßten seine Werke stellenweise retuschiert, modernisiert
363 2032 1544 2104 gänge dieses Staatsführers, der zugleich ein Dichter war, zu
360 2062 2749 2155 schildern. Die Zeit einer Generation ist seit seinem Hinscheiden werden (wie man etwa Johann=Strauß=Walzer neu instrumentiert).
1568 2116 2740 2179 Und dann wäre es zweifellos, daß das deutsche Theater der Gegen¬
354 2128 1538 2218 vorbei und erst heute erfaßt man die Bedeutung seines Werkes
1556 2164 2467 2248 wart um einen zugkräftigen Autor bereichert wäre,
354 2185 1343 2266 das immer größer, grandioser zu werden verspricht,
1643 2233 2728 2332 Josef Fränkel schildert in seinem knapp gefaßten, aber er¬
1541 2305 2731 2374 schöpfenden Werk den literarischen Werdegang Herzls und nennt
1538 2359 2728 2422 in chronologischer Folge seine Dramen. Elf Bühnenwerke
1538 2407 2737 2488 stammen aus seiner Feder. Von diesen wurden fünf, und zwar
1538 2452 2722 2530 „Der Flüchtling“, „Die Dame in Schwarz, „Wilddiebe"
1532 2500 2743 2575 „Tabarin“ und „I love you" am Burgtheater insgesamt drei¬
1535 2548 2746 2611 und neunzigmal gespielt. Man liest in dem Buch Fränkels die
1535 2596 2731 2659 äußerst interessante Korrespondenz, die der junge, aufstrebende
1535 2644 2740 2719 Dramatiker mit den Direktoren des Burgtheaters führte. Briefe
1535 2692 2746 2764 an Wilbrandt, Sonnenthal, Baron Berger, August Förster,
1544 2749 2743 2818 Max Burckhardt und Paul Schlenther sowie die Korrespondenz
1538 2791 2740 2851 mit Mitterwurzer und Hartmann legen Zeugnis ab, wie das
1544 2836 2740 2911 Burgtheater, das die ersten Stücke abgelehnt hatte, doch die
1544 2887 2743 2965 Dramen des talentierten Autors gern in Glanzbesetzung spielte¬
1544 2932 2737 3000 Einen breiten Raum nimmt in Fränkels Monographie des
1541 2977 2746 3042 Kampf ein, der um Herzls „Unser Käthchen" tobte. Das Werk
1547 3030 2743 3099 war von Schlenther angenommen worden, als die General¬
1544 3075 2734 3150 Intendanz Bedenken hegte, dieses soziale Stück zu spielen. Nach
1547 3126 2746 3198 Ablehnung durch das Burgtheater führte das Volkstheater dieses
1550 3177 2746 3246 Drama auf. Begreiflicherweise bot die Premiere nicht so sehr
1541 3222 2746 3291 den Anlaß, künstlerische Kritik zu üben, sondern zu der Person
1550 3273 2752 3342 des jüdischen Autors pro und kontra Stellung zu nehmen,
1550 3321 2749 3390 Wenn man nun die hier abgedruckten antisemitischen
1550 3366 2752 3435 Schmähungen gegen Herzl liest, so entdeckt man, daß bereits
1544 3420 2743 3510 der „Kikeriki“ des Jahres 1899 die Sprache des Hitler=Jahres
1550 3474 2746 3561 1933 vorausahnte Fränkels Buch wird sicher großem
1547 3528 1906 3609 Interesse begegnen.
1658 3540 2752 3636 Ein anderes Werk, das sich mit der Person Herzls befaßt, ist
1547 3606 2749 3675 das im Sawitra-Verlag (Wien=Amsterdam) von Z. F. Finkel¬
1550 3660 2734 3729 stein herausgegebene Buch „Schicksalsstunden eines Führers
1556 3678 2758 3774 Impressionistisch schildert er sieben Episoden aus dem Leben
1562 3756 2752 3828 Herzls. Verschiedene Bilder aus dem Herzl=Archiv sowie
1565 3801 2734 3870 saksimilierte Briefe aus der Wiener Herzl=Ausstellung (1934)
1565 3849 2752 3939 ergänzen dieses liebevoll geschriebene Werk. Es ist gleichfalls ein
1556 3909 2293 3978 vertvoller Beitrag zur Herzl=Literatur.
