3392 4384
1178 368 1606 471 box 447
146 373 1000 462 13. Miscellaneous
169 1094 1663 1278 Neues vom Café „Größenwahn".
126 1284 1810 1370 miums der Wiener Café Griensteidl im Schwung der Tage von 1848 sogar
124 1350 629 1402 läßlich der 250-Jahr-Feier
666 1359 1813 1433 zum „National=Café“ avancierte, welcher Name sich
129 1390 632 1456 rkenjahr 1933 wird unter
666 1390 1206 1474 allerdings nicht lange hielt.
126 1433 632 1499 Kaffeehäusern auch des
753 1433 1807 1502 In den fünfziger Jahren war Griensteidl am
126 1476 629 1543 idl, einst ein Wahr¬
664 1482 1798 1537 Michaelerplatz die Residenz verschiedener „Unzufriedenen"
129 1520 632 1586 dacht. Man weiß, daß in
664 1522 1810 1588 die damals Gott sei Dank nur in männlicher Ausgabe
121 1563 629 1623 t das literarische und
664 1571 1807 1640 existierten. Hier hatten die Arbeiterführer Hartung,
129 1606 635 1672 sem Kaffeehaus verwurzelt
666 1611 1804 1678 Most und Oberwieder ihr Quartier aufgeschlagen,
184 1646 629 1712 südliche Charakter der
661 1657 1810 1715 von hier aus wurde die erste Demonstration vor dem
66 1657 629 1744 dieser Freude an dem
664 1698 1804 1767 Parlament veranstaltet. Aber hier verkehrten auch
121 1729 629 1787 kutieren im Schatten der
666 1741 1804 1801 Berühmtheiten, wie Grillparzer, Laube, Graf
132 1775 635 1833 zum deutsche Gründlichkeit
666 1778 1801 1847 Beust, Costa und Kamillo Sitte, und so wurde das
132 1815 632 1899 Arcafé eine ganz eigen¬
658 1833 1804 1904 Kaffeehaus, mit dessen Bedeutung für das geistige
658 1870 1807 1939 Leben Wiens sich der soeben erschienene dritte (Schluß¬
146 1890 623 1965 dieser Wiener Literatur¬
658 1913 1804 1973 Band der Deutschösterreichischen Literaturgeschichte von
152 1962 632 2019 der genannten Festschrift
661 1953 1810 2028 J. W. Nagl und I. Zeidler ausführlich beschäftigt,
126 1996 629 2054 das Café Griensteidl.
664 1999 1810 2088 sehr bald zu einem „Hauptstapel- und Umschlageplatz von
664 2039 885 2111 Zeitideen".
138 2045 629 2103 es von dem Angehörigen
152 2091 629 2140 dem früheren Apotheker
744 2091 1801 2163 In den neunziger Jahren des vorigen Jahrhunderts
132 2137 632 2183 re des damaligen Palais
666 2131 1801 2195 versammelten sich bei Griensteidl an bestimmten Nach¬
126 2174 641 2243 röffnet. Gleich in seinen
664 2186 1798 2243 mittagen und Abenden jugendliche Literaten und
132 2215 632 2281 punkt literarischer und
666 2223 1801 2281 Künstler, die hinter der Schale Mokka oder Kapuziner
126 2258 500 2309 und von einer
669 2266 1801 2324 stürmisch eine Neuordnung der Kunst und des Lebens
126 2304 1795 2381 n. So kam es, daß das verlangten. Die niedrigen Zimmer mit den zigarrenrauch¬
1818 2393 2956 2456 moderner Mietpalast kam. Im Jänner 1897 wurde das
646 2399 1787 2462 geschwärzten Tapeten widerhallten von den stürmischen,
1818 2444 2950 2496 Café Griensteidl nach mehr als fünfzigjährigem Bestand
649 2453 1781 2499 oft bis zum Morgengrauen ausgedehnten Debatten
1827 2490 2953 2539 gesperrt. Viele seiner Stammgäste wanderten in das
652 2496 1790 2542 Gott, der miserabel eingerichteten Welt und vor allem
649 2531 2953 2585 den Kunst= und Amtsbanaussen wurde der Fehdehand¬ Café „Zentral“ aus. Unter dem Motto: „Demolierte
1827 2577 2947 2623 Literatur hielt in einem Sonderheft der „Wiener Rund¬
649 2582 1795 2640 schuh hingeschleudert, eigene Verse und Prosa vor¬
1824 2620 2947 2671 schau" Karl Kraus, selbst einer der typischen Gestalten
646 2623 1792 2674 getragen. Hermann Bahr, Hugo v. Hofmanns¬
652 2663 2941 2712 thal, Karlweis, Torresani und Schnitzler von Griensteidl, eine satirische, mit einiger persönlichen
1824 2703 2959 2760 Bosheit gewürzte Nachrede für den geistigen Kreis des
649 2706 1787 2755 waren hier zu finden. Viele von den Stänngästen des
655 2749 1778 2806 Café Griensteidl stiegen, als Sturm und Drang vorbei
1818 2752 1962 2824 Cafés:
655 2795 1792 2847 gebraust waren, zu reifer Kunst= und Lebenshöhe empor.
1907 2772 2947 2852 „Hier verkehrten Leute, die Posen aus zweiter Hand
649 2835 2953 2893 Aber es gab auch eine Reihe von Besuchern, wie schon bezogen und auf Affektationen subabonniert sind. Für
646 2878 1784 2927 aus ihren Namen erhellte, keineswegs zum boden¬
1827 2887 2962 2933 sie wurde das Café Griensteidl zum Paradies, weil hier
655 2921 1787 2976 ständigen Wiener Künstler= und Volkstum gehörig,
1827 2924 2950 2973 sämtliche Bände von Mayers Konversationslexikon, was
649 2970 1790 3010 deren traditions= und ehrfurchtsloses Wesen sich nament¬
1833 2964 2950 3019 sehr wichtig — an leicht zugänglicher Stelle — unter¬
646 3008 2956 3085 lich in der Journalistik und in der Tagesliteratur höchst gebracht sind. Hier versammelt sich eine Dichtergalerie
646 3051 1063 3122 ungünstig auswirkte
1824 3051 2956 3111 junger Männer, die nicht schreiben können, sich aber leider
744 3094 1160 3154 Diese „Griensteidler“
1195 3071 1790 3160 haben nicht zuletzt das wahre
1830 3097 2962 3148 gerade nur auf den Beruf kaprizieren. Hier können sie
649 3131 1795 3194 geistige Bild unserer Stadt verdunkelt, es verfälscht und
1827 3137 2959 3188 die notwendigen Anregungen und Nervositäten beziehen,
646 3180 1792 3234 mißprägt und durch ihren zersetzenden Einfluß im öffent¬
1821 3183 2959 3232 hier finden sie seltsame Farbenkompositionen von
652 3220 1798 3272 lichen Leben ein bis in unsere Tage fortwirkendes, nur
1827 3217 2962 3295 Gefrorenem, Melange und Absinth, um so ihr Bedürfnis
661 3263 1787 3315 schwer gutzumachendes Unheil angerichtet. Im Café
1821 3263 2743 3344 nach inneren Erlebnissen zu befriedigen. . .
652 3309 1787 3358 Griensteidl tagte auch die Literatengesellschaft „Iduna“,
1916 3295 2964 3369 Dem Gedächtnis einer jüngeren Generation ist das
658 3352 1790 3401 die damals vor 40 Jahren viel von sich reden machte,
1824 3361 2956 3413 alte Café Griensteidl und seine Bedeutung schon ent¬
661 3395 1795 3447 beute verschollen ist. Das aufgeregt weltumstürzlerische
1830 3392 2962 3458 schwunden. Das „literarische Kaffeehaus“ wird natürlich
664 3438 1795 3487 Gehaben einzelner Besucher, die ihre Bedeutung für die
1821 3444 2959 3502 auch im neuen Wien immer noch weiter existieren. Aber
664 3481 1798 3553 Mitwelt einigermaßen überschätzten, trug dem Lokal im
1827 3484 2962 3539 es ist zu erwarten und zu erhoffen, daß sein Einfluß und
658 3522 1732 3579 Volksmund den Spitznamen „Café Größenwahn“ ein.
1830 3527 2964 3585 seine Bindung an das Kultur= und Gesellschaftsleben
741 3559 1790 3614 Als im Jahre 1896 Pläne zu einer neuen Aus¬
1821 3576 2970 3637 volkstümlicher und positiver sein wird, als man es
658 3608 1790 3665 gestaltung des Michaelerplatzes auftauchten, schienen dem
1824 3614 2798 3706 gemeiniglich bisher mit seinem Begriff verband.
661 3651 1792 3708 Café Griensteidl die Totenglocken zu läuten. Es begann
2683 3662 2933 3763 Dr. J. W.
666 3694 1815 3769 der Umbau des Palais Herberstein, an dessen Stelle ein
