3392 4320
1486 177 1786 270 Augustin.
540 210 2840 378 Das Klubwesen, das im Leben der Engländer eine den berühmtesten in Wien gehörte, residierte. An diesem Stamm¬
438 300 2840 417 dominierende Rolle spielt, hat sich in Wien nie so recht zu ent= tisch fand sich in sehr abwechslungsreicher Reihenfolge wohl so
429 348 1627 426 wickeln vermocht. Klubs nach englischem Muster mit strengen
1651 393 2840 474 ziemlich alles ein, was irgendeinen Namen in der Literatur und
429 402 2843 513 Ballotage bei der Aufnahme und exklusiver Führung bestehen Publizistik hatte, von den bloßen Beisitzern ganz abgesehen.
432 453 2837 567 wohl auch hier, aber sie rangieren bei dem ganz anders gearteten Nobenan, im Café Herrenhof, hat außer dem literarischen Sturm
432 495 1621 567 gesellschaftlichen Klima Wiens nicht im Vordergrund. Man ist hie
1654 525 2840 616 und Drang die schöngeistige Journalistik ihren Stammsitz,
432 552 2837 676 wesentlich anspruchsloser, man hat kein Verlangen danach, sich während sich die politischen Journalisten im Café Rebhuhn
429 591 2045 700 von der Außenwelt hermetisch abzuschließen, und man hat hier niedergelassen haben,
438 643 1624 721 nur geringes Verständnis für die immer ein wenig zeremonio
429 700 1633 760 Statutengerechtigkeit des Klublebens. Wenn man Umgang mit
1780 691 2699 793 Stammgast: Franz Grillparzer.
432 739 1627 829 Menschen sucht, dann soll er wirklich umgänglich, also gemütlich
1738 760 2846 847 Der Stammtisch setzt natürlich eine gewisse Seßhaftigkeit
432 787 2840 910 sein, ungezwungen und ohne lästige Förmlichkeit. Und, last, not voraus, Stabilität in der Ausübung des Berufes und folglich
429 835 2840 940 least, ohne die Spesen, die mit der Zugehörigkeit zu einem Klub Behaglichkeit des Daseins. Damit ist es jetzt nicht sehr gut
429 886 1552 958 unerläßlich verbunden sind. Ein Stammtisch tut es eben auch.
1642 916 2840 997 bestellt. Der verschärfte Kampf ums Brot hat so manchen,
531 934 1618 1003 Es gibt wohl kaum ein Wiener Gasthaus oder Kaffeehaus
1648 964 2837 1033 scheinbar für alle Ewigkeit festgefügten Stammtisch auseinander¬
426 970 1618 1051 das nicht seine Stammgäste und seine Stammtische hätte. Sie sin
1654 1015 2837 1081 fallen lassen und seine Mitglieder in alle Winde zerstreut. Die
429 1027 1615 1099 der Stolz des Lokals, sie begründen meist sein Renommee. Schlimm
1651 1063 2837 1135 Erinnerung an die schönen Abende von einst aber ist nicht
429 1072 1618 1150 wenn ein Stammtisch auf die Idee kommt, auszuwandern. Darun
1642 1105 2840 1174 verweht. Noch nach Jahrzehnten weiß man um berühmte
429 1132 1615 1195 wird er mit ganz besonderer Sorgfalt bedient, verwöhnt und ver
1642 1159 2828 1222 Stammtische. Die Linde in der Rotenturmstraße bewahrt noch
429 1174 2831 1267 hätschelt. Er ist nicht immer sehr angenehm. Manchmal terrorisiert das Bild auf, das die Stammgäste Alexander Girardi und
420 1228 1612 1300 er den ganzen Betrieb, aber was will man machen? Man seufz
1642 1249 2828 1324 Adolf v. Sonnenthal zeigt, und im Café Museum, wo sich auch
420 1273 2831 1375 und fügt sich den Launen: es ist halt der Stammtisch! Vor dem die Maler und Bildhauer der Sezession täglich zusammenfanden,
432 1321 1615 1390 man Respekt hat. Nicht bloß, weil er eine sichere Einnahme bedeutet
1642 1351 2831 1420 gedenkt man des großen Operetten=Stammtisches, dessen Mittel¬
435 1366 2831 1465 sondern weil häufig genug um ihn Menschen sitzen, die selbst etwas punkt der Direktor des Theaters an der Wien Wilhelm Karczag
426 1417 2825 1507 bedeuten, in Politik und Verwaltung, in Wissenschaft und Kunst, war und an dem man Franz Lehar, Leo Fall, Oskar Strauss,
423 1468 1621 1528 Menschen mit scharf konturiertem Profil. Sie kommen nicht
1645 1489 2828 1558 Emmerich Kalman, Louis Treumann, Robert Bodansky und
417 1510 2822 1600 zusammen, um einen Abend bloß mit Essen, Trinken und Tratsch noch viele andere aus dem Reich der Operette sehen konnte
414 1570 2831 1657 hinzubringen. So wollen einander auch etwas sagen, um einander Theaterleute, die mit ihrem starken Verbrauch von Nervenkraft
417 1615 2825 1717 wissen, in Fühlung bleiben, etwas hören, Anregungen empfangen, das Bedürfnis nach Entspannung an einem fröhlich gestimmten
417 1654 1009 1741 Ideen und Pläne durchsprechen.
1630 1678 2828 1744 Tisch empfinden, sind überhaupt die besten Stammtischgründer
1633 1729 2831 1798 und bringen immer auch gleich ihr Gefolge ins Haus. Man
691 1708 1348 1814 Luegers Weinstüberl.
1639 1774 2825 1850 findet sie bei der Schöner, im Griechenbeis, im Weingartl, im
519 1780 2828 1889 Mitunter vernimmt man das Wort Stammtisch in Goldenen Hirschen auf der Alserstraße, wenn auch nicht mehr
420 1817 1612 1910 degradierenden Anführungszeichen. Das mag oft und oft seine
1639 1868 2825 1940 jene Regelmäßigkeit wie früher besteht, wo man zu einer be¬
411 1898 2822 1988 Richtigkeit haben. Aber gerechterweise ist nicht zu vergessen, daß stimmten Stunde mit Sicherheit damit rechnen konnte, den oder
411 1955 1609 2015 von den Stammlischen auch wertvolle Impulse ausgehen, daß
1636 1967 2819 2027 jenen an seinem Stammtisch anzutreffen. Die Pedanterie eines
420 1991 1603 2057 hier schon Bewegungen entstanden, die sehr ernsthaft waren. De¬
1630 2015 2822 2078 Franz Grillparzer zum Beispiel, der auf die Minute genau sich
420 2045 2822 2129 großen Wiener Bürgermeisters Dr. Karl Lueger blendende an seinem Stammtisch im Matschakerhof niederließ, ist längst
414 2093 2819 2171 Karriere nahm an einem Stammtisch ihren Ausgangspunkt, und nicht mehr möglich. Dazu ist man viel zu sehr in Anspruch ge¬
417 2144 2819 2228 er ist auch auf der Höhe seines Wirkens und Ruhmes den nommen und den Improvisationen des Lebens ausgesetzt. Aber
420 2186 2822 2267 Stammtischgepflogenheiten treu geblieben, als er in dem unter wenn man auch fluktuiert, man findet einander doch und hält
423 2231 1600 2294 seinem Regime errichteten Rathauskeller für ein eigenes „Rats
1627 2252 2819 2309 aneinander fest. In dieser Beziehung ist der Stammtisch beim
417 2285 2819 2375 stüber!“ Vorsorge traf. Politik am Stammtisch muß sich also Metzger auf der Landstraße vorbildlich, wo sich wöchentlich
408 2330 2480 2438 durchaus nicht immer auf primitive Bierbankweisheit und einmal die Generale der alten Armee treffen.
411 2375 1069 2459 sterile Kannegießerei beschränken.
1934 2399 2513 2498 Die Ludlamshöhle.
604 2432 1414 2537 Wo Dichter und Tragöden
1726 2459 2816 2555 Will man jedoch vom berühmtesten Wiener Stammtisch
769 2519 1264 2591 zu Hause waren.
1627 2522 2819 2594 sprechen, dann muß man sehr weit zurückgreifen, bis in de¬
513 2564 1597 2642 Noch deutlicher wird die kulturelle und geistige Funktio¬
1624 2585 2750 2645 Vormärz. Es war im Jahre 1816, daß sich im Blumenst
405 2618 1597 2696 der Stammtische, wenn es sich um Literatur und Kunst handelt
1624 2627 2753 2705 in der Ballgasse eine Tischgesellschaft von Dichtern, Sch
414 2672 1597 2741 Aus dem berühmten und auch geschmähten Café Griensteidl au
1630 2681 2801 2750 stellern, Gelehrten, Künstlern und Musikern gründete, den
405 2717 1594 2789 dem Michaelerplatz wurde jene Renaissance der Wiener Literatur
1627 2732 2819 2795 Teilnehmerzahl rasch anwuchs und die sich ein Jahr später den
402 2768 1591 2837 in die Wirklichkeit hinüberdebattiert, die sich in den Namen
1624 2777 2816 2834 Titel eines Theaterstückes, des dramatischen Märchens „Dudlams¬
402 2813 1588 2906 Hermann Bahr, Hugo v. Hofmannsthal und Artur Schnitzle
1624 2825 2810 2897 höhle von Adam Oehlenschläger, beilegte. Dieser Stammtisch
411 2876 2813 2948 glanzvoll verkörperte. Im Löwenbräu, das dann dem repräsentierte wirklich das geistige Wien von damals Seinem
414 2912 1591 2978 Expansionsbedürfnis der Bodenkreditanstalt zum Opfer fiel
1618 2921 2810 2987 Kreis gehörten Grillparzer, Castelli, Deinhardstein, Zedlitz, Seidl,
408 2957 1594 3027 hatten die Herren des Burgtheaters ihren Stammtisch, wo sich
1627 2969 2810 3036 Saphir, die bekanntesten Schauspieler mit Anschütz an der Spitze,
405 3012 1591 3072 Hamlet und König Lear, Don Carlos und der Richter von
1621 3018 2816 3090 dann die Musiker C. M. v. Weber, Salieri, Moschelles und
405 3063 1594 3117 Zalamea ihr Schnitzel und ihr Glas Bier ausgezeichnet schmecken
1627 3069 2810 3132 Gyrowetz sowie eine Reihe von anderen Persönlichkeiten an.
408 3111 1591 3168 ließen. Seine Glanzzeit hatte dieser Burgtheaterstammtisch, alt
1621 3114 2813 3183 In der Ludlamshöhle ging es überaus lustig zu, viel Esprit
408 3156 1591 3216 ihm der Direktor Dr. Paul Schlenther präsidierte, der sich hie¬
1615 3165 2813 3231 wurde hier versprüht, aber auch viel Humor von jener Sorte
402 3204 1588 3267 noch bedeutend mehr zu Hause fühlte als drüben in seine
1618 3213 2813 3279 verzapft, die nicht mehr gesellschaftsfähig ist. Bezeichnend für
405 3249 1477 3315 Direktionskanzlei. Hieher, ins Löwenbräu, brachte auch
1501 3258 1585 3312 Zete
1609 3261 2810 3330 den Ton war, daß die Kandidaten, die Zutritt zur Ludlams¬
399 3297 2807 3369 Altenberg seinen zahlreichen Anhang, wenn er nicht im Café höhle erlangen wollten, sich einer Prüfung aus der „Frivolitäts¬
402 3339 1588 3423 Zentral in der Herrengasse an seinem Stammtisch, der wohl zu
1615 3360 2804 3441 wissenschaft“ unterziehen mußten. Prüfungskommissär war der
1657 3459 2843 3567 Dichter Castell. Im Jahre 1828 setze die Polizei der Fröhlich¬
1660 3549 2852 3618 keit ein Ende. Aber nicht aus Gründen einer übertriebenen
1663 3597 2840 3660 Prüderie, sondern weil die Tätigkeit der „Carbonari“ in
1666 3636 2849 3717 Italien den Wiener Polizeioberdirektor Persa auf die Ver¬
1651 3690 2852 3765 mutung brachte, die Budlamiten wären politische Verschwörer.
1654 3750 2855 3807 Nach dem Vorbild der Ludlamshöhle wurden übrigens später
1657 3789 2849 3858 ähnliche gesellige Vereinigungen gegründet wie die Concordia,
1654 3834 2852 3903 nicht zu verwechseln mit dem gegenwärtig bestehenden
1663 3885 2849 3990 Journalisten= und Schriftstellerverein, dann das „Supirium",
1651 3930 2666 4014 die „Baumannshöhle" und endlich die „Grüne Insel".
