3392 4352
263 217 429 308 13.
464 223 1125 310 Miscellaneous
1322 208 1734 303 box 447
2059 115 2946 160 empty
2044 157 2943 208 towards the door, expecting to be frowned upon
2062 198 2942 246 by the head waiter, stranded among his smiles.
2062 243 2942 288 But the smiles continue. He is of your own
2055 274 2943 328 opinion one cannot sup à la Cruse. Perhaps
2059 319 2938 366 another evening ? Sometimes the Viennese are
2053 366 2938 414 a little sad, but they are not importunate or
2055 406 2937 451 angry or glum. Even in misfortune they have
2062 447 2943 510 the detachment of a people not inexperienced in
2055 491 2387 543 fortune's changes.
2101 521 2940 573 Though the play is not new, it was pleasant to
2053 568 2938 617 go to Herr Preminger's production of Old Heidel¬
2055 614 2937 658 berg at Reinhardt's Theater in der Josefstadt.
2062 654 2943 702 When the piece is performed straight," merits
2053 691 2938 739 appear in it which are concealed by spectacular
2053 738 2939 788 embellishments. Herr Jaray has a most unusual
2062 774 2943 830 gift for the light treatment of sentimental
2062 818 2943 871 passages. Fräulein Paula Wessely is clearly an
2052 857 2946 911 actress who might play almost any part, tragic
2055 900 2937 952 or comic. She has that special clearness of pur¬
2062 946 2935 993 pose and decision of phrase which alone could
2055 981 2937 1038 give to her scenes at once sparkle and sincerity.
2055 1024 2940 1069 It is said that she is to play St. Joan in Berlin.
2053 1067 2823 1113 It will be a performance worth watching.
2092 1099 2952 1158 A later visit to the same theatre discovered the
2055 1150 2943 1194 first night of Tiroler-Hütchen, adapted by Hanns
2053 1189 2940 1239 Sassmann from the original of Stefan Gregg,
2059 1229 2940 1282 which describes the adventure of an English girl
2055 1269 2943 1316 and a Tirolese sking-instructor. Its last act,
2055 1317 2943 1364 having no substance left, falls away into song
2053 1351 2946 1395 and dance, but the first two are full of delicious
2053 1394 2939 1449 nonsense. Not a work of art, but a commercial
2055 1441 2940 1487 entertainment, it might, if its last act were re¬
2059 1481 2942 1529 written, run across Europe. Fräulein Leny
2059 1518 2944 1568 Marenbach, though not without technical defects,
2053 1560 2940 1611 has the stuff in her of which very popular
2035 1605 2940 1676 actresses are made, not the least of her assets
2046 1643 2621 1703 being an international dimple.
2092 1683 2952 1743 From this it is a long step to consideration of
2059 1728 2944 1788 he achievements of the State theatres. Nothing
2068 1764 2943 1825 this journey has been more reassuring than the
2074 1812 2937 1866 jourage and the elasticity of the Austrians
2071 1850 2951 1911 rtistic policy. The country is passing through
2092 1894 2946 1946 period of political complexity, but the great
2071 1935 2946 1991 heatres are used for the production of works
2071 1978 2943 2034 part on their merits, while a consistent and
2071 2016 2943 2060 successful attempt is made to reduce the financial
2071 2059 2943 2104 purden by economies and by organization of the
2068 2096 2953 2149 Audience into theatre communities. The total
2064 2139 2946 2189 deficit payable by the State has been reduced
2074 2183 2943 2232 during the last two years from approximately
2074 2221 2947 2274 even million to approximately four million
2074 2265 2949 2311 chillings (148,000). There are 2,440 regular
2064 2306 2949 2358 subscribers for drama and 1,667 for opera. In
2068 2347 2953 2417 addition to this, the theatre communities have
2064 2386 2347 2460 3,500 members.
2238 2453 2752 2543 LEHAR CONDUCTS
2095 2522 2943 2575 That even the proud tradition of the Opera is
2059 2576 2940 2622 not classically fettered is proved by its willing¬
2062 2615 2937 2665 hess to pay tribute to Lehár by producing his
2061 2658 2936 2714 Giuditta, with Frau Nowotna and Herr Tauber
2053 2695 2940 2742 in the leading parts. Lehár himself conducts.
2059 2736 2940 2796 Strictly conservative opinion may be a trife
2055 2776 2929 2825 jastonished to find so light a piece in this theatre.
2053 2820 2940 2875 Seeing the same thing from a different point of
2055 2861 2937 2913 view, a layman of music may be disconcerted to
2055 2910 2937 2955 discover Herr Tauber, whose amorous gestures
2055 2947 2931 2991 are those of an impassioned Robot, in the uni¬
2053 2982 2934 3039 form of the dashing hero of a musikalische
2055 3027 2935 3076 Komödie. But the balance is a graeful one.
2053 3071 2938 3122 The audience, its sombre appearance lightened
2044 3111 2935 3159 again by the beautiful uniforms of the past, is
2050 3159 2935 3206 alive and responsive. Herr Tauber sings as
2046 3195 2937 3244 London already knows; Frau Nowotna has a
2046 3237 2931 3289 grace and lightness of touch very rare in a
2046 3273 2931 3324 prima donna ; and it is a unique experience to
2050 3320 2935 3373 hear a Lehár score supported by the full
2050 3365 2647 3410 resources of the Viennese Opera.
2098 3400 2934 3449 The Burgtheater is, in traditional grandeur,
2041 3443 2928 3499 the dramatic equivalent of the Opera. The
2046 3486 2934 3533 magnificence of its approaches leads one to
2041 3525 2934 3576 expect an auditorium in which Drury Lane and
2053 3569 2934 3620 the Lyceum might be swallowed up. It is in fact
2050 3610 2929 3650 large but not so large as that. In a house
2046 3652 2928 3699 decorated in white and gold with curtains of red
2044 3688 2931 3746 silk Shakespeare's Richard III. was being given
2044 3726 2935 3773 in Schlegel's translation. It provided an oppor¬
2053 3776 2934 3820 tunity to see not only Werner Krauss as the King
2044 3814 2932 3865 but Hedwig Bleibtreu, the chief of Vienna's
2050 3857 2931 3909 senior actresses, as the widow of Henry VI.
2053 3896 2928 3953 Their acting throws light on the contrast in styles
2046 3943 2926 3984 of which we were aware when Herr Krauss ap¬
2055 3980 2926 4033 peared with an English company in London.
2046 4025 2934 4071 From the moment in which Richard, with
2050 4063 2931 4119 flaming hair and carrying his great two-handed
3112 4088 3361 4180 E
