3344 4352
1183 344 1601 444 box 447
137 349 999 452 13. Miscellaneous
793 919 1111 1088 RATIS
332 1074 487 1174 2
570 1091 710 1188 1934
412 1154 2437 1380 Altes und Neues vom Café „Größenwahn".
349 1360 2569 1483 In der Festschrift des Gremiums der Wiener Café Griensteidl im Schwung der Tage von 1848 sogar
266 1395 1403 1489 Kaffeehausbesitzer anläßlich der 250-Jahr-Feier
1432 1455 2577 1549 zum „National=Café“ avancierte, welcher Name sich
263 1458 1400 1529 des Wiener Kaffeehauses im Türkenjahr 1933 wird unter
1432 1483 1973 1552 allerdings nicht lange hielt.
266 1503 1398 1575 vielen anderen Alt=Wiener Kaffeehäusern auch des
1512 1529 2572 1598 In den fünfziger Jahren war Griensteidl am
258 1544 1395 1627 einzigartigen Cafés Griensteidl, einst ein Wahr¬
1438 1566 2554 1647 Michaelerplatz die Residenz verschiedener „Unzufriedenen
266 1595 1400 1655 zeichen des Michaelerplatzes, gedacht. Man weiß, daß in
1438 1612 2569 1690 die damals Gott sei Dank nur in männlicher Ausgabe
263 1641 1395 1695 keiner anderen Stadt der Welt das literarische und
1432 1658 2569 1735 existierten. Hier hatten die Arbeiterführer Hartung,
263 1672 1395 1744 künstlerische Leben so eng mit dem Kaffeehaus verwurzelt
1429 1698 2569 1776 Most und Oberwieder ihr Quartier aufgeschlagen,
258 1718 1398 1801 war, wie gerade in Wien. Der südliche Charakter der
1429 1747 2563 1813 von hier aus wurde die erste Demonstration vor dem
263 1761 1398 1833 Stadt zeigte sich und zeigt sich in dieser Freude an dem
1438 1784 2563 1870 Parlament veranstaltet. Aber hier verkehrten auch
255 1798 1400 1873 öffentlichen Räsonieren und Diskutieren im Schatten der
1432 1830 2569 1904 Berühmtheiten, wie Grillparzer, Laube, Graf
266 1853 1395 1916 „Schanigärten, wobei wiederum deutsche Gründlichkeit
1429 1870 2572 1944 Beust, Costa und Kamillo Sitte, und so wurde das
258 1893 1400 1996 dem berühmten Wiener Literaturafé eine ganz eigene
1429 1916 2566 1982 Kaffeehaus, mit dessen Bedeutung für das geistige
255 1939 739 2005 verinnerlichte Note gab.
1429 1959 2563 2036 Leben Wiens sich der soeben erschienene dritte (Schluß¬
358 1973 1392 2048 Eines der berühmtesten dieser Wiener Literatur¬
1423 2005 2569 2070 Band der Deutschösterreichischen Literaturgeschichte von
258 2030 1395 2105 und Kulturcafés war, wie in der genannten Festschrift
1429 2039 2563 2122 I. W. Nagl und I. Zeidler ausführlich beschäftigt,
258 2068 1392 2142 hervorgehoben wird, zweifellos das Café Griensteidl.
1435 2099 2566 2179 sehr bald zu einem „Hauptstapel- und Umschlageplatz von
252 2111 1392 2185 Vor rund 95 Jahren wurde es von dem Angehörigen
1432 2122 1644 2191 Zeitideen".
261 2162 1389 2225 einer Alt=Wiener Bürgerfamilie, dem früheren Apotheken
1503 2165 2563 2265 In den neunziger Jahren des vorigen Jahrhunderts
249 2199 1395 2274 Heinrich Griensteidel, im Parterre des damaligen Palais
1432 2228 2557 2305 versammelten sich bei Griensteidl an bestimmten Nach¬
249 2239 1395 2331 Herberstein am Michaelerplatz eröffnet. Gleich in seinen
1429 2274 2560 2340 mittagen und Abenden jugendliche Literaten und
249 2282 1395 2368 Anfängen war es ein Treffpunkt literarischer und
1420 2308 2552 2386 Künstler, die hinter der Schale Mokka oder Kapuziner
258 2325 1272 2397 politischer Persönlichkeiten und von einer
1432 2354 2560 2423 stürmisch eine Neuordnung der Kunst und des Lebens
243 2371 2549 2512 revolutionären Nimbus umgeben. So kam es, daß das verlangten. Die niedrigen Zimmer mit den Zigarrenrauch
1418 2494 2546 2560 geschwärzten Tapeten widerhallten von den stürmischen,
2577 2497 3310 2554 moderner Mietpalast kam. Im Jän
1406 2552 2549 2603 oft bis zum Morgengrauen ausgedehnten Debatten.
2575 2552 3302 2615 Café Griensteidl nach mehr als fünf
1409 2592 2543 2655 Gott, der miserabel eingerichteten Welt und vor allem
2580 2592 3285 2655 gesperrt. Viele seiner Stammgäste
1403 2632 2546 2686 den Kunst= und Amtsbanausen wurde der Fehdehand¬
2577 2638 3293 2698 Café „Zentral“ aus. Unter dem
1418 2669 2549 2726 schuh hingeschleudert, eigene Verse und Prosa vor¬
2580 2675 3296 2732 Literatur" hielt in einem Sonderheft
1406 2723 2543 2772 getragen. Hermann Bahr, Hugo v. Hofmanns¬
2577 2721 3310 2772 schau" Karl Kraus, selbst einer der
1403 2766 3290 2818 thal, Karlweis, Torresani und Schnitzler von Griensteidl, eine satirische, mit
1406 2801 2540 2852 waren hier zu finden. Viele von den Stammgästen des
2577 2809 3299 2864 Bosheit gewürzte Nachrede für den
1403 2844 2532 2895 Café Griensteidl stiegen, als Sturm und Drang vorbei
2575 2849 2718 2915 Cafés:
1409 2887 2552 2941 gebraust waren, zu reifer Kunst= und Lebenshöhe empor.
2652 2875 3316 2953 Hier verkehrten Leute, die Poser
1398 2930 2543 2981 Aber es gab auch eine Reihe von Besuchern, wie schon
2572 2935 3308 2995 bezogen und auf Affektationen suba
1400 2973 2543 3033 aus ihren Namen erhellte, keineswegs zum boden¬
2583 2984 3302 3036 sie wurde das Café Griensteidl zum
1409 3016 2540 3073 ständigen Wiener Künstler= und Volkstum gehörig,
2580 3027 3322 3076 sämtliche Bände von Mayers Konver¬
1398 3056 2543 3107 deren traditions= und ehrfurchtsloses Wesen sich nament¬
2586 3070 3308 3121 sehr wichtig — an leicht zugängliche
1403 3101 2546 3164 lich in der Journalistik und in der Tagesliteratur höchst
2583 3113 3296 3156 gebracht sind. Hier versammelt sich
1409 3139 1813 3207 ungünstig auswirkte
2577 3150 3305 3207 junger Männer, die nicht schreiben kön¬
1492 3150 2540 3236 Diese „Griensteidler" haben nicht zuletzt das wahre
2577 3193 3319 3247 gerade nur auf den Beruf kapriziere
1406 3230 2540 3282 geistige Bild unserer Stadt verdunkelt, es verfälscht und
2569 3242 3310 3290 die notwendigen Anregungen und N.
1398 3273 2543 3328 mißprägt und durch ihren zersetzenden Einfluß im öffent¬
2569 3282 3319 3336 hier finden sie seltsame Farben
1400 3313 2543 3365 lichen Leben ein bis in unsere Tage fortwirkendes, nur
2569 3328 3310 3373 Gefrorenem, Melange und Absinth, u
1406 3359 2540 3408 schwer gutzumachendes Unheil angerichtet. Im Café
2572 3362 3333 3428 nach inneren Erlebnissen zu befriedig
1406 3402 2532 3451 Griensteidl tagte auch die Literatengesellschaft „Iduna“
2658 3411 3293 3477 Dem Gedächtnis einer jüngeren
1406 3442 2534 3497 die damals vor 40 Jahren viel von sich reden machte
2575 3465 3302 3531 alte Café Griensteidl und seine Be¬
1412 3488 2543 3540 heute verschollen ist. Das aufgeregt weltumstürzlerische
2572 3502 3308 3560 schwunden. Das „literarische Kaffeeh
1409 3534 2534 3588 Gehaben einzelner Besucher, die ihre Bedeutung für die
2572 3551 3319 3605 auch im neuen Wien immer noch wei¬
1409 3574 2540 3634 Mitwelt einigermaßen überschätzten, trug dem Lokal im
2569 3588 3331 3660 es ist zu erwarten und zu erhoffen, da
1412 3608 2471 3686 Volksmund den Spitznamen „Café Größenwahn" ein.
2569 3634 3316 3680 seine Bindung an das Kultur, un
1489 3660 2532 3709 Als im Jahre 1896 Pläne zu einer neuen Aus¬
2572 3671 3270 3731 volkstümlicher und positiver sein
1412 3689 2540 3752 gestaltung des Michaelerplatzes auftauchten, schienen dem
2569 3709 3319 3783 gemeiniglich bisher mit seinem Begrif
1412 3749 2534 3797 Café Griensteidl die Totenglocken zu läuten. Es begann
1412 3792 2563 3863 der Umbau des Palais Herberstein, an dessen Stelle ein
