3344 4352
182 356 320 447 13.
1231 347 1650 453 box 447
371 360 1043 450 Miscellaneous
646 732 978 834 en
953 868 1135 957 9.
387 927 1468 1012 Wiener Autoren in Frankfurt am Main.
439 985 1492 1053 Die jüngste Novität des Akademietheaters, „Stille
368 1039 1499 1108 Musik von Rudolf Holzer, ist an dem von Artur
373 1080 1497 1160 Hellmer geleiteten Neuen Theater in Frankfurt am Main
370 1125 1500 1202 zur Uraufführung gelangt. Hellmer ist Wiener und hat in den
371 1171 1497 1245 23 Jahren, während der er die Frankfurter Bühne führt, wieder¬
380 1228 1503 1294 holt Werk von Wiener Autoren, wie Bahr, Schnitzer und
380 1277 1513 1355 Auernheimer, in mustergültigen Aufführungen dem westdeutschen
366 1329 1030 1399 Theaterpublikum zugänglich gemacht.
474 1476 778 1595 GRA
950 1514 1366 1678 eleg.
735 1670 850 1768 10
497 1792 1335 1880 Gustav Pach gestorben. Am Sonntag ist
445 1868 1332 1925 in Lainz Gustav Pach gestorben, nicht lange
454 1908 1328 1953 nach seinem 85. Geburtstag. Aus diesem An¬
454 1949 1331 2007 laß haben wir damals, es war im vergangenen
454 1997 1331 2053 November, von einem Mann erzählt, von
454 2036 1328 2096 dem man Generationen von Kaffeehaus¬
457 2083 1334 2135 besuchern nichts zu erzählen brauchte.
445 2130 1332 2179 35 Jahre hat er das Schweizerhaus
452 2166 1321 2217 im Prater und das damals berühmteste
454 2211 1335 2271 Kaffeehaus, das „Central“ in der Herren¬
452 2255 1332 2320 gasse, geleitet. Ein aus Deutschland
457 2306 1334 2357 stammender, gebildeter junger Mensch, mit
452 2350 1334 2398 klarem Blick für das Wesentliche, ist er vor
454 2385 1328 2440 mehr als sechzig Jahren nach Wien ge¬
457 2432 1331 2482 kommen, wird Kassier im Brauhaus
460 2478 1331 2533 Straßnitzky, und macht dann die Wirts¬
460 2523 1328 2581 karriere, die ihm nicht nur Millionen von
762 2564 1332 2621 ungezählte Anerkennungen,
457 2570 696 2628 Goldkronen,
473 2602 1334 2660 sondern geradezu Lokalruhm eingetragen hat.
466 2655 1334 2701 Billroth und Gersuny, Anton Bruckner und
469 2694 1331 2762 Georg Reimers, Ernest v. Körber und
457 2742 1338 2810 Trotzkij, um nur einige Namen
457 2796 1331 2859 zu nennen, sind so wie Peter Altenberg und
460 2842 1331 2897 Egon Friedell nicht nur seine Besucher,
463 2890 1335 2950 sondern auch seine Vertrauten gewesen. Un¬
460 2927 1336 2986 erschöpflich war Gustav Pach (bis in seine
463 2968 1336 3029 letzten Tage von beneidenswerter Frische) an
469 3014 1336 3072 Anekdoten, die er alle durch Briefe und
463 3057 1338 3120 Bilder belegen und illustrieren konnte. Aus
454 3105 1336 3161 einer Zeit, in der man in einem Kaffeehaus
463 3156 1335 3199 1500 Goldkronen Tageslosung erzielen konnte,
463 3189 1338 3249 ließ es sich schwer in die neue finden. 1916 hat
457 3226 1339 3288 er das „Central“, um eine halbe Million
457 3280 1339 3333 Kronen verkauft und damit begann sein Ab¬
467 3311 1339 3379 stieg, der ihn endlich dazu brachte, auf die
467 3356 1342 3419 Güte der Gemeinde angewiesen zu sein. Den
466 3414 1338 3466 Höhepunkt eines reichen Lebens, das nun ab¬
466 3445 1338 3513 geschlossen ist, bildete der Besuch, den er 1907
460 3500 1346 3555 bei Roosevelt I. gemacht hat. Das Bild von
457 3545 1339 3606 „Teddy" hing mit dem von Julius Tandler
463 3583 1341 3645 neben seinem Lainzer Bett, und von jener
457 3630 1339 3682 amerikanischen Reise hat er auch nicht minder
464 3665 1342 3734 gern erzählt als von den Beziehungen zu
460 3706 1336 3792 Artur Schnitzler, Felix Salten, Huberman,
464 3769 1338 3823 Max Hussaren, Max Devrient, zu Hohen¬
463 3809 1339 3867 traut, Speidel, Czedik, zum Hofopern=Jahn,
463 3848 1341 3906 zur Materna, zum Baumeister — eine Liste
463 3882 1338 3949 der Berühmtheiten stand in seinen Er¬
463 3926 1344 3995 innerungen. Und eine Wirtsberühmtheit
469 3973 1344 4035 selbst ist mit dem Mann dahingegangen, der
463 4011 1345 4076 heute, Donnerstag, um ½11 Uhr, auf dem
476 4057 1344 4129 Zentralfriedhof (4. Tor) zu einer Ruhe ein¬
476 4100 1344 4170 geht, die er sich nach jahrzehntelanger Arbeit,
464 4142 1336 4213 die reichlich dazu beigetragen hat, unsre Lokal¬
469 4187 1339 4261 glorie, das Kaffeehaus, zu heben, redlich ver¬
481 4252 600 4303 den
1924 720 2721 809 „OBSERVER
2012 814 2676 859 1. österr. behördl. konzessioniertes
1979 851 2711 912 Unternehmen für Zeitungs-Ausschnitte
2055 906 2639 974 WIEN, I., WOLLEILE 11
2117 958 2568 1026 TELEPHON R-23-0-43
1921 1087 2237 1166 Ausschnitt au¬
2216 1112 2618 1269 le
2175 1281 2635 1396 19. 1934
1922 1315 2052 1390 vom
1935 1463 2775 1565 heater und uns
1959 1576 2711 1674 „Die gelehrten Frauen.
2018 1658 2673 1751 Molière im Reinhardt-Seminar.
1953 1702 2784 1789 Dies selten gezeigte Spielchen des
1905 1775 2790 1832 Molière, in der ausgezeichneten, dem
1918 1818 2796 1874 Urbild treubleibenden Uebersetzung Ludwig
1914 1861 2787 1924 Fuldas, gab den Reinhardt-Seminaristen
1911 1907 2791 1964 Gelegenheit, sich diesmal in Kostümen des
1914 1950 2790 2008 17. Jahrhunderts und bei der Beherrschung
1908 1997 2796 2051 des Reims (Knittelverses) zu zeigen. Sie
1911 2038 2786 2091 machten es sehr nett, und konnten sogar
1908 2082 2790 2130 manches aus dem Inhalt ins Neuzeitliche
1908 2125 2796 2180 heben. Molière verspottet hier die allzu sehr
1908 2168 2793 2221 der Philosophie ergebenen Damen seiner Zeit,
1908 2221 2797 2268 die Preziösen der Wissenschaft, von denen
1908 2255 2793 2313 nichtsdestoweniger die eine Hälfte recht gern
1914 2300 2796 2355 weg vom Geist, also von den Büchern, und hin
1908 2345 2786 2402 zum Stoff, das ist die Ehe, möchte. Die andre
1918 2385 2793 2444 Hälfte, die dem Geist leicht treu bleiben kann,
1914 2432 2790 2480 weil sie ohnehin schon verheiratet ist, wird
1918 2474 2794 2533 hier belehrt, daß auch höchste Bücherweisheit
1908 2515 2796 2567 noch nicht zum Menschenkenner macht. Das
1916 2559 2793 2614 heißt, Frau Philaminte will ihre Tochter einem
1918 2602 2791 2657 Schöngeist geben, der herrliche Verse zitiert,
1914 2646 2796 2698 die freilich abgeschrieben sind — außerdem
1924 2693 2803 2760 stellt sich heraus, daß er nicht nur nach
1918 2736 2708 2815 Zitaten, sondern auch nach Dukaten jagt.
1966 2779 2799 2834 Man sah einige Darsteller, die bisher noch
1911 2824 2793 2894 nicht aufgetreten waren. Regie führte Jane
1919 2859 2787 2926 Archer unter Emil Geyers Oberleitung,
1908 2907 2786 2966 und sie verschafften dem Ensemble ein¬
1908 2945 2803 3009 heitlicheren Eindruck. Im Chor der gelehrten
1918 3003 2793 3051 Frauen war Fräulein Eckener, die eine
1924 3036 2786 3089 Vis comica und auch entsprechendes Spiel¬
1911 3081 2793 3139 talent hat, die bemerkenswerteste. Die Damen
1908 3130 2787 3182 Lissa und Leddin sind ausgesprochene
1914 3167 2794 3218 Begabungen. Die Kleine, die auf Philosophie
1916 3212 2796 3270 von vornherein verzichtet, weil ihr das Herz
1918 3252 2796 3314 wichtiger ist, wird von Fräulein Kluge hübsch
1918 3295 2801 3359 gespielt. Als Vater und Pantoffelheid, der sich
1924 3342 2801 3400 später ernannt, war Herr Czerny zu
1924 3387 2727 3443 sehen, und man sah ihn mit Vergnügen,
1916 3421 2799 3493 konnte seine Wandlungen durchaus glaubhaft
2127 3470 2793 3537 Die Herren Tauchen und
1918 3480 2073 3535 machen.
1918 3513 2793 3570 Barten muß man nicht erst vorstellen, sie
1914 3552 2794 3614 füllten wieder ihren Platz. Fräulein
1921 3597 2794 3657 Marian, eine Köchin, die plötzlich zur
1924 3642 2801 3703 Räsonneurin des Stückes wird, war ebenfalls
1918 3692 2176 3753 wirkungsvoll.
1969 3717 2793 3792 Im übrigen möchte man jetzt gern wieder
1921 3775 2790 3827 einmal den Reinhardt=Nachwuchs heraus aus
1918 3817 2796 3872 dem Kostüm des 17. und 18. Jahrhunderts
1924 3861 2793 3920 schlüpfen und (man brachte bisher nur einen
1914 3902 2794 3951 verstaubten Shaw) im oft erst recht
1919 3944 2790 4005 schwierigen Kostüm des Heute sehen. Das
1924 3990 2794 4046 Einstundenspielchen von Molière zeigte in
1924 4026 2784 4091 jeder Beziehung zu wenig. Sie sollen wieder
1926 4079 2797 4150 Wildgans spielen oder Bahr, und erst recht
2624 4115 2755 4180 R. B.
1919 4125 2117 4206 Schnitzler.
