3392 4384
1265 241 1690 354 box 447
215 244 1088 368 13. Miscellaneous
596 432 696 534 1
999 452 1236 543 le
496 636 673 775 Neu¬
385 813 1449 957 Der unbekannte Dichter
687 948 1150 1054 von Tirol.
503 1037 1331 1108 Lesensweg des Romanciers Josef Leitgeb.
875 1101 964 1170 Von
696 1130 1143 1232 Hans v. Tabarelli.
419 1194 1517 1274 Eine verwitterte, stahlblau=grüne Kulisse, die Nordkette:
312 1271 1524 1331 davor schlafen die Türmchen und geruhsamen Dächer von
310 1311 1515 1373 Innsbruck. Dieses Innsbruck ruht derart in Gottes riesiger,
319 1364 1508 1420 felsiger, mächtiger Hand. In seiner hohlen Hand, denn gegen
1537 1351 3296 1420 irgendein Nichts zum Ereignis wird, ein unschuldiges Wesen von artigen Zustand zurückzusinken,
319 1413 1506 1464 Süden zu wird die Welt den Innsbruckern offen. Dort tummelt
1537 1415 3311 1466 den Krallen der Wirklichkeit erfaßt, dann abgeurteilt und dazu des Blutes, die Schauer der Se
317 1457 1500 1515 sich die liebe Sonne auf den blanken Hügeln. Wohl steigt da¬
1533 1462 3314 1528 verurteilt wird, das Leiden der Kreatur bis zum Ende durch magischer Kräfte wieder entbren
310 1502 1511 1562 Tiroler Land auch dort noch an, aber sanfter, gutmütiger. Das
1544 1508 2720 1579 zudulden, das ist das Thema. Leitgeb schreibt im Vorwort zu
319 1555 1515 1601 Geschröf da hinten ist nicht mehr so unheimlich, ist viel freund¬
2842 1546 3311 1626 Es ist Pflicht, österreichisch¬
1544 1557 2727 1613 seinem Roman: „Es ist, als hielten wir es von Zeit zu Zeit für
310 1597 1504 1650 licher. Ein Tannenwald umkränzt den Berg Isel. Das Sill¬
1533 1608 3309 1668 nötig, das Licht der Erkenntnis — wie auf eine stumme Ver¬ zu fördern. Es ist Notwendigk
319 1648 1508 1703 flüßchen kokettiert mit dem alten Inn. Und auf einem Separat¬
1533 1652 3314 1721 einbarung hin — auszulöschen, um im Dunkel nach einander zu sehr wenig deutsche Dichter gibt.
310 1697 1508 1745 hügel steht eine kleine Villa, in der ein wichtiger österreichischer
1539 1699 3136 1788 greifen, miteinander zu verschmelzen und gemeinsam in einen schlaf= nicht zum Aushalten!
312 1745 1517 1790 Dichter seine Weihen empfing, der Dichter Josef Leitgeb, von
317 1792 1477 1841 dem ich jetzt erzählen will und von dem alle wissen müßten¬
312 1836 1125 1903 denn er ist wahrhaftig ein großer Dichter!
421 1931 1515 2011 Erste Erinnerung: an einem sonst belanglosen Nachmittag
303 2000 1508 2049 bekamen winzig junge Gymnasiasten schulfrei, weil der Vater
310 2042 1511 2095 eines Mitschülers begraben werden sollte. Es war das erste
310 2091 1511 2153 Begräbnis in meinem kleinen Bubendasein, das ich inwendig
319 2135 1508 2195 spürte. Man muß den Sachverhalt erklären. Zwischen dem
317 2186 1515 2239 damals noch sehr engumhegten Innsbruck und dem sogenannten
310 2235 1511 2290 Mittelgebirge liegt, wie man bei Goethe und Heine nachlesen
310 2284 1515 2370 de
326 2335 846 2421 MATRATZEN
423 2417 1057 2476 Steilig, Leinenstreifgradl, la Afrique . . . .
419 2417 1294 2501 Roßhaar- und Lotterbettmatratzen in reichster Auswahl.
312 2465 837 2532 Adressen der Fabrik und Nieder¬
310 2479 1506 2567 lagen siche Intent auf Seite 3 ADOLF GANS A.-G.
308 2594 1506 2669 kann, das liebliche Oertchen Wilten. (Heute längst Stadtgebiet,
312 2651 1506 2707 heute längst umgebaut, heute schon unromantisch.) Linker Hand
310 2700 1508 2755 von der Straße zur Sillschlucht schlich sich ein schmächtiger
312 2744 1508 2802 Feldweg, die Neurauthgasse. Und dort wiederum, rechter Hand,
310 2791 1508 2851 kauerte inmitten von Georginen und Efen ein unscheinbar
310 2840 1508 2893 mageres Haus. Sah aus wie ein ausgebrochener Zahn, den
312 2886 1508 2942 jemand auf einer bunten Wiese verloren hat. Und aus diesem
310 2935 1508 2984 Hause krümmelte sich der Trauerzug. Und es war ganz unsagbar
303 2984 1508 3037 traurig. Und meine Augen, mein Verstand, meine Hände suchten
312 3030 1508 3085 unaufhörlich den kleinen Leitgeb, der ebenso klein war wie ich,
310 3072 1506 3132 denn es war so entsetzlich, daran zu denken, daß jemand seinen
312 3121 715 3196 Vater verloren habe.
419 3170 1508 3229 Ein paar Tage später erschien der kleine Pepi bei uns in
303 3227 1508 3274 der Klasse als Zögling des Waisenhauses, uniformiert und mit
310 3272 1500 3336 einem schwarzen Käppchen; wurde täglich abgeholt und in Rei¬
312 3318 1455 3382 und Glied ins Institut zurückgebracht. (Wir durften allein
310 3373 955 3451 wißt ihr, was das heißt, allein!
1017 3367 1245 3438 heimgehen.)
423 3455 1466 3533 Als wir Jünglinge waren, gingen wir beide sehr oft
303 3515 1508 3573 nicht heim. Wir dichteten gemeinsam, erfanden ein Drama
312 3568 1508 3626 „Leonidas, schrieben unserem Deutschprofessor zu Ehren um
308 3619 1506 3675 die Wette, waren aufeinander eifersüchtig und entkamen uns
303 3666 1502 3721 langsam. Als der Weltkrieg da war, schmiß er uns beide um
312 3715 1508 3763 Wir waren beide Kaiserjäger, aber zunächst weit auseinander.
303 3763 1508 3812 Kollegen und Verwandte wurden uns in allen Ecken und Enden
308 3810 1502 3861 der Monarchie zusammengeschossen. Aber — der Himmel meinte
303 3859 1500 3912 es gut mit uns — da ergab sich uns einmal, ein einzigesmal,
303 3905 1502 3954 ein kleines Glück, wir waren gemeinsam auf Urlaub. Er von
303 3952 1500 4005 der Südfront, ich aus Beneschau. Und nun saßen wir gemeinsam
317 4000 1502 4049 in jener kleinen Villa am samtgrünen Hang des Iselberges.
308 4049 1502 4104 Was taten wir da? Pepi spielte Cello, ich Geige, der Doktor
312 4093 1506 4153 Spörr die zweite Violine, Leitgebs Onkel, der blondbärtige
312 4144 1502 4195 Doktor Pallhuber, der eines Nachts vor vielen Jahren seine
312 4184 1500 4235 Seele aushustete, die Bratsche. Eine Handvoll Frühlingsabende
