3344 4384
184 249 302 347 13
365 243 826 357 Miscellan
871 251 1040 365 s
406 404 767 559 CRATIS
206 543 1010 665 „OBSERVER
296 634 965 700 1. österr. behördl. konzessioniertes
261 683 985 753 Unternehmen für Zeitungs-Ausschnitte
326 747 912 824 WIEN, I., WOLLZEILE 11
400 806 849 859 TELEPHON R-23-0-43
198 918 547 1006 Ausschnitt aus:
657 924 1067 1065 Schon
192 1149 322 1222 vom
498 1144 983 1291 30. JUN 1934
237 1373 1073 1485 20 Jahre Schutzverband deutscher
514 1457 818 1550 Schriftsteller
298 1512 1075 1597 Der „Schutzverband deutscher Schrift¬
247 1587 1075 1648 steller in Oesterreich“ feiert in diesem
247 1636 1071 1693 Jahr seinen zwanzigjährigen Bestand.
245 1683 1089 1742 Aus diesem Anlaß ist für den Herbst eine
245 1730 1073 1789 Festveranstaltung vorgesehen, an der die
247 1779 1075 1844 Mitglieder der österreichischen Regierung
245 1826 1073 1885 und die Repräsentanten des geistigen und
245 1877 1018 1948 künstlerischen Wien teilnehmen sollen.
304 1944 1075 1999 Der Schutzverband wurde im Jahre
247 1983 1061 2052 1914 in einer Sitzung im „Weingartl
247 2032 1081 2101 gegründet, an der damals noch Artur
247 2097 1079 2146 Schnitzler, Hugo v. Hofmanns¬
247 2128 1081 2197 thal, Hermann Bahr, Anton Wild¬
247 2177 1083 2246 gans und andere Prominente teil¬
243 2226 1077 2285 nahmen. Der Verband hatte sich zur
247 2271 1075 2332 Aufgabe gesetzt, das geistige Eigentum
245 2324 1073 2377 des Schriftstellers zu schützen und seine
253 2368 1081 2424 wirtschaftlichen Ansprüche zu verteidigen.
245 2411 1079 2470 Der erste Präsident des österreichischen
247 2462 1075 2517 Schutzverbandes war Engelbert Per¬
247 2509 1075 2572 nerstorfer, nach seinem Tode über¬
247 2558 1075 2636 nahm Franz Karl Ginzkey die Präsi¬
243 2605 467 2674 dentschaft.
298 2646 1073 2736 Die Kriegsereignisse hatten den Ver¬
245 2721 1073 2783 band stark erschüttert. Er wurde später
245 2768 1075 2840 von einer Gruppe, der Robert Müller
247 2823 1073 2872 und Robert Musil angehörten, neu
245 2870 1073 2946 organisiert. In den folgenden Jahren
251 2917 1075 2976 war Hofmannsthal Präsident,
253 2966 1067 3023 während Robert Musil geschäftsfüh¬
247 3015 1075 3066 render Präsident wurde. Als Musil
251 3064 1075 3129 sich zurückzog, trat Oskar Maurus Fon¬
247 3109 1073 3172 tana an dessen Stelle. Und als Hof¬
253 3160 1073 3221 mannsthal starb, übernahm Fontana auch
253 3209 1077 3266 die Präsidentschaft des Vereines, die er
247 3254 1075 3317 bis heute inne hat. Zweiter Vorsitzender
251 3309 1075 3384 ist der Dramaturg des Burgtheaters Er¬
253 3356 628 3446 hard Buschbeck.
326 3395 1073 3478 Der Verband vereinigt in sich die
251 3456 1075 3541 Vertreter aller Weltanschauungen, und
253 3519 1069 3576 er bemüht sich namentlich in letzter Zeit
253 3576 1073 3629 um die stärkere Heranziehung der Pro¬
251 3623 1079 3678 vinz. Seit dem Hitler=Regime hat der
257 3668 1073 3729 reichsdeutsche Schutzverband seine Ver¬
253 3719 1079 3774 bindung mit dem österreichischen Verband
253 3768 1077 3825 abgebrochen, so daß jetzt die Wahrung
251 3815 1077 3868 der Rechte österreichischer Schriftsteller in
251 3870 1077 3925 Deutschland nur mit Hilfe der österreichi¬
263 3915 1077 3974 schen Gesandtschaft in Berlin möglich ist.
249 3966 1075 4031 Doch unterhält der österreichische Schutz¬
251 4013 1079 4062 verband Kartellverbindungen mit zahl¬
257 4053 1081 4123 reichen anderen Ländern, vor allem mit
253 4096 1087 4190 der Schweiz und der Tschechoslo¬
253 4158 432 4229 wakei.
1222 243 1648 343 box 447
1673 938 1999 1053 GRATIE
1440 1034 2236 1155 „OBSERVER
1532 1136 2197 1204 I. österr. behördl. konzessioniertes
1503 1167 2230 1257 Unternehmen für Zeitungs-Ausschnitte
1565 1230 2158 1324 WIEN, I., WOLLZEILE 11
1640 1299 2099 1361 TELEPHON R-23-0-43
1452 1408 1993 1536 Ausschnitt ausgen. Wie
1667 1538 2132 1654 16 JULI 1934
1467 1669 1593 1738 vom
1432 1775 2856 1926 Wichtige Veränderungen an Wiener Spitälern
1361 1987 2956 2077 Wie wir erfahren, dürfte es schon in der den sind, die allen Anforderungen ent¬
1320 2024 2122 2099 nächsten Zeit zu einer Reihe von Anderun¬
2152 2054 2954 2126 sprechen, die also auch noch nicht die für
1316 2087 1995 2164 gen an Wiener Spitälern kommen.
2142 2103 2954 2171 Primariate vorgesehene Altersgrenze über¬
1355 2130 2122 2213 Drei chirurgische Primararzte, die sich
2154 2154 2954 2209 schritten haben. Als ernster Anwärter für
1314 2175 2946 2268 des größten Ansehens im In- und Aus¬ die Stelle wird Dozent Dr. Heinrich
1312 2242 2948 2322 lande erfreuen und zu den bekanntesten Kogerer genannt, der jahrelang Assi¬
1312 2289 2954 2362 Vertretern der Wiener Chirurgenschule ge¬ stent an der Klinik Wagner=Janregg war,
1316 2336 2011 2430 hören, nähern sich der Altersgrenze.
2138 2346 2950 2407 wo er sich insbesondere für Psychotherapie
2136 2391 2954 2464 interessiert hat. Gegenwärtig wirkt der
1314 2411 2679 2517 Drei Chirurgen an der Atersgrenze Gelehrte am Elisabethspital.
1348 2477 2115 2568 Hofrat Univ.=Prof. Dr. Julius Schnitz¬
2148 2481 2948 2599 Wiener Dermatologe im Elisabeth¬
1304 2540 2111 2638 ler, der Bruder Arthur Schnitzlers, Pri¬
2483 2577 2619 2652 spital
1304 2593 2120 2672 marius am Wiedner Spital; Hofrat
2175 2611 2946 2709 Am Elisabethspital in der Hugelgasse
1310 2638 2115 2715 Prof. Dr. Karl Ewald, Primararzt am
2142 2679 2942 2754 soll in nächster Zeit auch die seit dem Tode
1312 2689 2118 2756 Sofienspital. Beide genannten Chirurgen
2138 2740 2944 2797 des Dozenten Dr. Planner verwaiste
1304 2742 2105 2809 entstammen der berühmten Schule Alberts
2142 2785 2940 2852 Stelle eines Dermatologen neu besetzt
1306 2789 2105 2860 Schließlich Hofrat Univ.=Prof. Dr. Georg
2134 2836 2942 2891 werden. Es heißt, daß diese Stelle, von
1297 2844 2103 2921 Lotheißen, Primararzt am Franz
1306 2878 1559 2948 Josef=Spital.
2128 2883 2944 2946 welcher seinerzeit Professor Dr. Kerl und
2136 2929 2942 2999 Professor Dr. Kummer an Lehrkanzeln be¬
1346 2931 2105 3011 Es verlautet, daß als Anwärter au
2136 2987 2942 3044 rufen wurden, an den ersten Assistenten
1297 2993 2113 3064 diese Primariate Assistenten der Kliniken
2136 3025 2942 3087 der Klinik Arzt, Professor Dr. Herbert
1295 3044 2095 3111 Denk und Ranzi in Betracht kommen
2136 3074 2938 3142 Fuß, einen der fähigsten der jüngeren
1297 3089 2101 3162 wenn es auch nicht ausgeschlossen ist, daß
2130 3119 2936 3184 Dermatologen Wiens, verliehen werden
1310 3129 2099 3201 für das eine Primariat ein in einer
2136 3168 2934 3244 soll. Professor Dr. Fuß wurde auch
1293 3189 2105 3274 Landeshauptstadt ger Chirurg berufen
2130 3225 2936 3276 wiederholt als Anwärter auf die Derma¬
1295 3229 1410 3293 wird.
2122 3272 2929 3337 tologische Lehrkanzel in Prag als Nach¬
2122 3319 2785 3397 folger Professor Kreibichs genannt.
1334 3284 2073 3399 Ein Nervenarzt im Spital der
1557 3372 1842 3454 Stadt Wien
2154 3374 2905 3460 Primariat im Wilhelminenspital
1334 3437 2103 3507 In den letzten Tagen gelangte die Stelle
2162 3462 2927 3517 Eine Entscheidung über das seit dem
1285 3509 2921 3568 eines Nervenarztes am Versor¬ Tode Dozent Dr. Kollerts im Wilhel¬
1285 3541 2923 3625 gungshaus der Stadt Wien minenspitale verwaiste interne Primariat
1293 3590 2921 3676 in Lainz zur Ausschreibung. Es ist und über das im Wiedner Spitale durch
1287 3631 2087 3699 interessant, daß für diese Stelle, die der
2120 3648 2917 3723 Pensionierung des Hofrates Prof. Dr. Ma¬
1283 3680 2091 3760 berühmte Neurologe Prof. Martin Pap¬
2122 3705 2921 3762 ximilan Sternberg frei gewordene
1285 3731 2917 3823 penheim bisher innegehabt hat, nur interne Primariat dürfte auch in der
1277 3782 2664 3866 wenig geeignete Kräfte in Wien vorhan¬ nächsten Zeit gefällt werden.
