3344 4384
241 252 413 351 13.
1300 252 1729 360 box 44/8
463 254 1111 379 Miscellaneous
478 721 1285 824 „OBSERVER
570 829 1233 883 1. österr. behördl. konzessioniertes
536 863 1268 956 Unternehmen für Zeitungs-Ausschnitte
605 921 1193 1005 WIEN, I., WOLLEILE 11
685 977 1135 1040 TELEPHON R-23-0-43
486 1109 850 1197 Ausschnitt aus:
1438 1466 1748 1574 A
530 1548 1724 1655 Der Kaufmann auf der dramatischen Szenen.
635 1649 1718 1716 In einer der letzten Vollversammlungen des Niederösterrei¬
532 1690 1727 1754 chischen Gewerbevereines hielt Herr Hermann Röbbeling,
542 1752 1733 1817 Direktor des Wiener Burgtheaters, einen Vortrag zu obigem
547 1800 1733 1866 Thema. Der Vortragende geht von Shakespeares „Kaufmann
538 1845 1733 1916 von Venedig aus, worin in Antonio und Shylock sich zwei
545 1894 1739 1965 gegensätzliche Typen des Standes gegenüberstehen. Dort ist die
545 1955 1741 2015 Gestalt des großen Handelsherrn noch ganz individualistisch,
557 1994 1741 2064 sozusagen romantisch gefaßt, als Träger und Vermittler jener
557 2041 1737 2112 Werte, die Wohlstand, Besitz und Macht bedeuten. Und die
551 2103 1739 2168 innerhalb eines Landes oder zwischen Ländern und Völkern
551 2149 1739 2207 ausgetauscht und gehandelt werden. Dort entwickelt sich die
551 2202 1737 2260 dichterisch dramatische Beschreibung der Gestalt bei den ver¬
557 2239 1739 2308 schiedenen europäischen Kulturnationen und zu verschiedenen
557 2291 1744 2359 Epochen. In Frankreich hat Moliere zuerst im „Bürger als
560 2338 1748 2396 Edelmann", den Parvenu dieses Kreises geformt und hier
566 2389 1742 2463 steht auch der Kaufmann im Mittelpunkt der Charakterkomödie
557 2448 1746 2495 von Moliere an über Balzacs „Mercadet" bis zum Raffe¬
570 2488 1744 2555 Typ unserer Tage in Mirbeaus „Geschäft ist Geschäft“. Was
562 2532 1748 2609 haben die deutschen Klassiker von diesem Problem gewußt?
1298 2583 1748 2648 ist der Kaufmann ein
571 2590 1177 2669 Bei Lessing — im „Nathan
566 2637 1752 2704 weiser, gütiger Vertreter der Humanität. Goethe hat in seinen
570 2684 1746 2764 Jugendtagen im „Götz und in den „Geschwistern“ das Kauf¬
570 2738 1750 2803 mannsproblem leise gestreift und ihm im zweiten Teil des
562 2779 1752 2855 „Faust" schon eine sehr prophetische, im wahrsten Sinne
571 2827 1742 2900 des Wortes moderne Wendung gegeben. Und Schiller, nicht we¬
570 2887 1750 2954 niger vorahnend, wollte ein Seestück schreiben mit dem Kauf¬
570 2926 1755 3003 mann als dem großen Beherrscher der Welt, der Länder und
571 2988 1757 3046 der Meere, im Mittelpunkt. So kommen wir allmählig in
566 3033 1755 3093 die neue Problemgestaltung unserer Tage und da ist es
575 3076 1759 3152 vor allem mit der Entwicklung des Kapitalismus die soziale
585 3130 1759 3203 Frage, die hier beherrschend eingreift. Björnson und Ibsen,
581 3178 1767 3249 die mit Skandinavien die geistige und dichterische Führung
585 3223 1759 3305 übernehmen, geben bereits diesen neuen Motiven überzeugende
581 3277 1763 3347 Gestalt, Björnson im zweiten Teil von „Ueber unsere Kraft“,
592 3337 1761 3410 Ibsen noch stärker in „John Gabriel Borkman", wo er den
590 3376 1767 3457 großen Finanzabenteurer unserer Zeit erschafft, dessen mär¬
585 3432 1770 3513 chenhaften Aufstieg und katastrophalen Untergang wir in eini¬
586 3475 1765 3554 gen Fällen erschüttert miterlebt haben. Die jüngeren Deut¬
596 3528 1772 3601 schen: Hauptmann, Sudermann, später Wedekind und Georg
592 3569 1763 3645 Kaiser nach 1918, treten im dichterischen Stil, wie in der
592 3619 1769 3698 Problemgestaltung in die Spuren der großen Skandinavier
592 3672 1772 3754 und überholen sie in manchem. In Oesterreich hingegen sehen
596 3714 1763 3793 wir gleichzeitig eine mehr heitere, mehr spielerische Behand¬
596 3767 1772 3856 lung des Themas von Bauernfeld und seinen volkstümlichen
607 3823 1763 3897 Zeitgenossen an über Arthur Schnitzler zu Auernheimer und
599 3868 1759 3972 anderen Schilderern des Kapitalistisch-kommerziellen Bürger
601 3937 730 4006 tums.
1888 3746 3268 3821 Mit einem Ausblick auf die derzeitigen großen Welt¬seinrichter
1802 3804 3300 3873 probleme und Weltsorgen, in denen die Wirtschaftspolitik an sein könnte, vie
1804 3858 3268 3922 sich wie in ihren Vertretern die wichtigste Rolle spielt mit Völkern und z
1778 3907 3246 4002 der Hoffnung, daß der Kaufmann in der Wirklichkeit wie in der Vortrag
