3344 4352
144 1626 226 1704 eit
1262 210 1698 317 box 447
210 223 1080 323 13. Miscellaneous
358 1902 468 1977 der
364 1968 2885 2046 gegen irgendein Nichts zum Ereignis wird, ein unschuldiges Wesen von artigen Zustand zurückzusinken, der uns die erloschenen Ekstasen
367 2012 468 2065 me
493 2018 2881 2112 den Krallen der Wirklichkeit erfaßt, dann abgeurteilt und dazu des Blutes, die Schauer der Selbstpreisgabe und des Bewußtseins
490 2065 1673 2137 verurteilt wird, das Leiden der Kreatur bis zum Ende durch¬
1695 2078 2363 2172 magischer Kräfte wieder entbrennt...
490 2116 1679 2178 zudulden, das ist das Thema, Leitgeb schreibt im Vorwort zu
490 2166 1679 2232 seinem Roman: „Es ist, als hielten wir es von Zeit zu Zeit für
1799 2166 2885 2241 Es ist Pflicht, österreichische Dichter zu entdecken, zu lesen und
490 2222 1673 2276 nötig, das Licht der Erkenntnis — wie auf eine stumme Ver¬
1701 2207 2888 2294 zu fördern. Es ist Notwendigkeit, weil es heutzutage überhaupt
487 2260 1673 2326 einbarung hin — auszulöschen, um im Dunkel nach einander zu
1701 2276 2885 2342 sehr wenig deutsche Dichter gibt. Denn eine Welt ohne Dichter ist
493 2313 2094 2392 greifen, miteinander zu verschmelzen und gemeinsam in einen schlaf¬ nicht zum Aushalten!
144 3782 257 3883 nie
358 3826 439 3883 mi
151 3870 446 3936 alt und in Reih
144 3920 273 3983 ersten
235 4062 380 4134 sehr oft
151 4115 452 4181 sen ein Drama
239 4165 414 4237 en
