3344 4384
542 208 1315 285 Roggen
500 260 1309 355 über die Pläne der kommenden Saison.
551 323 1311 396 „Aus der Aufführungszahl geht her¬
497 382 1313 448 vor, daß von klassischen Stücken an erster
509 425 1311 511 Stelle Grillparzer mit „König Otto¬
513 477 1306 552 Glück und Ende“ und „Bruder¬
500 529 1308 588 zwist im Hause Habsburg“ steht. Shake¬
509 590 1306 639 speare mit „Julius Cäsar“ und
500 635 1299 710 „Richard III.“, Goethe mit „Iphigenie"
497 678 1309 755 und „Faust" und Schiller mit „Deme¬
518 730 1146 800 rius und Wallenstein“ folgen.
540 795 1311 857 Das Programm der Novitäten im
493 820 1320 908 letzten Jahre wurde fast ausschließlich
483 906 1326 967 von österreichischen Dichtern be¬
493 940 1313 1010 stritten. Da ist an erster Stelle Hermann
490 990 1306 1053 Bahr mit seinem „Meister" und seinem
491 1035 1302 1114 „Kingelspiel zu nennen. Ihm folgt Max
488 1094 1306 1157 Mell mit dem Stück „Sieben gegen
484 1144 1306 1200 Theben", Karl Schönherr mit dem
484 1187 1308 1247 „Passionsspiel, Friedrich Schrey¬
483 1243 1304 1302 vogel mit „Habsburgerlegende“ und
484 1290 1223 1365 Richard Billinger mit „Rosse“.
542 1344 1306 1428 Im Zyklus der „Stimmen der Völker
486 1399 1304 1476 im Drama" hat die „Tragödie des Men¬
484 1453 1300 1518 schen“ von Madach für Ungarn die
483 1501 1300 1561 höchste Aufführungszahlen aufzuweisen.
483 1544 1306 1609 Ihm folgt für die Schweiz „Der Bürger¬
479 1604 1304 1648 meister von Zürich" von Ferdinand
483 1647 1288 1697 Schell und „Der Verrat von Novarra
479 1699 1302 1752 von Caesar von Arx. Einen großen
484 1740 1300 1799 Publikumserfolg haben die Stücke „So
475 1796 1304 1848 war Herr Brummel“ von Penzoldt
475 1849 1299 1903 und „enodorus“ von Biedermann
483 1889 1297 1943 in der Bearbeitung von Gregor aufzu¬
483 1935 1300 2000 weisen. — Von alten Stücken ist noch
479 1984 739 2048 Freytags
838 1989 1118 2057 „Journalisten
1218 1991 1297 2045 und
472 2027 1202 2111 Shaws „Kaiser von Amerika“
472 2079 637 2161 nennen.
536 2120 1288 2199 Von den Novitäten im Akademie¬
474 2161 1295 2242 theater haben folgende Stücke in abstei¬
474 2244 1297 2294 gender Reihe den größten Erfolg gehabt:
484 2282 1295 2348 „Jugend voran“ von Vulpius,
479 2335 1295 2395 „Caprice“ von Silvara, „Weißer
477 2384 1295 2440 Flieder“ von Lennox, „Frau ohne
479 2432 1288 2486 Bedeutung“ von Oskar Wilde, „Die
479 2474 1277 2535 Insel" von Bratt „Die Majorische
475 2518 1295 2581 von Nikolaus Suchy. „Ein Kamel geht
466 2579 1292 2642 durch ein Nadelöhr“ von Frantisek Lan¬
475 2626 1290 2683 ger, „Stille Musik von Holzer und
475 2669 1290 2728 „Nacht vor dem Ultimo", von Rudolf
475 2714 1295 2771 Lothar und Hans Adler. Von
474 2761 1270 2825 älteren Stücken haben „Doppelselbstmord
474 2818 1288 2874 von Anzengruber und „Die ver¬
475 2866 1295 2922 lorene Tochter von Ludwig Fulda
475 2920 1292 2970 und „Die fremde Frau“ von Alexandre
484 2965 1290 3031 Bisson sehr große Erfolge gehabt.
515 3015 1288 3085 Aus der Reihenfolge der Stücke be¬
475 3060 1292 3141 züglich ihrer Aufführungszahl ergibt sich
475 3128 1292 3182 der Publikumsgeschmack. Im allgemeinen
474 3175 1292 3231 ist zu sagen, daß der künstlerische Erfolg,
475 3216 1290 3284 en dem die klassischen Stücke stark be¬
474 3272 1288 3326 teiligt waren, auch einen günstigen mate¬
475 3320 1286 3379 riellen Erfolg gebracht hat. Man darf
475 3369 1290 3417 mit dem Besuch der beiden Theater zu¬
474 3415 1288 3473 frieden sein. Bemerkenswert ist, daß die
470 3467 1288 3530 Zahl der Abonnenten gestiegen ist, so daß
466 3514 1283 3568 wir auch der nächsten Spielzeit mit Be¬
466 3566 1290 3620 ruhigung entgegensehen können, wenn
470 3611 1123 3675 wir auf diese Weise fortarbeiten.
515 3663 1288 3727 Für die nächste Spielzeit steht im
470 3720 1286 3774 großen und ganzen der Spielplan heute
479 3770 1288 3835 schon ziemlich fest, wenn natürlich im
466 3814 1283 3876 Laufe des Jahres noch einige kleine Ver¬
466 3869 1290 3921 änderungen und Umstellungen eintreten
466 3916 1290 3980 können. An klassischen Stücken ist im
474 3964 1288 4022 Burgtheater zunächst vorgesehen: Goethe
474 4007 1292 4072 „Götz von Berlichingen“, Grillparzer
465 4065 1318 4154 „Weh dem, der lügt“ und „Treuer Diener
2454 176 2829 274 .
1376 233 1735 307 führung gelangen.
2231 249 3037 307 nächsten Saison ein neues Stück von
1401 280 2151 359 An Novitäten werden „Julius Caesar
2221 298 3037 375 Bratt „Jenseits der Sorgen", von
1358 335 2169 400 von Mussolini und Forzano,
2226 343 3039 400 Raoul Auernheimer „Die große
1369 386 2169 447 „Das ferne Schiff von Rudolf Hans
2226 393 3035 454 Leidenschaft“ und „Das lebenslängliche
1358 438 2174 508 Bartsch und von Björnson „Paul
2224 447 3040 515 Kind“ von Robert Neuner aufgeführt
1360 483 2167 565 Lange und Thora Parsberg“ aufge¬
2222 502 3028 556 werden. Ferner sind Stücke von Ne¬
1363 531 1639 592 führt werden.
2215 542 3024 633 stroy, Anzengruber und Schnitz¬
1412 578 2176 644 Im Zyklus „Stimmen der Völker im
2219 601 3035 671 ler vorgesehen, unter denen die Aus¬
1360 633 2802 703 Drama" wird für Polen „Die ungött¬ wahl noch nicht getroffen ist.
