3344 4320
610 145 1414 279 „OBSERVER
692 242 1360 331 I. österr. behördl. konzessioniertes
660 285 1388 378 Unternehmen für Zeitungs-Ausschnitte
722 344 1304 443 WIEN, I., WOLLEILE 11
789 411 1241 478 TELEPHON R-23-0-43
584 517 943 618 Ausschnitt aus:
954 603 1254 733 erlag. Die
580 753 711 830 vom
908 755 1302 852 30/7 1934
798 1016 1665 1159 Begegnungen
420 1183 2011 1289 mit Ibsen, Wedekind, Schnitzler, Wildgans
1241 1287 2074 1373 stimmt, daß ich mich den ganzen Abend über
508 1315 1066 1419 Der sonderbare Ibsen
1228 1345 2080 1438 um nichts mehr kümmerte und meinen Groll
1235 1399 1615 1475 in Alkohol ersäufte.
573 1401 1006 1486 Von Georg Reimers.
1282 1423 2078 1492 Tags darauf aber gab es für mich ein¬
439 1442 1215 1531 Im Frühjahr 1891, Max Bruckhard war
1241 1477 2082 1540 ganz große freudige Überraschung: um ach
355 1522 1211 1581 damals unser Direktor, bereitete das Burg¬
1241 1529 2087 1581 Uhr früh brachte mir ein Diener aus dem
534 1566 2087 1628 Ibsens „Kronprätendenten vor. Hotel Sacher einen Brief von Ibsen. Mit
359 1570 497 1620 theater
361 1598 1224 1656 Wegen der Länge des Stückes und wegen der
1248 1602 2080 1672 einem Bild, auf das er folgende Widmung
363 1644 1222 1702 Figur des Bischofs Nicolas ergaben sich eine
1250 1652 2087 1713 geschrieben hatte: „Dem lieben Künstler
359 1685 1222 1747 Reihe ernster Zensurbedenken und es wurde
1408 1691 2095 1765 Reimers in Ergebenheit Henrik
1248 1708 1367 1760 Georg
359 1728 1215 1795 erwogen, einiges aus dieser Rolle zu strei¬
1252 1743 1758 1812 Ibsen, Wien, 13. IV. 91.
361 1771 1224 1832 chen, einen Auftritt ganz wegzulassen. Das
359 1814 1224 1877 ging natürlich nicht ohne Einwilligung des
1380 1793 1951 1894 Wedekind als Partner
363 1858 1226 1929 Dichters und da ich gerade für ein Gastspiel
1479 1890 1877 1961 Von Maria Mayer.
363 1899 1228 1968 nach Innsbruck (als Karl Moor) verpflichtet
370 1942 1233 2002 war und dann einen kurzen Abstecher nach
1293 1925 2104 1998 Vor nahezu fünfundzwanzig Jahren stand
374 1994 1222 2052 München zu meinem Freunde Franz Defreg¬
1259 1987 2093 2050 ich als Partnerin Frank Wedekind
374 2028 1228 2095 ger machen sollte, erhielt ich von Direktor
1252 2031 2104 2082 auf der Bühne. Das war in Berlin. Im
376 2074 1228 2130 Burckhard den ebenso ehrenvollen als schwie¬
1256 2074 2104 2128 Hebbel=Theater wurde im Rahmen einer
374 2115 1233 2175 rigen Auftrag, mit Ibsen, der damals in
1259 2117 2100 2173 Matinee „Erdgeist“ aufgeführt. Für den
1259 2158 2102 2219 Abend waren die meisten Wedekind=Stücke zu
376 2158 1233 2232 München lebte, zu sprechen und ihn zur Pre¬
1267 2210 2100 2279 „gewagt“. Steinrück wirkte mit, Johanna
376 2210 709 2275 miere einzuladen.
420 2230 1224 2301 Defregger verschaffte mir eine Verbindung
1263 2255 2111 2305 Terwin war die Lulu, ich spielte die Grä¬
376 2288 1235 2357 mit dem Dichter und ich ging also eines
1265 2297 1512 2370 fin Geschwitz,
1306 2318 2104 2387 Wedekind war ein wundervoller Interpre¬
378 2333 1237 2392 Morgens hin, läutete an und er öffnete selbst
1274 2377 2111 2433 seiner Ideen, aber doch kein Vollblutschau¬
378 2387 564 2452 die Türe.
426 2394 1230 2478 Liebenswürdig war der Empfang gerade
1274 2422 2108 2478 spieler. Als Kollege hatte er eine scheue, zar¬
1265 2459 2108 2521 empfindsame Art, die immer wieder für ihn
376 2472 1235 2519 nicht und als ich ihm die Bedenken wegen
383 2506 1248 2576 der Gestalt des Bischofs auseinandersetzte und
1272 2504 2113 2565 einnahm. Er war äußerst wortkarg und ich
1274 2545 2111 2614 glaube, daß diese Schweigsamkeit in einer
378 2547 1246 2610 auf die nötigen Striche hinwies, erhielt ich
2011 2591 2115 2643 ihren
1278 2591 1970 2647 inneren Schamhaftigkeit
383 2591 1235 2645 immer die gleiche Antwort: „Machen Sie
1276 2623 2113 2692 Grund hatte. Hinter der Szene war er immer
383 2638 1241 2692 was Sie wollen, das ist mir ganz
1272 2679 2113 2731 von fast krankhafter Nervosität, lief wie ein
378 2677 1235 2753 egal, das interessiert mich alle¬
1272 2720 2117 2783 Tier im Käfig hin und her und streckte fort¬
385 2727 1241 2785 nicht." Auch die Einladung, eventuell an
1274 2772 1784 2831 während die Zunge heraus.
383 2770 1243 2824 den Proben teilzunehmen, wurde abgelehnt.
1317 2777 2117 2861 Der Erfolg des „Erdgeist“ war groß. Wede¬
391 2809 1246 2867 Man kann also nicht behaupten, daß dieses
391 2848 2111 2922 Zusammentreffen mit dem Dichter sonderlich kind war sichtlich zufrieden und glücklich. Aber
1282 2889 2119 2947 seine angeborenen Hemmungen hinderten ihn.
385 2896 1248 2947 ermutigend war. Aber immerhin verhielt er
1278 2939 2121 2999 seiner Freude Ausdruck zu geben. Er konnte
400 2941 1246 2993 sich den dramaturgischen Ratschlägen gegen¬
1274 2976 2126 3038 ganz einfach nichts sagen. Schüchtern, mit ab¬
391 2982 1239 3049 über nicht ablehnend und willigte in alle
1278 3021 2121 3084 gewandtem Gesicht, reichte er mir nach der
1280 3060 2117 3123 Vorstellung die Hand. Wortlos. Doch ich
428 3047 1241 3140 Am Tage der Generalprobe erschie¬
391 3105 1845 3196 Ibsen auf einmal im Theater, wußte: es hatte ihm gefallen.
402 3153 1254 3218 schweigsam und wortkarg wie in
1373 3157 2035 3259 Erinnerungen an Schnitzler
387 3200 1250 3255 München. Nach dem zweiten Akt ging er
398 3242 1252 3302 weg — wir waren entsetzt, denn wir glaub¬
1492 3242 1912 3328 Von Leopold Kramer.
394 3296 1248 3374 ten, daß ihm die Aufführung nicht gefallen
1319 3311 2128 3374 Als ich um die Jahrhundertwende nach
396 3343 504 3410 habe.
1282 3358 2126 3432 Wien kam, zählte ich sehr bald zum engeren
443 3345 1254 3432 Nach der Premiere gab es ein großes Fest¬
1295 3395 2126 3454 Freundeskreis der literarischen Jung=Wiener
400 3417 1252 3473 bankett. Felix Dörmann hatte einen wunder¬
1282 3441 2134 3503 Bewegung; geistiger Führer dieser interessan¬
409 3456 1254 3523 schön gereimten Festgruß an den Dichter
402 3479 2128 3557 verfaßt; die Rolle des Sprechers fiel mir zu ten Richtung war Hermann Bahr: Felix
1287 3540 2130 3579 Salten war Theaterkritiker der Monats¬
409 3540 1256 3598 Ich hatte Ibsen gegenüber meinen Platz und
402 3579 2139 3644 begann Dörmanns Dichtung schwungvoll zu schrift „Die Zeit“ und Artur Schnitzler
413 3611 2134 3683 deklamieren, in begeisterter Stimmung, hatte begann damals seinen Siegeszug über die
1295 3663 2143 3711 Bühnen. Fast alle seine Stücke wurden im
411 3668 1259 3732 ich doch unmittelbar vorher als König Haakon
411 3709 2141 3771 großen Erfolg gehabt. Als ich geendet hatte. Volkstheater gespielt und ich selbst habe eine
1293 3741 2134 3797 ganze Reihe Schnitzlerscher Gestalten darge¬
417 3752 1265 3821 sagte Ibsen: „Das war aber nicht
1302 3784 2137 3847 stellt. Aber außer den großen Erfolgen hatten
409 3802 1267 3856 nett von Ihnen, was Sie eben
409 3830 2139 3905 gesprochen haben." Jetzt war ich wir Schnitzler noch etwas zu danken — näm¬
1293 3867 2141 3927 lich einen ordentlich geregelten Probenbetrieb.
411 3877 1265 3942 aber ärgerlich. Zuerst der unfreundliche
1298 3912 2139 3968 Damals gab es jeden Samstag eine Premiere,
417 3927 1265 3988 Empfang in München, dann nicht ein Wort
1295 3951 2137 4016 die Proben begannen eine Woche vorher An¬
404 3968 1265 4024 der Anerkennung für meine Leistung — und
1298 3994 2143 4068 genehm war es nicht, unmittelbar nach der
400 4009 1269 4104 jetzt noch diese Außerung! Ich war so ver¬
2087 45 2857 147 de
2091 130 2928 192 sehen und so fuhren wir vergnügt und gänz¬
2082 175 2941 231 lich unbeschwert (das Gepäck wurde immer
2078 214 2932 272 vorausgeschickt) durch die wundervolle Land¬
2091 264 2937 320 schaft. Wir unterhielten uns herrlich — aber
2087 305 2941 368 beinahe wären wir nicht zu Beer=Hofmann
2087 348 2941 411 gekommen. Unversehens wurden wir von
2091 389 2941 450 Zigeunern, die sich in einem hohen Getreide¬
2089 432 2952 500 feld verborgen hatten, überfallen und nur
2082 480 2947 551 unsere Geistesgegenwart hat uns gerettet:
2091 523 2950 577 blitzartig führen wir gleichzeitig mit der
2091 562 2947 621 Rechten in die rückwärtige Tasche und hielten
2087 610 2952 662 drohend das erstbeste Herau gefischte in der
2089 655 2952 716 hocherhobenen Hand (ich glaube, es waren
2089 696 2952 753 unsere Federmesser). Wir markierten derart
2095 737 2952 796 naturgetreu „Schießen“, daß unsere Angrei¬
2102 778 2952 841 fer, ohne erst die ihnen entgegengehaltenen
2098 830 2963 893 Waffen genauer anzusehen, eiligst die Flucht
2098 878 2281 949 ergriffen.
2238 934 2826 1040 Wildgans-Verse privat
2221 1019 2829 1105 Von Josefine Kramer=Glöckner.
2145 1081 2958 1153 Besonders gerne denke ich an die Begeg¬
2104 1142 2965 1194 nungen mit Anton Wildgans. Es sind
2104 1179 2965 1239 fast auf den Tag zwanzig Jahre her, daß ich
2108 1224 2967 1278 ihn anläßlich der Volkstheater=Aufführung
2111 1276 2965 1326 seiner „Armut kennen lernte. Ich spielte die
2104 1306 2971 1367 Rolle der Mutter. Bekanntlich wurde die Pre¬
2106 1352 2971 1412 miere nicht ganz widerspruchslos aufgenom¬
2104 1393 2973 1453 men, der große Erfolg dieses Stückes stellte
2121 1438 2980 1494 sich erst bei den späteren Aufführungen ein.
2117 1483 2976 1546 Manches mußte noch nach der Generalprobe
2117 1533 2978 1587 umgearbeitet werden und bei aller Liebens¬
2119 1572 2984 1628 würdigkeit verstand es Wildgans, letzten
2119 1609 2867 1693 Endes doch seinen Willen durchzusetzen.
2158 1644 2978 1713 Rührend war seine Dankbarkeit den Schau¬
2128 1700 2976 1765 spielern gegenüber und ich war natürlich sehr
2121 1743 2980 1806 erfreut, als der Dichter mir dann das Buch
2121 1786 2978 1875 mit einer eigens für mich gedichteten Wid¬
2119 1834 2413 1912 mung verehrte:
2158 1894 2909 1957 War ein Kind, als ich die Mutter verlor.
2165 1948 2904 2009 Ein Kind von vier ahnungslosen Jahren.
2160 1983 2850 2039 Kann schon sein, daß ich manches sonst
2167 2026 2567 2095 Hätte anders erfahren.
2143 2072 2677 2141 Als ich deiner Seele Klang
2171 2124 2809 2180 In meinen Worten vernommen,
2167 2165 2947 2236 Ist nach der Mutter, die kaum ich gekannt,
2165 2199 2755 2277 Leis' mir ein Sehnen gekommen.
2167 2264 2911 2346 Hab' mich darob sonst nicht viel gegrämt,
2171 2314 2749 2364 Und dieses mit andrem begraben.
2173 2344 2824 2400 Aber vielleicht wär' es dennoch gut,
2173 2392 2848 2463 Solch eine Mutter, wie du eine bist,
2167 2435 2755 2511 Ja, solch eine Mutter zu haben.
