3392 4352
877 148 2684 223 sichere — Haus, in dem der Jubilar jetzt von seinem Werk erzählt, dabei jede Person,
877 182 2636 254 alles eher in möchte, als ein Jubiläum von der er spht, wie unwillkürlich nach¬
888 234 2634 297 feiern. Dreißig Jahre lang hat er ja selbst für ahmend und sie darstellend, kehrt er vom
892 265 2645 357 sämtliche Kollegen des Burgtheaters Jubiläen Hoftheater — zum urheimischen Deutsch, also
1310 1481 2232 1569 Thimig liest seiner Frau aus der Zeitung vor.
1580 1542 1964 1618 (Photo Otto Skall.)
897 1587 2657 1665 aller Art arrangiert, er kennt also deren zum Dresdnerischen heim. Sagt etwa ich weiß
1796 1636 2670 1710 statt weiß, zwee statt zwei: „Man würde mich
901 1659 1767 1708 Technik und Kulissen ebensogut wie jene des
1794 1690 2670 1744 einen Lügner heeßen oder mir hämische
906 1697 1764 1773 Theaters. Darum darf der Gast durchaus nicht
895 1724 2663 1807 vom Festtag reden, am wenigsten dazu Beurteilung so mancher von der Gesellschaft
897 1769 2663 1850 gratulieren. Aber umsehen darf er sich in dem anerkannter Menschen und Tatsachen unter¬
1805 1818 2614 1881 schieben — was mir doch so fern liegt
901 1825 1764 1892 zweistöckigen Häuschen, in dem einer daheim
1796 1852 2663 1917 würde die Schrift, zu der ich mich so oft im
903 1865 1767 1924 ist, der auch heute noch nicht, der keinen Tag
903 1897 2659 1976 lang müßig sein kann, einem Haus, das nicht Gegensatz zu bisher üblichen Urteilen stellen
1798 1937 2594 2018 muß, jetzt erscheinen. Ist noch Zeit dafür."
897 1955 1771 2007 nur in die Lokalgeschichte eingegangen ist,
1931 1989 2537 2063 Ewiger Gymnasiast des Lebens.
912 1996 1771 2059 sondern auch in die Weltgeschichte des Theaters.
895 2043 1773 2101 Hier lebt bald ein halbes Jahrhundert Hugo
1841 2043 2668 2113 Das wollen wir freilich, wenn es schon bei
903 2086 1767 2144 Thimig, hier sind drei der größten Schau¬
1805 2092 2666 2151 dem von ihm befohlenen Erscheinungsdatum
910 2128 1762 2189 spieler der deutschen Bühne (übrigens auch der
1805 2135 2663 2196 bleiben soll, auch dringendst wünschen. Im
903 2176 1764 2230 dritte Sohn Fritz, der Nationalökonom) ge¬
1796 2180 2672 2248 grünen Gartenhäuschen, abgekehrt von
901 2214 1771 2268 boren, Helene, Hermann und Hans. „Die vier
1811 2214 2666 2283 Straßenbahn und Menschenverkehr, dem sich
901 2254 1776 2313 Thimigs," ein Glücksfall, ein Glückskleeblatt
1805 2263 2668 2324 immer wieder erneuernden Blütenreich zu, wird
901 2304 1776 2380 der Bühne, wie es die Annalen noch nie ge¬
1796 2306 2666 2376 in der Nachmittagssonne für den Kaffee gedeckt.
901 2355 1023 2425 kannt.
1811 2351 2659 2421 In diesem Hause einer großen Vergangenheit,
1796 2398 2672 2468 einer bedeutenden Gegenwart und, wenn man
1095 2373 1580 2474 Dreizehner und „Grille".
1807 2439 2672 2499 an die Kinder denkt, mit großer Gegenwart
942 2432 1769 2510 Hans und seine Gattin Christl (Mardayn
906 2483 2670 2562 wohnen im ersten Stock. Der zweite Stock und Zukunft zugleich. Hugo Thimigs Haus in
915 2519 2668 2607 gehört dem Elternpaar. Gleich die Tür neben der Gymnasiumstraße, eines Menschen, der
1807 2569 2675 2623 herüberragt aus den für alle Schauspielkunst
906 2591 1780 2650 dem sehr schmalen Aufgang, der ein wenig an
915 2607 2668 2688 oberösterreichische Bauernhäuser erinnert, das der Welt vorbildlichen alten Burgtheaterzeiten,
1811 2652 2668 2719 ungebrochen und jung, kein Professor, aber
906 2677 1780 2733 Arbeitszimmer des Herrn Thimig, dann Herr
1807 2699 2677 2760 ewiger Gymnasiast des Lebens, noch Meister
906 2717 1776 2782 Burgtheaterdirektor, dann Herr Hofrat und
1805 2733 2675 2798 und doch schon längst Muster, Heiterkeits¬
910 2758 1778 2832 jetzt Besitzer des großen Ehrenzeichen¬
1811 2785 2677 2850 spender durch Generationen. Der nun,
1432 2807 1782 2870 was nicht im
910 2807 1369 2872 und noch nebenbei,
1807 2818 2675 2890 ungewöhnlich begnadet, wie sein ganzes Leben
1043 2843 1782 2920 zu finden ist, hervorragender
910 2861 1014 2915 Titel
1814 2868 2668 2928 war, das, wie er dankbar sagt, voll Helle,
912 2895 1782 2949 Theaterhistoriker. Hier hat er seine
1816 2904 2675 2978 Heiterkeit und Glück gewesen, seinen
912 2940 1780 3005 Sammlung von 38,000 Schauspielerporträts
2578 2951 2675 3012 aber
1814 2953 2531 3012 achtzigsten Geburtstag nicht feiert,
915 2980 1782 3052 zusammengetragen sowie seine 20,000 Bände
1814 3000 2535 3084 begeht — lange vor Sonnenuntergang
915 3025 1785 3081 umfassende Theaterbibliothek, die er in der
2504 3021 2636 3106 R. B.
917 3066 1782 3129 Inflation an die Nationalbibliothek (Theater¬
928 3113 1782 3173 sammlung) verkauft hat und die dort ge¬
1967 3113 2528 3223 Ueberreichung des
930 3160 1794 3216 schlossen unter dem Namen Thimig vereint
928 3203 1789 3268 steht. Auf der Innentür dieses Arbeits¬
1901 3200 2587 3284 großen Ehrenzeichens.
926 3243 1785 3317 zimmers ein kleines Porzellanschild mit einem
1859 3259 2675 3331 Gestern mittag überreichte der Leiter der
942 3295 1785 3349 chwarzen Dreizehner. Das ist seine
924 3308 2668 3389 Garderobenummer vom Michaelerplatz, eine Bundestheater Sektionschef Dr. Pernter
1823 3351 2675 3434 im Beisein des Ministerialrates Dr. Eck¬
928 3376 1791 3436 Nummer, die nach dem Theateraberglauben
2295 3391 2675 3457 Burgtheaterdirektors
921 3405 2239 3477 Glück bringen soll. Und dem zwanzigjährigen mann und des
1825 3436 2677 3504 Röbbeling dem Burgtheaterdirektor i. R.
933 3463 1767 3526 Jungen, der hier als Didier in der „Grille
1820 3481 2681 3547 Hofrat Hugo Thimig in seiner Wohnung
924 3511 1789 3576 begann — das Programm hängt eingerahmt
1820 3531 2672 3587 das ihm anläßlich seines morgigen 80. Ge¬
930 3551 1787 3607 an der Tür —, ja auch Glück gebracht hat
930 3567 2690 3668 Geblieben sind aus der großen Sammlung burtstages vom Bundespräsidenten verliehene
1794 3643 2657 3717 große Ehrenzeichen für Verdienste
1796 3688 2659 3753 um die Republik. Sektionschef Dr. Pernter
1800 3733 2650 3796 gedachte in einer Ansprache der großen Ver¬
1794 3774 2659 3836 dienste des Jubilars um das Burgtheater sowie
1796 3823 2654 3879 um das Kunstleben Wiens und überbrachte
1798 3868 2657 3924 die Glückwünsche des Unterrichtsministers
1789 3911 2659 3980 Dr. Schuschnigg. Hofrat Thimig gab
1805 3951 2657 4014 zugleich mit seinem Dank, dem Gefühle be¬
1802 3989 2663 4068 sonderer Verbundenheit mit Wien und Oester¬
1794 4041 2659 4117 reich sowie seiner Anhänglichkeit an das Burg¬
1805 4086 2522 4162 theater in bewegten Worten Ausdruck.
2719 155 2800 216 —
