3344 4320
229 166 1104 291 13. Miscellaneous
1284 173 1715 281 box 44/8
1933 335 2950 444 Das achtzigjährige Mädchen
1978 437 3012 503 Wir haben das achtzigjährige Mädchen am Neu¬
1881 486 3010 551 jahrstag zum letztenmal gesehen. In einem gastfreund¬
1874 541 3009 617 lichen Wiener Haus, wo sie wie in so manchem anderen
1869 597 3010 659 zu den beliebtesten, stets freudig begrüßten Besuchern
1867 652 3009 713 zählte. Sie trug wie gewöhnlich die schwarze, ein wenig
1867 700 3009 766 altmodische Mantille, um den Hals eine blütenweise
1869 733 3009 809 Krause und an den Fingern makellose, sorgsam ge¬
1872 789 3012 854 schonte Zwirnhandschuhe. Und als man ihr irgendein
1875 834 3009 902 banales Kompliment über ihr Aussehen machte, da
1875 890 3006 952 überzog die elfenbeinfarbigen Wangen ein jung¬
1867 938 3013 995 fräuliches Erröten, und die achtzig Jahr waren wie
1867 995 3006 1059 durch ein holdes Frühlingswunder weggewischt. Sie hat
1859 1041 3003 1106 kein leichtes Leben gehabt, aber dafür einen schweren
1869 1082 3003 1154 Tod. Da steht die alte Dame in der Abenddämmerung
1864 1134 2993 1199 an einer Straßenbahnhaltestelle und friert ganz ge¬
1859 1192 3002 1249 hörig. Ihre so peinlich instand gehaltene Garderobe
1859 1243 2996 1303 reicht gerade hin, um in den Salons der Begüterten und
1865 1285 3002 1353 Vornehmen, in denen sie verkehrt, nicht unangenehm
1859 1337 2999 1396 aufzufallen; aber auf die Unbill des heurigen Winters
1859 1386 2996 1445 ist sie nicht eingerichtet. Da kommt endlich der ersehnte
1864 1434 3002 1489 Straßenbahnzug, und die Greisin atmet erleichtert auf.
1864 1481 2996 1549 Noch ein paar Minuten und sie wird in ihrer beschei¬
1858 1529 2998 1620 denen Behausung die alten, frosterstarrten Glieder am
1858 1575 2373 1656 Ofen erwärmen können.
1963 1613 2996 1701 Einfalscher Schritt, ein Sturz, unter der
1852 1695 2996 1747 Schutzvorrichtung! Leute laufen zusammen, Stimmen¬
1864 1735 3005 1793 gewirr Angstschreie des Entsetzens. Jetzt ertönt das
1856 1777 2999 1844 Horn der Feuerwehr. Der Wagen wird gehoben. Unter
1854 1833 2999 1901 der Schutzvorrichtung zieht man eine Leiche
1854 1875 2012 1957 hervor.
1962 1920 2996 1981 Das war das Ende Karoline Leitners, des acht¬
1848 1976 3002 2045 zigjährigen Mädchens, das nie in die Oeffentlichkeit
1854 2027 2999 2086 getreten ist, und dem doch so viele der älteren Genera¬
1859 2082 2998 2132 tion, und nicht gerade die Schlechtesten, schöne Stun¬
1854 2129 2996 2181 den anregenden, befeuernden, herzerwärmenden Bei¬
1846 2188 2996 2243 sammenseins dankten. Sie hat sich niemals auf die
1856 2224 2999 2281 Literaturkennerin, auf die feinsinnige Kritikerin heraus¬
1854 2273 2996 2330 gespielt, und war doch beides. Die Besten des Wiener
1851 2322 2999 2374 Schrifttums, Artur Schnitzler und Anton
1854 2371 3002 2428 Wildgans etwa, um nur die Toten zu nennen, sind
1851 2423 2999 2477 in ihr bescheidenes Stüchen gewallfahrtet und sind
1848 2471 3005 2527 dann, wie sie selbst bezeugten, durch ihre Güte, ihre
1851 2520 2996 2588 Begeisterungsfähigkeit, ihren schalkhaften Humor,
1848 2571 2993 2630 durch all die reichen Talente ihres Herzens
1851 2621 2624 2690 reich beschenkt, von ihr geschieden.
1953 2663 2998 2729 Sie kannte alles und alle. Sie las alles, was lesens¬
1848 2715 3000 2775 wert war. Sie machte sich ihre Gedanken drüber, ohne
1851 2768 2999 2823 sie jemals unaufgefordert aufzudrängen. Sie stammte
1848 2820 2990 2873 aus begütertem, sogar aus reichem Haus. Es mag ihr
1851 2872 2992 2935 in ihrer Jugend viel gehuldigt worden sein. Warum sie
1848 2914 2987 2976 einsam blieb, das hat sie als ihr unverbrüchliches Ge¬
1848 2972 2990 3026 heimnis mit ins Grab genommen. Und dann kam der
1851 3013 2990 3074 Niedergang dieser Wiener Buddenbrooks wie sovieler
1851 3064 2989 3123 anderer. Die Tante Cara, wie sie im Freundeskreis
1851 3110 2990 3168 vertraulich genannt wurde, behielt den Kopf oben,
1844 3171 2989 3228 ließ sich nicht unterkriegen. Es hies eben, sich ein¬
1844 3212 2990 3264 schränken. Das war eine Kunst, die sie bis zur
1845 3256 2990 3315 Vollendung gebracht hat. Ohne jemals ein Wort
1845 3309 2993 3361 darüber zu verlieren, mit stets lächelndem Mund. Sie
1854 3349 2996 3417 verstand es auch als Verarmte, als Frau, die von der
1848 3404 2990 3469 bitteren Sorge für das Morgen bedrängt war, mit denen,
1844 3465 2990 3517 die es im Leben besser getroffen hatten, auf gleich
1844 3508 2990 3583 und gleich weiter zu verkehren. Als ob die Schicksals¬
1844 3547 2983 3628 schläge, die sie getroffen hatten, nur ein böser
1845 3606 2382 3673 Traum gewesen wären!
1950 3647 2985 3706 Unter ihrer sich stets gleichbleibenden Liebens¬
1838 3701 2983 3771 würdigkeit und Dienstbereitschaft, von der so viele,
1844 3762 2986 3821 wenn sie gerade kein schlechtes Gedächtnis haben, zu
1845 3795 2986 3857 erzählen wüßten, verbarg sich das Bismarcksche „Wo
1845 3850 2985 3908 ich sitze, ist immer oben!“ Es ehrt freilich auch die gute
1844 3905 2986 3963 Wiener Gesellschaft, daß man sich um die verarmte
1844 3957 2983 4012 Karoline Leitner gerissen hat, um den volkstümlichen
1842 3994 2982 4062 Ausdruck zu gebrauchen. Jetzt ist sie noch einmal
1838 4046 2980 4105 unter die Räder gekommen. Diesmal für alle Ewigkeit.
