3392 4352
1284 238 1705 339 box 447
415 244 1095 339 Miscellaneous
226 253 382 339 13.
922 692 1039 803 2
610 723 877 824 160K.
477 834 1191 949 S. Fischer gestorben.
351 933 1382 998 Das deutsche Schrifttum verliert mit S. Fischer seinen
257 986 1382 1043 bedeutendsten Verleger. S. Fischer, der aus seiner ungarischen
267 1037 1397 1085 Heimat als ganz junger Mensch nach Berlin kam und dort in
263 1080 1393 1140 der Friedrichstraße eine Buchhandlung eröffnete, ist nicht allein
263 1130 1393 1191 deutscher, eigentlich preußischer Staatsbürger geworden,
269 1175 1391 1230 sondern Wegweiser, Anreger, Helfer und Freund der modernen
269 1222 1393 1271 deutschen Dichtung. Deutsch gedacht, deutsch gefühlt hat
267 1269 1397 1325 S. Fischer, trotzdem seine Wiege in Ungarn stand, von Geburt
261 1313 1391 1374 an. Er stand mit hervorragendem Begreifen an der Schwelle
267 1360 1388 1419 einer neuen Zeit, die vor fünfzig Jahren unter stürmischen
257 1407 1386 1456 Kämpfen begann. Sein Ahnungsvermögen, sein Spürsinn
267 1452 1395 1510 hatten etwas von großer Kraft der Intuition. Sein höher und
263 1502 1393 1555 höher reifendes Urteil unterschied absolut trefflicher Wert von
263 1547 1388 1602 Unwert, erkannte oft, geradezu divinatorisch die Entwicklungs¬
267 1592 1397 1647 möglichkeiten junger talentierter Anfänger. Als S. Fischer
273 1641 1391 1697 sich entschloß, den jungen Gerhart Hauptmann zu verlegen,
261 1688 1393 1740 war der geschäftliche Erfolg dieses neuen Dichters, dieser
273 1734 1393 1785 ganzen, damals nur widerstrebend aufgenommenen neuartigen
273 1773 1403 1828 Dichtkunst noch keineswegs gewiß. Die offiziellen Kreise
273 1822 1391 1873 boten alles auf, diese moderne Literatur zu unterdrücken.
263 1871 1393 1920 Damals sprach ein preußischer Minister das Wort: „Die
273 1921 1395 1976 ganze Richtung paßt uns nicht." Und Wilhelm II. kündigte
281 1960 1393 2019 seine Loge im Deutschen Theater nach der „Weber“=Auf¬
279 2007 1393 2070 führung. Allein für S. Fischer war der geschäftliche Erfolg
273 2058 1388 2114 weder ausschlaggebend noch ein Gradmesser. Innerlich,
279 2099 1397 2155 seelisch und geistig, fand er sich an Hauptmann gebunden.
273 2148 1401 2196 Trat mit dem Einsatz seiner ganzen Existenz für Hauptmann
263 2196 1393 2245 ein und hielt ihm die Treue, wie Otto Brahm Hauptmann
273 2237 1393 2288 immer die Treue gehalten hat. Mit Otto Brahm und Paul
275 2286 1393 2337 Schlenther war S. Fischer Gründer der „Freien Bühne", gab
263 2329 1397 2383 die gleichnamige Zeitschrift heraus, die unter dem Titel
273 2374 1397 2428 „Neue Rundschau“ heute noch einen hohen Rang bewahrt.
269 2428 1397 2485 Damals, im ersten und zweiten Dezennium ihres Erscheinens,
269 2473 1393 2541 war diese Zeitschrift von bestimmendem Einfluß auf das ganze
275 2516 785 2578 geistige Leben Deutschlands
372 2557 1397 2621 Die hervorragende Persönlichkeit S. Fischers, der mit
279 2604 1393 2664 seinem bescheidenen, gütigen Wesen die Herzen rasch eroberte,
288 2656 1393 2734 zog nach und nach fast alle bedeutende Talente an sich.
300 2703 1399 2757 2. Fischer wurde der Verleger Arthur Schnitzlers. Hermann
273 2748 1399 2804 Bahr, Hugo v. Hofmannsthal erschienen bei S. Fischer.
273 2793 1399 2847 Jakob Wassermann kam da heraus, Thomas Mann, Hermann
275 2839 1399 2886 Hesse und viele andere erfolgreiche Autoren. Der S.-Fischer¬
269 2886 1399 2941 Verlag, eigentlich S. Fischer selbst, griff über die deutschen
271 2931 1401 2980 Grenzen weit hinaus. Zunächst dankte man ihm eine meister¬
273 2978 1401 3036 hafte Ausgabe der Werke von Henrik Ibsen. Dann wurde
269 3026 1403 3075 er der Verleger von Bernard Shaw, dessen Welterfolg erst in
273 3067 1401 3118 Deutschland seinen Anlauf nahm. Das sind nur die Haupt¬
279 3112 1393 3173 stationen eines enormen Aufstieges, die wichtigsten Leistungen
269 3161 1399 3210 einer im ganzen riesenhaften Leistung. Von den lange ver¬
281 3206 1409 3260 storbenen Verlegern Georg Müller und Alfred Walter Heymel
279 3254 1399 3305 befeuert, wandte Fischer seine Aufmerksamkeit der äußeren
273 3299 1403 3358 Gestalt des deutschen Buches zu und hat mit noblen Geschmack
273 3340 1401 3401 bahnbrechend auch hier gewirkt. Bis in die letzte Zeit war
283 3391 1401 3449 Fischer auf seinem Gebiet führend. Das Erscheinen der
275 3436 1397 3490 Meisterromane des zum englischen Dichter gewordenen Polen
273 3486 1403 3555 Josef Conrad, der Werke des englischen Historikers Strachey
279 3527 857 3597 sei nur als Stichprobe erwähnt.
378 3564 1403 3634 Fischer war als Verleger ein vorbildlicher Anreger, ein
275 3615 1407 3683 unvergleichlicher Versteher, ein warmfühlender Mensch, der
275 3669 1399 3749 Sinn für alles, der das feinste Urteil und zu viel gesunden
269 3742 1388 3794 Humor hatte, um irgendjemanden zu verurteilen. So viele
261 3788 1386 3847 Enttäuschungen und so krassen Undank er, wie natürlich, auch
263 3833 1388 3890 erleben mußte, er blieb immer der vertrauensvolle Schätzer
269 3884 1388 3936 jeglichen Talents, er blieb der großzügige, freigebig fürsorg¬
267 3933 1388 3987 liche Freund seiner Autoren. Jetzt, da er verschwindet, ermißt
267 3970 1391 4028 man das weite Gebiet, das er Jahrzehnte hindurch sanft, klug
263 4020 1391 4073 und charaktervoll bebaut hat. Aufrichtig wird der Verlust
269 4063 1393 4139 dieses seltenen Mannes von einem großen Kreis erlesener
267 4110 590 4188 Geister betrauert.
2126 700 2231 795 de
1976 709 2089 805 Die
2377 772 2498 871 934
2079 787 2311 896 6.OKT,
2664 1000 3266 1074 gelungen, die geistig sinnliche
2660 1070 3311 1117 Intensität der Aufführungen von
1923 998 2629 1142 16.10.
2658 1113 3328 1165 oder Stanislawski zu erreichen. Ei¬
2660 1152 3284 1216 Reinhardt-Aufführungen waren
1777 1130 2631 1224 Anna
2658 1193 3323 1249 Wunderwirkungen hochgezüchte
2652 1237 3323 1288 semblekunst, aber es waren meh¬
2654 1284 3327 1331 resultate, während Otto Brahm un
2658 1325 3289 1382 lawski immer für die Idee des
2652 1362 3305 1430 gearbeitet haben, das Theater
2660 1411 3327 1483 resultat des Ensembles betrachten
2693 1454 3311 1510 Jetzt ist der Ensemble gedanke
2660 1493 3315 1549 längst zerschlagen, da dort ein
2658 1547 3317 1604 render Austausch von Schauspie
2654 1582 3327 1645 fand und stattfindet. Nur die deut¬
2658 1625 3309 1680 vinz hatte noch ihre Ensembles,
2654 1678 3325 1723 dort wurden die Schauspieler vor
1867 1643 2557 1738 Gäste und Ensemble
2658 1709 3311 1760 Jahr getauscht. Die letzte Stadt
1941 1734 2631 1810 Die Mitglieder des Deutschen
2660 1756 3323 1814 bens an das Ensemble ist Wien.
1900 1795 2621 1849 Volkstheaters haben gegen das
2658 1801 3323 1855 in der Josefstadt gibt es ein Ende
1902 1838 2625 1914 Gastspielwesen im Deutschen Volks¬
2658 1845 3328 1894 eine Anzahl Schauspieler seit Jahr
1906 1886 2374 1958 theater Protest erhoben.
2660 1886 3327 1935 Geschlossenheit schauspielerisch
2658 1925 3328 1999 drucke zeigt, das Burgtheater hat
1810 1918 2625 2001 Die Ensembleschauspieler sehen natürlich
1769 1970 3311 2050 immer ein wenig scheel auf den großen Gast, semble, das die Geklärtheit, den
2664 2009 3327 2072 tivismus und die klassische Tradit
1769 2031 2623 2093 der den großen Erfolg und meist auch die
2664 2064 3327 2109 Theater repräsentiert. Und das Vo
1762 2073 2627 2132 große Gage wegschleppt, während das En¬
1769 2107 3334 2183 semble sich nur in seinem Schatten dankend hat ein Ensemble, das einmal für
2660 2144 3330 2202 schaftsstück ganz besonders gei¬
1768 2159 2633 2216 verbeugen darf. Der Gast räumt ab und das
2660 2192 3327 2241 Wenn man von einer Physiognomie
1769 2200 2631 2259 Ensemble hat gewöhnlich das Nachsehen,
1760 2227 3328 2313 man spricht vom Gast und die Mitglieder des gen Volkstheaterensembles spricht
1768 2292 2639 2370 Hauses figurieren nur so nebenbei als seine
1768 2331 2633 2389 Trabanten. Zu allen Zeiten, auch in den
1762 2377 2629 2444 guten Jahren des Theaters, war das En¬
1756 2416 2627 2477 semble innerlich gegen den Gast eingestellt.
1768 2461 2627 2529 wenn es auch in Garderoben und Korrido¬
1766 2502 2633 2565 ren, vor dem Auftreten und in den großen
1768 2549 2631 2607 Szenen mit ihm sehr freundschaftlich um¬
1762 2588 2627 2662 ging; die Liebe erwies sich stets als truge¬
1766 2637 2637 2697 risch. Der große Schauspieler sieht auf den
1766 2680 2633 2740 kleinen herab, aber der kleine lehnt es ab,
1760 2720 2627 2781 zum großen Bruder emporzuschauen. Schau¬
1766 2775 2633 2837 spieler sind gerecht, aber auch ungerecht,
1762 2814 2629 2872 sie teilen nicht immer die Meinung des Publi¬
1766 2849 2625 2919 kums, sie glauben tiefer in die Geheimnisse
1766 2898 2633 2964 des Metiers zu sehen und nicht jeder Gast
1766 2937 2633 3009 scheint ihnen wert, ein Gast zu sein. Sie ken¬
1756 2982 2625 3050 nen die Konjunkturen, die Zufälle, die per¬
1768 3023 2635 3091 sönliche Reklametüchtigkeit, die einen
1766 3067 2625 3132 Schauspieler oder eine Schauspielerin auf
1756 3112 2633 3182 die Höhen des Theaters wirbelt. Nicht immer
1756 3155 2627 3231 geht es da mit gerechten Dingen zu, meinen
1760 3202 2627 3270 sie, und mancher Ensembleschauspieler emp¬
1756 3243 2627 3309 findet schmerzlich das Unrecht, daß nicht
1760 3288 2627 3358 auch er das Glück hatte, ein berühmter Gast
1760 3346 1976 3418 zu werden.
1797 3360 2617 3447 Jetzt haben die Schauspieler wieder ein¬
1754 3424 2627 3500 mal Mut gefaßt und sind einfach vor ihren
1766 3465 2625 3533 Direktor hingetreten, um das Gastwesen als
1766 3510 2623 3578 Gastunwesen zu erklären, sie haben die
1768 3553 2623 3615 Wünsche des Ensembles geäußert, das als
1756 3601 2633 3668 Ensemble vor das Publikum gestellt und
1760 3638 2627 3716 gewertet werden will. Alles darum, weil
1758 3685 2621 3747 zwei Gäste im Volkstheater jetzt nicht wie
1760 3734 2623 3800 sonst das große Geschäft gemacht haben,
1760 3771 2619 3837 trotzdem sie größere Gagen beziehen als die
1762 3814 2621 3880 Ensemblemitglieder, trotzdem sie von außen
1756 3864 2617 3923 hergerufen wurden, natürlich mit der Ver¬
1766 3903 2625 3977 pflichtung, besonders volle Häuser zu
1762 3954 2623 4014 machen. Da haben sich die Mitglieder des
1762 3993 2621 4053 Theaters gesagt: das können wir auch.
1760 4038 2613 4110 Wozu also die Mehrbelastung des abend¬
1756 4079 2621 4143 lichen Etats, die noch dazu mit einer
1762 4126 2619 4196 Schädigung unseres künstlerischen Renom¬
1760 4163 2627 4227 mees verbunden ist? Das Publikum wird
