3392 4384
209 539 460 626 eller
191 615 342 694 3.
151 741 525 849 AN.
1866 795 3006 870 war, unsere Juden geradezu so als wäre das, was gegen
1870 860 3003 913 Oesterreichs Unterdrückung ins Werk gerichtet worden ist, nur
1881 899 3014 964 für sie geschehen! Keinem anständigen Juden sei die Teil¬
1877 949 3014 1000 nahme verübelt an einer vaterländischen Erhebung, die auch
352 802 1086 1018 Ein Mahnwort
1881 989 3014 1039 sie, die rechtmäßig bei uns Zuständigen, an ihrer aufrichtigen
1874 1032 3010 1082 Liebe zu unserem gastlichen Lande berührt. Aber nicht, mit
273 1018 1151 1090 Von Richard von Schankal
133 1061 3010 1147 eicher mit dem vollen Einsatz der von den nationalen Kreisen Frankreichs verfehmtesten allzu leicht schäumender Begeisterung, im Vordergrund, nicht,
1881 1118 3010 1165 wie bitterer Spott feststellen zu dürfen meint, womöglich ge¬
137 1136 1852 1187 Dichter und Schriftsteller die parlamentarischen Gelegenheitspolitiker der dritten Republik
1881 1154 3010 1219 schlossen im Mitteltreffen der Heimwehr wollen wir immer
719 1176 1856 1237 der vor kurzem verstorbene Herr Painlevé — man lese seine
129 1183 690 1234 landes gegen den „Anschluß
155 1198 3014 1277 einer Zeit (1919), als der unübertreffliche Darstellung in René Benjamins prächtigem wieder die Leute erblicken, deren Dreistigkeit mit dem Ge¬
1884 1237 3014 1295 fühl der Sicherheit sogleich ins Unverschämte überschnappt.
133 1266 694 1313 ner freien Verfassung sich selbs
723 1262 1856 1320 Buche „Valentine!" — hat bei einem seiner von einer gewissen
1874 1280 3006 1334 Haben uns doch knapp bis zum Ausbruch der „Februar=Revo¬
126 1309 698 1367 Republik ernannt hatte. Mein
1881 1327 3017 1381 lution“ die marxistischen Juden Belehrungen erteilt über die
119 1345 683 1410 kenntnis zum Oesterreichertum
1881 1359 3014 1421 unabweisliche Notwendigkeit eines auch von gewissen Christ¬
762 1359 1820 1424 Das bevorzugte Spezialhaus
122 1395 705 1453 salzburger „Vaterland“, 9. Heft
1881 1410 3010 1460 lichsozialen unentwegt empfohlenen An= und Zusammen¬
766 1417 1805 1489 für Qualitätsstoffe und gute Seiden¬
119 1438 708 1496 23/34), hat mir denn auch als
1888 1453 3010 1528 schlusses mit „Oesterreichern", vor denen dem echten nur die
985 1474 1615 1536 die altrenommierte Firma
119 1478 708 1528 terreichischen Staatsbürger von
1874 1496 2284 1575 Haut schaudern kann!
129 1525 708 1575 henden Stellen des reichsdeutschen
1917 1507 3014 1590 Auch die in Oesterreich ansässigen, zumal die um Oesterreich,
133 1568 708 1615 tragen. (Siehe darüber, aus¬
1884 1579 2985 1633 nicht nur um das eigene Verdienen verdienten Juden sind
762 1500 1820 1651 ALBERT SPITZNOTTI
133 1611 705 1665 nern 13, 14, 15 und 16 der „Mit¬
1881 1615 3017 1672 damit mag sich Gewohnheit in Langmut abfinden — unsere
133 1658 705 1719 ft“, Wien, Nationalbibliothek.)
1881 1654 3017 1723 Mitbürger und sollen trotz geringer Liebenswürdigkeit unan¬
770 1636 1820 1719 Wien, 1. Bez., Neuer Markt 16
173 1708 712 1755 auch nicht unbeträchtliche an
1881 1705 3017 1769 gefochten bleiben. Aber, bei Gott, nicht als unsere Verwalter,
770 1708 1827 1784 Erprobte Herrenstoffe in großer Auswahl
137 1741 708 1816 das Recht erworben zu haben,
1881 1748 2963 1809 gar als unsere Vormacht, unsere europäischen Vertreter!
133 1787 309 1841 werden.1)
1956 1780 3021 1856 Unsere Angelegenheiten wollen wir selbst besorgen, unsere
730 1766 1859 1870 Uebrigen „Kultur Kunde gefeierten Besuche im hochrot ge
111 1809 701 1884 pfindende Angehörige unseres
1924 1838 3017 1910 Freiheit nach unseren, nicht nach jüdisch-intellektualistischen
730 1856 1859 1920 färbten Wien diesen vom Stephansturm überragten Mittel¬
122 1870 698 1938 unft schwer verletzten, verstüm
1924 1892 2374 1956 Anschauungen befestigen.
730 1902 1866 1956 punkt einer glorreichen Geschichte „die Stadt Arthur Schnitz¬
133 1917 705 1971 der in großer Vergangenheit
1920 1902 3028 1985 Und erst wenn dieser Wille, das in unserer Erde, aus unseren
730 1942 1863 2000 lers“ genannt. Unwidersprochen (außer von mir in reichs¬
155 1956 698 2010 schöpfenden Staatswesens di¬
1884 1974 3024 2032 Wurzeln gediehene Volkstum durch nützliche Einrichtungen zu
122 1985 1856 2043 hie und Anerkennung verfolgten deutschen Blättern!). Und ein Mitglied des Redaktionsstabes
126 2014 3017 2118 Aufschwung begrüßt, die eine der „führenden österreichischen Tageszeitung" hat im „Goethe=bestätigen, sich auf das deutlichste wird kundgetan haben
144 2082 701 2133 Leitung unserer Geschicke ver
730 2071 3032 2154 Schnitzler"-Jahr (!) — das einzuweihen von der österreichischen deutlich auch in der Judenfrage —, werden den vielen, die
144 2133 701 2176 der eigenen Bevölkerung ent
730 2118 3017 2205 „Ravag Herr Richard Beer=Hofmann berufen ward! — eine heute verblendet nach ausländischen Rettern Ausschau halten,
1884 2158 3017 2244 mit dem Vertrauen auch wieder die Augen aufgehen, wird in
133 2169 705 2219 wundene Abwehr einer unsere
723 2176 1852 2237 der zahllosen feuilletonistischen Kultusfeiern des „Inbegriffs¬
137 2219 701 2276 ergewaltigung ihm zu Herzen
726 2222 1856 2284 von Oesterreich kühnlich mit der Behauptung beschlossen
129 2251 708 2316 Punkte muß der ehrliche Be¬
734 2266 1856 2334 Arthur Schnitzler habe sich „den Wiener Wald als Denkmal
144 2294 698 2348 österreichischen Bewegung" si
734 2305 1863 2406 gesetzt. Spricht das nicht Bände einer unauslöschlichen
144 2338 705 2388 so große Teile unserer Ein¬
741 2363 939 2424 Schmach¬
129 2377 705 2435 lismus — über dessen Bedeu¬
766 2370 1863 2460 Wien, die Stadt Eugens und Abraham a Santa Claras, die
137 2427 708 2471 und hier nicht gesprochen werden
730 2442 1863 2503 Stadt der großen Kaiserin und ihres großen Kanzlers
129 2471 705 2521 s örtlichen Arme treibt, was
137 2485 1863 2561 rer Mitbürger die Maßregeln Mozarts und Beethovens, Grillparzers und Raimunds, Dann¬
734 2528 1863 2582 hausers und Waldmüllers, Romakos und Hugo Wolfs, der
133 2553 705 2611 sen Brandstiftung nicht mit der
734 2564 1866 2625 Ebner=Eschenbach und Ferdinand von Saars, zur „Stadt
133 2589 708 2643 zeiten, wenn nicht gar tadeln
734 2607 1863 2668 Arthur Schnitzlers" umgetauft, eines jüdischen Schriftsteller¬
133 2632 705 2683 bweichenden Anschauungen al=
734 2661 1870 2737 von wahrlich, auch ohne solche Maßstabe, geringfügiger
94 2668 708 2722 r in einem lebenswichtigen Ab¬
734 2708 953 2762 Bedeutung!
115 2722 708 2791 de Kampf gegen einen Krebs¬
2082 2701 2474 2801 n
798 2726 1863 2809 Aber daß dieser im Kleingedruckten der Literaturgeschicht¬
137 2766 284 2819 genwart,
766 2798 1877 2845 mit zwei, drei Büchertiteln vielleicht „fortlebende Name mit
129 2783 712 2884 zug des geselschaftlichen und
777 2837 1874 2902 seinesgleichen im Ausland die österreichische Kunst tritt,
1895 2845 3035 2949 diese saaren Augen wieder die unsterbliche öster¬
762 2877 1866 2942 wie ein Siegmund Freud die österreichische Wissenschaft, da¬
137 2870 708 2949 luch bedeutet, Nachsicht, ja Dul¬
1892 2917 2471 3003 reichische Seele steigen. *)
770 2924 1870 2985 ist das Ergebnis einer die Grundfesten unserer Wirklichkeit
173 2942 712 2988 selbstmörderisches Auskunfts¬
770 2967 1870 3053 unterwühlenden steigen jüdischen Selbstbetonung, die unser
133 2981 708 3032 i Bedenken rechtfertigen ließe.
773 3021 1392 3086 wahres Bild zur Fratze verzerrt.
1920 2981 3035 3060 *) Vgl. u. a. meine Aufsätze „Die österreichische Idee und
126 3024 708 3075 rch Hinwegschauen gelöst. Sie
2528 3050 3028 3114 Salzburg, 4. Heft, August,
129 3060 708 3122 erbittlichkeit der Selbstachtung
770 3032 2478 3125 Ich habe nur ein Kapitel aufgeschlagen, mit dem Finger die Judenfrage“ („Vaterland
1892 3075 3032 3147 1933/34), „O du mein Oesterreich!“ (ebendort, 8. Heft, Dezem¬
126 3107 698 3165 nen Händen angepackt und be¬
770 3114 1870 3168 auf eine Seite darin hingewiesen. Jeder von uns —
766 3132 3017 3219 Juden miteingeschlossen — kennt die Bücherei, die weitere ber, 1933/34), „Ewiges Oesterreich und ewige Falschmeldung
133 3147 698 3201 der Roheit noch gar Grausam
1906 3175 3021 3244 („Gelbe Hefte“, München, Heft 6. März, und „Vaterland“
137 3201 701 3244 wissen selbst genau, worum e
762 3193 1866 3269 chütternde Belege unserer Verjudung zu tausenden bietet
1899 3211 3035 3287 Salzburg, 2. Heft. Juni, 1933), „Anwaltsstand und Opern¬
137 3233 690 3287 erschleierung wie „Konfession
820 3247 1489 3309 jedem Felde unseres Gemeinlebens.
2539 3251 3032 3309 („Der Stürmer", Wien,
1899 3258 2489 3316 publikum, ein Gesellschaftsbild
129 3287 694 3330 enschentum", „Freiheit" un
755 3258 3035 3359 nas darf nicht so weitergehen. Gebärden sie doch, nach 11. November 1933), „Die Zerstörung des Abendlandes durch
137 3319 690 3380 rauchte, durchsichtige und lee
820 3327 3035 3413 heilsamen Schrecken, der ihnen in die Glieder gefahren Versöhnlichkeit" („Gelbe Hefte, München, 6. Heft, März 1934).
144 3359 708 3416 muß man zum klaren Zwei
137 3406 676 3478 bemühen. Die Tatsachen lieg
137 3474 676 3549 seit dem Kriege, bei uns
133 3539 669 3593 geht) eine Uebermacht erla¬
133 3582 662 3636 denn wir anderen nicht erst¬
140 3647 658 3726 reibung und sonstige Gew
155 3719 690 3780 Einschränkung des Uebersch
144 3754 644 3816 ernden. Den Juden, die
137 3798 658 3859 haben, ja, an zahlreichen Ste
137 3841 658 3891 r Platz anzuweisen, ihr No
129 3884 694 3938 umt wird, kann der berecht
133 3924 669 3985 ranwachsen, muß Groll,
126 3970 662 4028 le erübrigen sich. Nur a
129 4006 676 4071 in Male — hingewiesen: ein
137 4067 708 4143 mir unumgänglich. Seit me
133 4128 708 4186 alleinstehend im Abwehrkamp
137 4182 690 4226 deutschen Schrifttums, bei all
133 4226 708 4272 Artfremden gebührenden A.
381 4265 550 4341 1
