3344 4384
145 356 1000 459 13. Miscellaneous
1193 358 1615 461 box 447
470 832 812 949 OBSERVE
282 897 998 1047 le
474 969 926 1092 le
490 1208 631 1313 20
1157 1304 2047 1385 Gestalten von solcher Frische und von
374 1340 1043 1445 Eine osterreichische
1172 1374 2047 1432 so tiefer Menschlichkeit, daß sie ruhig neben
1175 1421 2045 1479 den Figuren aus den berühmten Werken be¬
286 1434 1123 1510 Shakespeare-Aufführung
1170 1466 2045 1526 stehen können. Die daran vorgenommene
313 1506 2061 1568 So eigentümlich es klingt, es ist doch „Bearbeitung" beschränkt sich selbstver¬
273 1548 2054 1613 wahr: Es gibt Shakespeare-Stücke, die bei ständlich nur auf ganz leichte Retouchen.
1172 1593 2047 1658 Hie und da werden psychologische Motive
268 1600 1141 1656 uns überhaupt noch nicht auf die Bühne
273 1642 2052 1721 gekommen sind. Eines von diesen wird in stärker herausgearbeitet und stellenweise
1181 1680 2052 1741 werden Charakterzüge, die dem Empfinden
268 1689 1146 1747 der von Walter Firner geleiteten „Öster¬
1179 1725 2045 1803 unserer Zeit nicht mehr ganz entsprechen,
268 1739 1146 1797 reichischen Volksbühne am Samstag zum
268 1772 1378 1835 erstenmal gespielt werden. Der Schauplatz gemildert.
1222 1790 2047 1871 Ich bin froh, daß ich wenigstens auf die¬
271 1826 1143 1873 dieser „Uraufführung eines Shakespeare
1181 1857 2047 1906 sem Wege wieder Kontakt mit Wien be¬
277 1868 1143 1922 Werkes in Österreich ist die „Scala, mit
260 1897 2054 1958 wirkend sind lauter erreichische Schau¬ komme, mit Wien, mit dem mich mein
268 1940 2058 1998 spieler Schauspielerinnen. Die Regie ganzes Leben über geistige Beziehungen
1184 1987 2047 2036 verbunden haben. So verdanke ich unend¬
271 1991 1152 2045 führt Frau Direktor Ziegel, Gattin des
1181 2029 2063 2083 lich viel dem unvergeßlichen Arthur
271 2036 1155 2090 Leiters der Hamburger Kammerspiele, aber
1184 2076 2063 2130 Schnitzler — um nur einen Namen zu nen¬
268 2083 1150 2132 auch dessen eifrigste und fleißigste Mit¬
1179 2119 2050 2175 nender für meine künstlerische Ent¬
262 2119 1043 2170 arbeiterin. Also nicht „Direktorin
1184 2157 2079 2222 wicklung eine große Bedeutung gehabt hat.
268 2166 1061 2229 Grund eines Ehekontrakts, sondern
268 2215 1052 2262 Grund ihrer künstlerischen Arbeit.
271 2251 1155 2307 Shakespearesche Dichtung, die man zum
268 2298 1152 2347 erstenmal auf der Bühne sehen wird, ist das
268 2345 1150 2399 Lustspiel „Die beiden Veroneser“.
273 2387 1146 2439 Über die Inszenierung erzählt Frau Direktor
268 2425 618 2493 Ziegel folgendes:
309 2475 1150 2533 „Wien ist künstlerisch für mich kein frem¬
268 2510 1152 2584 der Boden, ich hatte seinerzeit Gelegenheit,
268 2573 1150 2620 unter Direktor Emil Geyer hier als Schau¬
271 2609 1155 2660 spielerin zu gastieren, aber als Regisseurin
271 2658 1152 2714 ist es ein Debut. Zur Regie bin ich auf dem
273 2701 1150 2750 Umweg über das eigene Spielen gekommen.
268 2739 1161 2799 ich begann damit vor neun Jahren und muß
268 2790 1152 2839 gestehen, daß diese Aufgaben mich unge¬
268 2835 1155 2886 mein reizen. So sehr, daß sie meine aktive
273 2873 1150 2933 Bühnentätigkeit eigentlich immer mehr zu¬
271 2918 1155 2969 rückdrängen. Das soll natürlich nicht
268 2960 1155 3014 heißen, daß ich in Hamburg gar nicht mehr
266 3005 1152 3063 Theater spiele — eine meiner letzten Rollen
268 3050 1161 3103 war „Die Frau, die weiß, was sie will von
273 3090 1155 3146 Oskar Strauß und Alfred Grünwald —, aber
271 3135 1152 3191 wie gesagt, Regie führen fesselt mich immer
262 3177 1155 3233 mehr. Die Hamburger Kammerspiele sind
268 3229 1155 3278 unter der Direktion meines Mannes — ich
271 3267 1155 3318 darf es, glaube ich, ohne Überhebung sagen
340 3311 1155 3365 zu einem richtigen Shakespeare-Theater
282 3361 1155 3412 von Deutschland geworden. Neben einem
277 3397 1155 3464 gemischten modernen und klassischen
273 3450 1146 3493 Repertoire spielen wir systematisch Shake¬
271 3488 1155 3540 speare-Stücke. Besonders gern jene, die
280 3533 1155 3587 wenig oder gar nicht bekannt sind. Mein
273 3576 1146 3627 Mann hat sich gewissermaßen zu einen
277 3618 1150 3672 Spezialisten für Bühneneinrichtungen dieser
268 3661 1143 3712 Stücke entwickelt und auch die am Sams
273 3705 1134 3755 tag von der „Österreichischen Volksbühne
268 3755 1155 3804 gespielten „Beiden Veroneser“ haben von
277 3793 1150 3846 ihm ihre jetzige Bühnenform erhalten. Die
271 3833 1159 3887 „Beiden Veroneser sind meinem Gefühl
273 3882 1155 3929 nach (und ich hoffe, daß das Publikum mir
273 3920 1159 3967 recht geben wird) eines der bezauberndsten
273 3967 1161 4014 Spiele des großen englischen Dichters und
282 4010 1177 4057 es ist eigentlich unbegreiflich, warum es so
268 4041 1161 4108 unbekannt geblieben ist. Es sind da einige
