3344 4256
225 210 613 322 13. Mis.
1268 219 1701 328 box 447
670 219 1091 340 nous
751 583 1539 673 „OBSERVER
835 670 1502 730 I. österr. behördl. konzessioniertes
805 718 1524 784 Unternehmen für Zeitungs-Ausschnitte
862 775 1454 850 WIEN, I., WOLLEILE 11
947 841 1391 889 TELEPHON R-23-0-43
742 941 1100 1049 Ausschnitt aus:
745 1157 1046 1289 vonden
862 1262 2494 1533 Rund um einen Tisch.
469 1512 2873 1674 Berühmte Wiener Sammlische. — Don Carlos funkt sein Bild.
1058 1614 2305 1731 Kunst und Politik beim Souper.
1626 1707 1734 1809 Von
1518 1773 1830 1896 Augustin.
574 1851 2876 1965 Das Klubwesen, das im Leben der Engländer eine den berühmtesten in Wien gehörte, residierte. An diesem Stamm¬
475 1911 2876 2007 dominierende Rolle spielt, hat sich in Wien nie so recht zu ent¬ tisch fand sich in sehr abwechslungsreicher Reihenfolge wohl so
472 1986 2873 2058 wickeln vermocht. Klubs nach englischem Muster mit strenger ziemlich alles ein, was irgendeinen Namen in der Literatur und
466 2031 1665 2088 Ballotage bei der Aufnahme und exklusiver Führung bestehen
1695 2046 2879 2113 Publizistik hatte, von den bloßen Beisitzern ganz abgesehen.
466 2082 2882 2161 wohl auch hier, aber sie rangieren bei dem ganz anders gearteten Nebenan, im Café Herrenhof, hat außer dem literarischen Sturm
472 2134 2873 2206 gesellschaftlichen Klima Wiens nicht im Vordergrund. Man ist hier und Drang die schöngeistige Journalistik ihren Stammsitz,
475 2182 2879 2266 wesentlich anspruchsloser, man hat kein Verlangen danach, sich während sich die politischen Journalisten im Café Rebhuhn
472 2227 2082 2317 von der Außenwelt hermetisch abzuschließen, und man hat hier niedergelassen haben.
469 2272 1662 2341 nur geringes Verständnis für die immer ein wenig zeremonios
478 2323 1671 2377 Statutengerechtigkeit des Klublebens. Wenn man Umgang mit
1812 2302 2747 2389 Stammgast: Franz Grillparzer.
472 2368 1662 2428 Menschen sucht, dann soll er wirklich umgänglich, also gemütlich
1779 2356 2873 2443 Der Stammtisch setzt natürlich eine gewisse Seßhaftigkeit
481 2416 2873 2494 sein, ungezwungen und ohne lästige Förmlichkeit. Und, last, not voraus, Stabilität in der Ausübung des Berufes und folglich
472 2464 2879 2539 least, ohne die Spesen, die mit der Zugehörigkeit zu einem Klub Behaglichkeit des Daseins. Damit ist es jetzt nicht sehr gut
475 2512 1590 2581 unerläßlich verbunden sind. Ein Stammtisch tut es eben auch.
1686 2530 2876 2590 bestellt. Der verschärfte Kampf ums Brot hat so manchen,
580 2548 1665 2617 Es gibt wohl kaum ein Wiener Gasthaus oder Kaffeehaus
1695 2572 2882 2629 scheinbar für alle Ewigkeit festgefügten Stammtisch auseinander¬
472 2605 1671 2668 das nicht seine Stammgäste und seine Stammtische hätte. Sie sind
1698 2623 2882 2677 fallen lassen und seine Mitglieder in alle Winde zerstreut. Die
478 2653 1665 2717 der Stolz des Lokals, sie begründen meist sein Renommee. Schlimm
1695 2674 2879 2735 Erinnerung an die schönen Abende von einst aber ist nicht
472 2704 2882 2771 wenn ein Stammtisch auf die Idee kommt, auszuwandern. Darum verweht. Noch nach Jahrzehnten weiß man um berühmte
475 2759 1665 2810 wird er mit ganz besonderer Sorgfalt bedient, verwöhnt und ver¬
1692 2765 2876 2822 Stammtische. Die Linde in der Rotenturmstraße bewahrt noch
481 2801 2882 2870 hätschelt. Er ist nicht immer sehr angenehm. Manchmal terrorisiert das Bild auf, das die Stammgäste Alexander Girardi und
475 2852 1662 2912 er den ganzen Betrieb, aber was will man machen? Man seufz
1695 2864 2879 2921 Adolf v. Sonnenthal zeigt, und im Café Museum, wo sich auch
475 2900 2876 2963 und fügt sich den Launen: es ist halt der Stammtisch! Vor dem die Maler und Bildhauer der Sezession täglich zusammenfanden,
472 2948 1671 3002 man Respekt hat. Nicht bloß, weil er eine sichere Einnahme bedeutet,
1695 2960 2879 3017 gedenkt man des großen Operetten=Stammtisches, dessen Mittel¬
478 2996 1662 3047 sondern weil häufig genug um ihn Menschen sitzen, die selbst etwas
1686 3005 2879 3065 punkt der Direktor des Theaters an der Wien Wilhelm Karczag
478 3047 2879 3107 bedeuten, in Politik und Verwaltung, in Wissenschaft und Kunst, war und an dem man Franz Lehar, Leo Fall, Oskar Straus,
472 3083 1671 3143 Menschen mit scharf konturiertem Profil. Sie kommen nicht
1695 3095 2873 3155 Emmerich Kalman, Louis Treumann, Robert Bodansky und
472 3140 2879 3200 zusammen, um einen Abend bloß mit Essen, Trinken und Tratsch noch viele andere aus dem Reich der Operette sehen konnte.
472 3188 1659 3239 hinzubringen. So wollen einander auch etwas sagen, um einander
1686 3194 2873 3254 Theaterleute, die mit ihrem starken Verbrauch von Nervenkraft
475 3236 2876 3327 wissen, in Fühlung bleiben, etwas hören, Anregungen empfangen, das Bedürfnis nach Entspannung an einem fröhlich gestimmten
472 3284 1055 3366 Ideen und Pläne durchsprechen.
1686 3290 2873 3345 Tisch empfinden, sind überhaupt die besten Stammtischgründer
1680 3339 2882 3390 und bringen immer auch gleich ihr Gefolge ins Haus. Man
742 3333 1400 3441 Luegers Weinstüberl.
1692 3381 2882 3441 findet sie bei der Schöner, im Griechenbeis, im Weingartl, im
574 3411 1668 3486 Mitunter vernimmt man das Wort Stammtisch in
1695 3435 2879 3486 Goldenen Hirschen auf der Alserstraße, wenn auch nicht mehr
475 3465 1665 3528 degradierenden Anführungszeichen. Das mag oft und oft seine
1692 3480 2879 3534 jene Regelmäßigkeit wie früher besteht, wo man zu einer be¬
1692 3522 2876 3579 stimmten Stunde mit Sicherheit damit rechnen konnte, den oder
475 3525 1665 3576 Richtigkeit haben. Aber gerechterweise ist nicht zu vergessen, daß
472 3573 1671 3627 von den Stammlischen auch wertvolle Impulse ausgehen, daß
1701 3573 2879 3624 jenen an seinem Stammtisch anzutreffen. Die Pedanterie eines
1695 3618 2879 3681 Franz Grillparzer zum Beispiel, der auf die Minute genau sich
481 3618 1665 3675 hier schon Bewegungen entstanden, die sehr ernsthaft waren. De¬
1692 3666 2876 3723 an seinem Stammtisch im Matschakerhof niederließ, ist längst
481 3666 1665 3720 großen Wiener Bürgermeisters Dr. Karl Lueger blendende
481 3711 2873 3768 Karriere nahm an einem Stammtisch ihren Ausgangspunkt, und nicht mehr möglich. Dazu ist man viel zu sehr in Anspruch ge¬
484 3759 2876 3813 er ist auch auf der Höhe seines Wirkens und Ruhmes den nommen und den Improvisationen des Lebens ausgesetzt. Aber
484 3804 2885 3861 Stammtischgepflogenheiten treu geblieben, als er in dem unter wenn man auch fluktuiert, man findet einander doch und hält
487 3846 2873 3910 seinem Regime errichteten Rathauskeller für ein eigenes „Rats= aneinander fest. In dieser Beziehung ist der Stammtisch beim
487 3900 2873 3970 stüber!“ Vorsorge traf. Politik am Stammtisch muß sich also Metzger auf der Landstraße vorbildlich, wo sich wöchentlich
481 3949 2539 4015 durchaus nicht immer auf primitive Bierbankweisheit und einmal die Generale der alten Armee treffen.
484 4000 1127 4081 sterile Kannegießerei beschränken.
1986 3997 2572 4105 Die Ludlamshöhle.
673 4045 1469 4159 Wo Dichter und Tragöden
1788 4072 2873 4153 Will man jedoch vom berühmtesten Wiener Stammtisch
826 4123 1322 4201 zu Hause waren.
1689 4141 2882 4198 sprechen, dann muß man sehr weit zurückgreifen, bis in den
