<?xml version="1.0" encoding="UTF-8" standalone="yes"?>
<PcGts xmlns="http://schema.primaresearch.org/PAGE/gts/pagecontent/2013-07-15" xmlns:xsi="http://www.w3.org/2001/XMLSchema-instance" xsi:schemaLocation="http://schema.primaresearch.org/PAGE/gts/pagecontent/2013-07-15 http://schema.primaresearch.org/PAGE/gts/pagecontent/2013-07-15/pagecontent.xsd">
    <Metadata>
        <Creator>prov=READ-COOP:name=PyLaia@TranskribusPlatform:version=2.12.1:model_id=39995:lm=provided:date=28_03_2024_23:54</Creator>
        <Created>2019-10-07T20:38:17.765+02:00</Created>
        <LastChange>2024-03-28T23:54:54.324+01:00</LastChange>
        <TranskribusMetadata docId="224462" pageId="9579458" pageNr="50" tsid="156426070" status="IN_PROGRESS" userId="40391" imgUrl="https://files.transkribus.eu/Get?id=MCZFFFVKAYRWSLUQIGXKFJQW&amp;fileType=view" xmlUrl="https://files.transkribus.eu/Get?id=OLGOFZSGZLKBMYEOZAVTFRGQ" imageId="6208439"/>
    </Metadata>
    <Page imageFilename="224462_0050.jpeg" imageWidth="3296" imageHeight="4320">
        <ReadingOrder>
            <OrderedGroup id="ro_1712662293463" caption="Regions reading order">
                <RegionRefIndexed index="0" regionRef="tr_1"/>
                <RegionRefIndexed index="1" regionRef="tr_2"/>
            </OrderedGroup>
        </ReadingOrder>
        <TextRegion orientation="0.0" id="tr_1" custom="readingOrder {index:0;}">
            <Coords points="403,114 403,4035 1770,4035 1770,114"/>
            <TextLine id="tr_1_tl_1" custom="readingOrder {index:0;}">
                <Coords points="511,166 1140,157 1140,89 1115,86 900,116 818,89 511,95"/>
                <Baseline points="519,137 550,139 581,140 612,140 643,142 675,142 706,141 737,143 768,143 799,143 831,143 862,143 893,143 924,143 955,143 987,143 1018,143 1049,143 1080,145 1111,146 1143,146"/>
                <TextEquiv>
                    <Unicode></Unicode>
                </TextEquiv>
            </TextLine>
            <TextLine id="tr_1_tl_2" custom="readingOrder {index:1;}">
                <Coords points="483,205 1146,215 1134,157 483,162"/>
                <Baseline points="492,194 524,196 557,196 590,194 623,194 656,196 689,197 721,197 754,197 787,197 820,197 853,197 886,199 919,200 951,199 984,197 1017,197 1050,197 1083,197 1116,197 1149,197"/>
                <TextEquiv>
                    <Unicode>1. österr. behördl. konzessioniertes</Unicode>
                </TextEquiv>
            </TextLine>
            <TextLine id="tr_1_tl_3" custom="readingOrder {index:2;}">
                <Coords points="451,248 1168,268 1168,218 1115,209 451,206"/>
                <Baseline points="459,241 494,243 530,244 565,244 601,244 636,247 672,247 707,247 743,247 778,247 814,247 850,247 885,247 921,247 956,247 992,250 1027,248 1063,247 1098,247 1134,247 1170,244"/>
                <TextEquiv>
                    <Unicode>Unternehmen für Zeitungs-Ausschnitte</Unicode>
                </TextEquiv>
            </TextLine>
            <TextLine id="tr_1_tl_4" custom="readingOrder {index:3;}">
                <Coords points="519,322 1099,329 1097,267 517,258"/>
                <Baseline points="525,307 553,305 582,304 611,304 640,307 669,310 697,310 726,309 755,307 784,307 813,308 841,310 870,310 899,310 928,310 957,310 985,310 1014,310 1043,312 1072,312 1101,310"/>
                <TextEquiv>
                    <Unicode>WIEN, I., WOLLEILE 11</Unicode>
                </TextEquiv>
            </TextLine>
            <TextLine id="tr_1_tl_5" custom="readingOrder {index:4;}">
                <Coords points="597,365 1038,372 1038,329 597,322"/>
                <Baseline points="606,361 631,361 657,361 682,361 708,361 733,361 759,362 785,364 810,362 836,361 861,363 887,363 913,361 938,361 964,361 989,361 1015,361 1041,361"/>
                <TextEquiv>
                    <Unicode>TELEPIION R-23-0-13</Unicode>
                </TextEquiv>
            </TextLine>
            <TextLine id="tr_1_tl_6" custom="readingOrder {index:5;}">
                <Coords points="777,503 801,504 814,495 821,501 830,495 845,500 864,482 924,488 924,425 870,423 849,430 833,421 823,427 815,420 801,427 777,423"/>
                <Baseline points="785,477 813,477 842,477 870,477 899,477 928,477"/>
                <TextEquiv>
                    <Unicode>ohne</Unicode>
                </TextEquiv>
            </TextLine>
            <TextLine id="tr_1_tl_7" custom="readingOrder {index:6;}">
                <Coords points="394,507 423,495 452,516 510,495 635,519 670,503 746,507 744,449 692,463 657,446 569,457 523,442 460,461 393,436"/>
                <Baseline points="403,492 429,492 456,492 482,492 509,492 536,492 562,494 589,495 615,495 642,494 669,492 695,494 722,495 749,495"/>
                <TextEquiv>
                    <Unicode>Ausschnitt aus:</Unicode>
                </TextEquiv>
            </TextLine>
            <TextLine id="tr_1_tl_8" custom="readingOrder {index:7;}">
                <Coords points="1018,554 1041,566 1056,557 1070,565 1110,551 1124,559 1155,540 1173,557 1223,572 1230,471 1136,461 1023,485"/>
                <Baseline points="1027,546 1052,546 1077,542 1103,539 1128,538 1153,536 1179,534 1204,534 1230,534"/>
                <TextEquiv>
                    <Unicode>371</Unicode>
                </TextEquiv>
            </TextLine>
            <TextLine id="tr_1_tl_9" custom="readingOrder {index:8;}">
                <Coords points="799,586 811,590 818,586 832,596 848,592 857,599 900,597 903,602 916,597 921,519 907,522 878,492 854,492 845,500 830,494 817,506 805,501"/>
                <Baseline points="809,570 837,570 865,568 893,566 922,564"/>
                <TextEquiv>
                    <Unicode>3</Unicode>
                </TextEquiv>
            </TextLine>
            <TextLine id="tr_1_tl_10" custom="readingOrder {index:9;}">
                <Coords points="603,1118 1748,1109 1748,1057 1696,1042 993,1073 605,1038"/>
                <Baseline points="612,1107 669,1106 726,1107 783,1104 840,1104 897,1104 954,1103 1011,1101 1068,1101 1125,1101 1182,1101 1239,1101 1296,1099 1353,1098 1410,1097 1467,1097 1524,1098 1581,1098 1638,1097 1695,1095 1752,1092"/>
                <TextEquiv>
                    <Unicode>Die Premiere ist am Theater immer auch von den Schatten</Unicode>
                </TextEquiv>
            </TextLine>
            <TextLine id="tr_1_tl_11" custom="readingOrder {index:10;}">
                <Coords points="571,1164 1748,1146 1705,1101 571,1125"/>
                <Baseline points="579,1152 637,1155 696,1152 754,1152 813,1149 872,1149 930,1147 989,1149 1048,1146 1106,1146 1165,1146 1224,1145 1282,1143 1341,1143 1400,1143 1458,1143 1517,1143 1576,1143 1634,1142 1693,1140 1752,1137"/>
                <TextEquiv>
                    <Unicode>einer Geburtsstunde umwittert. Dafür verbindet sie aber den</Unicode>
                </TextEquiv>
            </TextLine>
            <TextLine id="tr_1_tl_12" custom="readingOrder {index:11;}">
                <Coords points="577,1208 1757,1193 1733,1144 578,1162"/>
                <Baseline points="585,1194 643,1197 702,1195 761,1195 820,1194 879,1193 937,1191 996,1191 1055,1191 1114,1191 1173,1191 1231,1191 1290,1189 1349,1189 1408,1188 1467,1188 1525,1188 1584,1188 1643,1185 1702,1185 1761,1182"/>
                <TextEquiv>
                    <Unicode>Vater des Werkes oft zeitlebens mit der Bühne, die der Welt</Unicode>
                </TextEquiv>
            </TextLine>
            <TextLine id="tr_1_tl_13" custom="readingOrder {index:12;}">
                <Coords points="574,1254 1752,1244 1754,1198 575,1210"/>
                <Baseline points="582,1244 640,1244 699,1241 758,1239 817,1238 876,1238 934,1236 993,1235 1052,1235 1111,1235 1170,1235 1228,1235 1287,1233 1346,1233 1405,1233 1464,1231 1522,1233 1581,1230 1640,1229 1699,1229 1758,1230"/>
                <TextEquiv>
                    <Unicode>sein Kind geschenkt hat. Der Autor bleibt der Stätte, die ihm</Unicode>
                </TextEquiv>
            </TextLine>
            <TextLine id="tr_1_tl_14" custom="readingOrder {index:13;}">
                <Coords points="571,1296 1751,1279 1727,1233 571,1256"/>
                <Baseline points="579,1289 637,1289 696,1286 755,1286 814,1283 873,1283 931,1283 990,1283 1049,1280 1108,1280 1167,1283 1225,1280 1284,1279 1343,1277 1402,1277 1461,1277 1519,1277 1578,1274 1637,1274 1696,1272 1755,1268"/>
                <TextEquiv>
                    <Unicode>Glück gebracht hat, gerne treu, oder er kehrt nach wechsel¬</Unicode>
                </TextEquiv>
            </TextLine>
            <TextLine id="tr_1_tl_15" custom="readingOrder {index:14;}">
                <Coords points="577,1340 1754,1337 1742,1278 578,1302"/>
                <Baseline points="585,1331 643,1334 702,1331 760,1331 819,1331 878,1328 936,1328 995,1328 1054,1325 1112,1325 1171,1325 1230,1325 1288,1323 1347,1322 1406,1322 1464,1320 1523,1322 1582,1319 1640,1319 1699,1319 1758,1319"/>
                <TextEquiv>
                    <Unicode>vollen Seitensprungen zumindest reuig wieder zu ihr zurück.</Unicode>
                </TextEquiv>
            </TextLine>
            <TextLine id="tr_1_tl_16" custom="readingOrder {index:15;}">
                <Coords points="577,1388 1746,1379 1748,1333 578,1340"/>
                <Baseline points="585,1379 643,1376 701,1374 759,1376 817,1373 876,1373 934,1371 992,1370 1050,1370 1108,1370 1167,1370 1225,1367 1283,1367 1341,1367 1399,1364 1458,1366 1516,1365 1574,1366 1632,1362 1690,1362 1749,1355"/>
                <TextEquiv>
                    <Unicode>In den Stunden, in denen auf der Szene mit der wider¬</Unicode>
                </TextEquiv>
            </TextLine>
            <TextLine id="tr_1_tl_17" custom="readingOrder {index:16;}">
                <Coords points="577,1428 1751,1419 1751,1376 1611,1364 577,1388"/>
                <Baseline points="585,1421 643,1423 702,1420 760,1418 819,1418 877,1418 936,1418 994,1418 1053,1413 1111,1413 1170,1412 1228,1411 1287,1411 1345,1412 1404,1412 1462,1411 1521,1409 1579,1409 1638,1409 1696,1407 1755,1406"/>
                <TextEquiv>
                    <Unicode>spenstigen Materie, als welche das Publikum zunächst fast</Unicode>
                </TextEquiv>
            </TextLine>
            <TextLine id="tr_1_tl_18" custom="readingOrder {index:17;}">
                <Coords points="574,1474 1754,1463 1715,1413 574,1429"/>
                <Baseline points="582,1462 640,1465 699,1464 758,1462 817,1462 876,1462 934,1462 993,1462 1052,1456 1111,1458 1170,1459 1228,1456 1287,1456 1346,1456 1405,1453 1464,1455 1522,1453 1581,1453 1640,1453 1699,1451 1758,1450"/>
                <TextEquiv>
                    <Unicode>immer erscheint, gerungen wird, wachsen der Schöpfer des</Unicode>
                </TextEquiv>
            </TextLine>
            <TextLine id="tr_1_tl_19" custom="readingOrder {index:18;}">
                <Coords points="571,1518 1720,1512 1758,1460 571,1474"/>
                <Baseline points="579,1510 638,1510 697,1509 756,1509 815,1507 874,1506 933,1504 992,1504 1051,1504 1110,1504 1170,1502 1229,1501 1288,1501 1347,1501 1406,1501 1465,1498 1524,1498 1583,1498 1642,1498 1701,1496 1761,1492"/>
                <TextEquiv>
                    <Unicode>Stückes und das Theater förmlich zusammen, wobei es dann</Unicode>
                </TextEquiv>
            </TextLine>
            <TextLine id="tr_1_tl_20" custom="readingOrder {index:19;}">
                <Coords points="577,1566 1755,1558 1757,1508 578,1520"/>
                <Baseline points="585,1555 643,1555 702,1554 761,1552 820,1552 879,1550 937,1550 996,1549 1055,1549 1114,1547 1173,1549 1231,1549 1290,1546 1349,1546 1408,1546 1467,1545 1525,1543 1584,1543 1643,1542 1702,1540 1761,1540"/>
                <TextEquiv>
                    <Unicode>allerdings auch manchmal geschehen kann, dass sie nur aus</Unicode>
                </TextEquiv>
            </TextLine>
            <TextLine id="tr_1_tl_21" custom="readingOrder {index:20;}">
                <Coords points="574,1603 1760,1597 1696,1546 574,1564"/>
                <Baseline points="582,1597 641,1597 700,1597 759,1597 818,1597 877,1596 936,1594 995,1594 1054,1594 1113,1594 1173,1594 1232,1591 1291,1591 1350,1591 1409,1588 1468,1590 1527,1588 1586,1588 1645,1587 1704,1585 1764,1588"/>
                <TextEquiv>
                    <Unicode>Gewohnheit noch beieinander bleiben. Der Wert einer solchen</Unicode>
                </TextEquiv>
            </TextLine>
            <TextLine id="tr_1_tl_22" custom="readingOrder {index:21;}">
                <Coords points="571,1650 1757,1647 1749,1595 572,1607"/>
                <Baseline points="579,1645 638,1642 697,1642 756,1642 815,1639 874,1639 933,1639 992,1639 1051,1639 1110,1639 1170,1639 1229,1639 1288,1636 1347,1634 1406,1633 1465,1636 1524,1634 1583,1633 1642,1632 1701,1632 1761,1636"/>
                <TextEquiv>
                    <Unicode>dauerhaften Beziehung mag aus der schönen Verbindung</Unicode>
                </TextEquiv>
            </TextLine>
            <TextLine id="tr_1_tl_23" custom="readingOrder {index:22;}">
                <Coords points="571,1693 1760,1699 1761,1649 1692,1637 572,1656"/>
                <Baseline points="579,1686 638,1686 697,1686 756,1685 816,1683 875,1683 934,1683 993,1681 1053,1683 1112,1682 1171,1680 1230,1677 1290,1680 1349,1678 1408,1680 1467,1677 1527,1677 1586,1677 1645,1676 1704,1676 1764,1677"/>
                <TextEquiv>
                    <Unicode>Gerhart Hauptmanns mit dem Deutschen Theater Otto</Unicode>
                </TextEquiv>
            </TextLine>
            <TextLine id="tr_1_tl_24" custom="readingOrder {index:23;}">
                <Coords points="574,1742 1751,1723 1703,1680 574,1693"/>
                <Baseline points="582,1731 640,1731 699,1731 757,1731 816,1728 875,1728 933,1728 992,1728 1051,1726 1109,1728 1168,1725 1227,1727 1285,1725 1344,1725 1403,1722 1461,1725 1520,1723 1579,1722 1637,1721 1696,1719 1755,1719"/>
                <TextEquiv>
                    <Unicode>Brahms, uns näher aber auch aus dem schon geradezu ehe¬</Unicode>
                </TextEquiv>
            </TextLine>
            <TextLine id="tr_1_tl_25" custom="readingOrder {index:24;}">
                <Coords points="574,1783 1758,1778 1758,1736 1699,1726 574,1739"/>
                <Baseline points="582,1776 644,1776 706,1775 768,1773 830,1773 892,1773 954,1770 1016,1772 1078,1770 1140,1770 1202,1770 1264,1767 1326,1769 1388,1769 1450,1770 1512,1770 1574,1768 1636,1767 1698,1765 1761,1764"/>
                <TextEquiv>
                    <Unicode>lichen Verhältnis, das Schönherr und Schnitzler mit dem</Unicode>
                </TextEquiv>
            </TextLine>
            <TextLine id="tr_1_tl_26" custom="readingOrder {index:25;}">
                <Coords points="571,1829 1742,1826 1708,1770 571,1783"/>
                <Baseline points="579,1818 637,1823 695,1821 754,1818 812,1818 870,1818 929,1818 987,1815 1045,1818 1104,1818 1162,1818 1220,1817 1279,1815 1337,1812 1395,1812 1454,1813 1512,1813 1570,1812 1629,1811 1687,1809 1746,1809"/>
                <TextEquiv>
                    <Unicode>Burgtheater unterhalten haben, erkannt werden. Wie frucht</Unicode>
                </TextEquiv>
            </TextLine>
            <TextLine id="tr_1_tl_27" custom="readingOrder {index:26;}">
                <Coords points="580,1883 1754,1869 1755,1815 581,1829"/>
                <Baseline points="588,1868 646,1865 705,1865 763,1865 822,1865 880,1862 939,1862 997,1862 1056,1862 1114,1860 1173,1859 1231,1859 1290,1859 1348,1856 1407,1856 1465,1856 1524,1856 1582,1856 1641,1855 1699,1853 1758,1853"/>
                <TextEquiv>
                    <Unicode>bar eine solche Treue sein kann, hatte das Burgtheater auf</Unicode>
                </TextEquiv>
            </TextLine>
            <TextLine id="tr_1_tl_28" custom="readingOrder {index:27;}">
                <Coords points="577,1917 1607,1923 1761,1912 1763,1869 578,1877"/>
                <Baseline points="585,1907 647,1910 709,1907 771,1907 833,1905 895,1905 957,1907 1019,1906 1081,1906 1143,1904 1205,1905 1267,1907 1329,1904 1391,1902 1453,1901 1515,1901 1577,1901 1639,1900 1701,1898 1764,1898"/>
                <TextEquiv>
                    <Unicode>dem Gebiete des Lustspiels schon früher erwiesen, als es in</Unicode>
                </TextEquiv>
            </TextLine>
            <TextLine id="tr_1_tl_29" custom="readingOrder {index:28;}">
                <Coords points="577,1963 1757,1957 1757,1914 1703,1904 577,1917"/>
                <Baseline points="585,1952 643,1952 702,1952 761,1950 820,1952 879,1952 937,1950 996,1952 1055,1951 1114,1949 1173,1949 1231,1949 1290,1949 1349,1949 1408,1946 1467,1946 1525,1946 1584,1946 1643,1943 1702,1943 1761,1940"/>
                <TextEquiv>
                    <Unicode>Bauernfeld sozusagen seinen Hausdichter unterhielt, und es</Unicode>
                </TextEquiv>
            </TextLine>
            <TextLine id="tr_1_tl_30" custom="readingOrder {index:29;}">
                <Coords points="571,2015 1760,2004 1717,1945 571,1979"/>
                <Baseline points="579,1997 638,2000 697,2000 756,1999 816,1997 875,1997 934,1996 993,1996 1053,1994 1112,1994 1171,1994 1230,1991 1290,1994 1349,1994 1408,1991 1467,1991 1527,1991 1586,1991 1645,1990 1704,1988 1764,1988"/>
                <TextEquiv>
                    <Unicode>muß als einer der schwersten Vorwürfe gegen Schlenther</Unicode>
                </TextEquiv>
            </TextLine>
            <TextLine id="tr_1_tl_31" custom="readingOrder {index:30;}">
                <Coords points="578,2065 1757,2041 1726,1992 580,2016"/>
                <Baseline points="588,2045 646,2045 705,2045 763,2041 822,2042 881,2040 939,2040 998,2039 1057,2040 1115,2040 1174,2039 1233,2038 1291,2038 1350,2039 1409,2036 1467,2036 1526,2036 1585,2033 1643,2033 1702,2033 1761,2030"/>
                <TextEquiv>
                    <Unicode>gelten, daß er einen österreichischen Lustspieldichter wie Bahr</Unicode>
                </TextEquiv>
            </TextLine>
            <TextLine id="tr_1_tl_32" custom="readingOrder {index:31;}">
                <Coords points="577,2105 1761,2095 1761,2041 1583,2034 577,2067"/>
                <Baseline points="585,2089 647,2086 709,2086 771,2086 833,2086 895,2086 957,2083 1019,2083 1081,2083 1143,2083 1205,2083 1267,2083 1329,2082 1391,2080 1453,2080 1515,2080 1577,2080 1639,2077 1701,2077 1764,2077"/>
                <TextEquiv>
                    <Unicode>in den besten Jahren seines Schaffens ausser acht liess, ein Un=</Unicode>
                </TextEquiv>
            </TextLine>
            <TextLine id="tr_1_tl_33" custom="readingOrder {index:32;}">
                <Coords points="583,2150 1760,2150 1760,2096 1693,2083 583,2108"/>
                <Baseline points="591,2131 649,2131 708,2132 766,2132 825,2131 884,2129 942,2129 1001,2128 1060,2128 1118,2128 1177,2125 1236,2127 1294,2125 1353,2125 1412,2125 1470,2125 1529,2125 1588,2122 1646,2122 1705,2122 1764,2122"/>
                <TextEquiv>
                    <Unicode>recht, das erst das Burgtheater der Nachkriegszeit mit einer</Unicode>
                </TextEquiv>
            </TextLine>
            <TextLine id="tr_1_tl_34" custom="readingOrder {index:33;}">
                <Coords points="577,2203 1677,2181 1677,2139 1619,2130 577,2156"/>
                <Baseline points="585,2182 639,2179 694,2179 749,2178 804,2175 858,2175 913,2173 968,2173 1023,2175 1077,2173 1132,2173 1187,2170 1242,2172 1296,2170 1351,2170 1406,2170 1461,2170 1515,2170 1570,2168 1625,2167 1680,2167"/>
                <TextEquiv>
                    <Unicode>späten, aber immer noch erfolggesegneten Ehe gutmachte.</Unicode>
                </TextEquiv>
            </TextLine>
            <TextLine id="tr_1_tl_35" custom="readingOrder {index:34;}">
                <Coords points="627,2233 1665,2237 1760,2228 1761,2170 627,2188"/>
                <Baseline points="635,2224 691,2221 747,2220 804,2218 860,2218 917,2218 973,2218 1030,2218 1086,2218 1143,2215 1199,2218 1255,2216 1312,2215 1368,2215 1425,2212 1481,2214 1538,2212 1594,2212 1651,2212 1707,2212 1764,2215"/>
                <TextEquiv>
                    <Unicode>Die kurze Spanne Zeit, in der der Dichter zum Vater wird,</Unicode>
                </TextEquiv>
            </TextLine>
            <TextLine id="tr_1_tl_36" custom="readingOrder {index:35;}">
                <Coords points="583,2277 1760,2270 1760,2228 1629,2216 583,2234"/>
                <Baseline points="591,2265 649,2265 708,2263 766,2265 825,2265 884,2262 942,2262 1001,2262 1060,2262 1118,2262 1177,2260 1236,2262 1294,2260 1353,2260 1412,2260 1470,2260 1529,2260 1588,2257 1646,2257 1705,2255 1764,2257"/>
                <TextEquiv>
                    <Unicode>stellt an seine Nerven die größten Anforderungen, ob er es</Unicode>
                </TextEquiv>
            </TextLine>
            <TextLine id="tr_1_tl_37" custom="readingOrder {index:36;}">
                <Coords points="583,2317 1760,2322 1727,2261 583,2279"/>
                <Baseline points="591,2307 649,2310 708,2310 766,2308 825,2307 884,2307 942,2307 1001,2307 1060,2307 1118,2305 1177,2304 1236,2304 1294,2304 1353,2304 1412,2304 1470,2304 1529,2302 1588,2301 1646,2300 1705,2298 1764,2298"/>
                <TextEquiv>
                    <Unicode>nun äußerlich erkennen läßt oder nicht. Es gibt Autoren, die</Unicode>
                </TextEquiv>
            </TextLine>
            <TextLine id="tr_1_tl_38" custom="readingOrder {index:37;}">
                <Coords points="583,2372 1752,2350 1752,2314 1585,2307 583,2317"/>
                <Baseline points="591,2355 649,2355 707,2355 765,2355 823,2352 882,2352 940,2352 998,2352 1056,2352 1114,2350 1173,2349 1231,2349 1289,2349 1347,2346 1405,2346 1464,2346 1522,2346 1580,2346 1638,2345 1696,2343 1755,2340"/>
                <TextEquiv>
                    <Unicode>hinter der Szene aufgeregt hin und her laufen, keinem ver-</Unicode>
                </TextEquiv>
            </TextLine>
            <TextLine id="tr_1_tl_39" custom="readingOrder {index:38;}">
                <Coords points="577,2408 1763,2396 1746,2348 577,2379"/>
                <Baseline points="585,2397 644,2397 703,2397 762,2395 821,2397 880,2394 939,2394 998,2396 1057,2394 1116,2392 1176,2394 1235,2391 1294,2393 1353,2391 1412,2391 1471,2391 1530,2391 1589,2391 1648,2391 1707,2389 1767,2388"/>
                <TextEquiv>
                    <Unicode>nünftigen Wort zugänglich sind, und verstört nur fragen, ob</Unicode>
                </TextEquiv>
            </TextLine>
            <TextLine id="tr_1_tl_40" custom="readingOrder {index:39;}">
                <Coords points="589,2452 1760,2440 1717,2393 589,2409"/>
                <Baseline points="597,2439 655,2439 713,2439 772,2439 830,2439 888,2437 947,2439 1005,2439 1063,2436 1122,2436 1180,2436 1238,2436 1297,2436 1355,2433 1413,2433 1472,2433 1530,2433 1588,2433 1647,2431 1705,2433 1764,2430"/>
                <TextEquiv>
                    <Unicode>es wirklich ein solcher Durchfall sei, auch wenn der Beifall</Unicode>
                </TextEquiv>
            </TextLine>
            <TextLine id="tr_1_tl_41" custom="readingOrder {index:40;}">
                <Coords points="583,2486 1763,2492 1730,2439 583,2458"/>
                <Baseline points="591,2483 649,2483 708,2483 767,2483 826,2480 885,2480 943,2480 1002,2480 1061,2480 1120,2480 1179,2480 1237,2477 1296,2477 1355,2477 1414,2477 1473,2478 1531,2478 1590,2477 1649,2476 1708,2474 1767,2474"/>
                <TextEquiv>
                    <Unicode>eben erst über sie niedergegangen war. Von olympischer Ruhe</Unicode>
                </TextEquiv>
            </TextLine>
            <TextLine id="tr_1_tl_42" custom="readingOrder {index:41;}">
                <Coords points="586,2538 1766,2529 1766,2492 1653,2477 1533,2511 586,2489"/>
                <Baseline points="594,2528 652,2525 711,2528 770,2528 829,2528 888,2525 946,2525 1005,2525 1064,2525 1123,2525 1182,2525 1240,2522 1299,2525 1358,2523 1417,2522 1476,2523 1534,2523 1593,2522 1652,2522 1711,2522 1770,2522"/>
                <TextEquiv>
                    <Unicode>ist dagegen immer Gerhart Hauptmann gewesen, am liebsten</Unicode>
                </TextEquiv>
            </TextLine>
            <TextLine id="tr_1_tl_43" custom="readingOrder {index:42;}">
                <Coords points="583,2578 1754,2581 1740,2528 584,2538"/>
                <Baseline points="591,2570 649,2571 707,2573 766,2573 824,2573 882,2570 941,2570 999,2570 1057,2572 1116,2570 1174,2570 1232,2569 1291,2567 1349,2567 1407,2564 1466,2567 1524,2567 1582,2564 1641,2566 1699,2564 1758,2561"/>
                <TextEquiv>
                    <Unicode>in seiner Loge draussen, und sich auch von ihr aus ver-</Unicode>
                </TextEquiv>
            </TextLine>
            <TextLine id="tr_1_tl_44" custom="readingOrder {index:43;}">
                <Coords points="583,2624 1714,2631 1767,2628 1769,2581 584,2580"/>
                <Baseline points="591,2615 653,2618 715,2618 777,2616 839,2617 901,2615 963,2618 1025,2615 1087,2615 1149,2615 1211,2615 1273,2612 1335,2611 1397,2609 1459,2609 1521,2611 1583,2609 1645,2607 1707,2609 1770,2609"/>
                <TextEquiv>
                    <Unicode>beugend, der vornehmste und gefaßteste Zuhörer seines</Unicode>
                </TextEquiv>
            </TextLine>
            <TextLine id="tr_1_tl_45" custom="readingOrder {index:44;}">
                <Coords points="592,2667 1761,2671 1761,2627 1696,2618 592,2627"/>
                <Baseline points="600,2660 658,2661 716,2661 774,2663 832,2660 891,2660 949,2660 1007,2660 1065,2660 1123,2660 1182,2660 1240,2658 1298,2658 1356,2657 1414,2655 1473,2657 1531,2657 1589,2657 1647,2654 1705,2654 1764,2651"/>
                <TextEquiv>
                    <Unicode>Werks. Ein bekanntes Gegenbeispiel war Otto Erich Hart¬</Unicode>
                </TextEquiv>
            </TextLine>
            <TextLine id="tr_1_tl_46" custom="readingOrder {index:45;}">
                <Coords points="583,2719 1763,2710 1763,2673 1686,2663 583,2663"/>
                <Baseline points="591,2707 649,2707 708,2705 767,2705 826,2704 885,2704 943,2704 1002,2704 1061,2704 1120,2704 1179,2701 1237,2704 1296,2701 1355,2701 1414,2701 1473,2701 1531,2699 1590,2698 1649,2698 1708,2698 1767,2695"/>
                <TextEquiv>
                    <Unicode>leben, der außerstande gewesen ist, sich bei seinen Premieren</Unicode>
                </TextEquiv>
            </TextLine>
            <TextLine id="tr_1_tl_47" custom="readingOrder {index:46;}">
                <Coords points="583,2760 1760,2753 1751,2707 583,2729"/>
                <Baseline points="591,2749 649,2752 708,2750 766,2750 825,2749 884,2747 942,2749 1001,2749 1060,2749 1118,2749 1177,2749 1236,2748 1294,2746 1353,2746 1412,2746 1470,2746 1529,2744 1588,2743 1646,2743 1705,2743 1764,2746"/>
                <TextEquiv>
                    <Unicode>auch nur ein Wort anzuhören, und nebenan im Löwenbräu</Unicode>
                </TextEquiv>
            </TextLine>
            <TextLine id="tr_1_tl_48" custom="readingOrder {index:47;}">
                <Coords points="586,2805 1760,2796 1749,2750 587,2763"/>
                <Baseline points="594,2800 652,2797 711,2797 769,2795 828,2794 886,2794 945,2794 1003,2794 1062,2794 1120,2792 1179,2794 1237,2791 1296,2791 1354,2788 1413,2791 1471,2791 1530,2791 1588,2791 1647,2788 1705,2788 1764,2788"/>
                <TextEquiv>
                    <Unicode>saß, während am Burgtheater sein Stück gespielt wurde. Nach</Unicode>
                </TextEquiv>
            </TextLine>
            <TextLine id="tr_1_tl_49" custom="readingOrder {index:48;}">
                <Coords points="586,2854 1763,2849 1740,2795 586,2814"/>
                <Baseline points="594,2842 652,2842 711,2841 769,2839 828,2836 887,2836 945,2838 1004,2839 1063,2836 1121,2836 1180,2839 1239,2836 1297,2836 1356,2836 1415,2836 1473,2836 1532,2836 1591,2836 1649,2835 1708,2833 1767,2833"/>
                <TextEquiv>
                    <Unicode>den Aktschlüssen wurde er von einem Theaterfunktionär mit</Unicode>
                </TextEquiv>
            </TextLine>
            <TextLine id="tr_1_tl_50" custom="readingOrder {index:49;}">
                <Coords points="583,2897 1760,2886 1760,2843 1697,2839 583,2852"/>
                <Baseline points="591,2883 649,2886 708,2884 766,2884 825,2883 884,2882 942,2882 1001,2883 1060,2883 1118,2883 1177,2883 1236,2882 1294,2880 1353,2882 1412,2880 1470,2882 1529,2880 1588,2878 1646,2877 1705,2877 1764,2878"/>
                <TextEquiv>
                    <Unicode>allen Uberredungskünsten herübergelost, um sich vor dem</Unicode>
                </TextEquiv>
            </TextLine>
            <TextLine id="tr_1_tl_51" custom="readingOrder {index:50;}">
                <Coords points="589,2937 1766,2932 1766,2891 1689,2883 589,2895"/>
                <Baseline points="597,2928 655,2931 714,2931 772,2929 831,2925 890,2928 948,2928 1007,2928 1066,2927 1124,2925 1183,2928 1242,2928 1300,2928 1359,2926 1418,2925 1476,2925 1535,2923 1594,2922 1652,2922 1711,2922 1770,2925"/>
                <TextEquiv>
                    <Unicode>Vorhang zu verbeugen. Heute, nachdem das Löwenbräu</Unicode>
                </TextEquiv>
            </TextLine>
            <TextLine id="tr_1_tl_52" custom="readingOrder {index:51;}">
                <Coords points="583,2998 1763,2981 1736,2932 583,2938"/>
                <Baseline points="591,2976 649,2976 708,2976 767,2974 826,2973 885,2972 943,2972 1002,2970 1061,2970 1120,2970 1179,2970 1237,2970 1296,2970 1355,2970 1414,2970 1473,2970 1531,2970 1590,2970 1649,2967 1708,2967 1767,2964"/>
                <TextEquiv>
                    <Unicode>längst nicht mehr besteht, bleibt einem ähnlich theaterscheuen</Unicode>
                </TextEquiv>
            </TextLine>
            <TextLine id="tr_1_tl_53" custom="readingOrder {index:52;}">
                <Coords points="583,3026 1763,3021 1726,2972 583,2998"/>
                <Baseline points="591,3021 649,3021 708,3018 767,3018 826,3018 885,3015 943,3017 1002,3015 1061,3017 1120,3017 1179,3015 1237,3015 1296,3015 1355,3015 1414,3015 1473,3015 1531,3013 1590,3012 1649,3012 1708,3010 1767,3012"/>
                <TextEquiv>
                    <Unicode>Autor allerdings nur übrig, sich in der äußersten Winkel der</Unicode>
                </TextEquiv>
            </TextLine>
            <TextLine id="tr_1_tl_54" custom="readingOrder {index:53;}">
                <Coords points="580,3087 1705,3079 1766,3066 1767,3021 581,3024"/>
                <Baseline points="588,3066 647,3066 706,3063 765,3063 824,3063 883,3062 942,3060 1001,3062 1060,3063 1119,3060 1179,3062 1238,3060 1297,3060 1356,3060 1415,3057 1474,3057 1533,3055 1592,3057 1651,3058 1710,3058 1770,3057"/>
                <TextEquiv>
                    <Unicode>Kantine zu verkriechen. Aber es gibt auch wieder Dichter, die</Unicode>
                </TextEquiv>
            </TextLine>
            <TextLine id="tr_1_tl_55" custom="readingOrder {index:54;}">
                <Coords points="592,3118 1604,3122 1761,3110 1763,3070 592,3082"/>
                <Baseline points="600,3110 658,3107 716,3105 774,3107 832,3104 891,3104 949,3104 1007,3104 1065,3104 1123,3104 1182,3104 1240,3104 1298,3104 1356,3104 1414,3103 1473,3096 1531,3097 1589,3101 1647,3101 1705,3101 1764,3098"/>
                <TextEquiv>
                    <Unicode>gerade umgekehrt reagieren und sich mit aller Kraft so an</Unicode>
                </TextEquiv>
            </TextLine>
            <TextLine id="tr_1_tl_56" custom="readingOrder {index:55;}">
                <Coords points="583,3167 1763,3164 1763,3112 1650,3101 583,3131"/>
                <Baseline points="591,3152 649,3152 708,3150 767,3150 826,3146 885,3147 943,3149 1002,3149 1061,3149 1120,3149 1179,3149 1237,3146 1296,3148 1355,3146 1414,3146 1473,3146 1531,3148 1590,3146 1649,3146 1708,3144 1767,3146"/>
                <TextEquiv>
                    <Unicode>ihr eigenes Wort halten, daß sie darüber die ganze Umwelt</Unicode>
                </TextEquiv>
            </TextLine>
            <TextLine id="tr_1_tl_57" custom="readingOrder {index:56;}">
                <Coords points="583,3205 1760,3196 1736,3150 583,3170"/>
                <Baseline points="591,3197 649,3197 708,3196 766,3194 825,3194 884,3193 942,3193 1001,3194 1060,3194 1118,3192 1177,3194 1236,3191 1294,3191 1353,3191 1412,3191 1470,3191 1529,3191 1588,3188 1646,3191 1705,3191 1764,3188"/>
                <TextEquiv>
                    <Unicode>des Theaters vergessen, wie etwa Heinrich Mann, von dem</Unicode>
                </TextEquiv>
            </TextLine>
            <TextLine id="tr_1_tl_58" custom="readingOrder {index:57;}">
                <Coords points="586,3251 1742,3242 1742,3196 586,3216"/>
                <Baseline points="594,3245 651,3242 709,3239 766,3239 824,3241 882,3239 939,3239 997,3239 1054,3239 1112,3239 1170,3236 1227,3236 1285,3236 1342,3236 1400,3239 1458,3237 1515,3236 1573,3236 1630,3236 1688,3234 1746,3233"/>
                <TextEquiv>
                    <Unicode>es mir unvergeßlich bleibt, wie er bei seiner „Madame Legros</Unicode>
                </TextEquiv>
            </TextLine>
            <TextLine id="tr_1_tl_59" custom="readingOrder {index:58;}">
                <Coords points="583,3290 1763,3296 1763,3247 1703,3241 583,3248"/>
                <Baseline points="591,3287 649,3284 708,3284 767,3284 826,3284 885,3283 943,3283 1002,3284 1061,3281 1120,3281 1179,3281 1237,3281 1296,3281 1355,3281 1414,3281 1473,3280 1531,3278 1590,3281 1649,3278 1708,3278 1767,3278"/>
                <TextEquiv>
                    <Unicode>auf einem Sessel unmittelbar an der Kulicae saß und mit einer</Unicode>
                </TextEquiv>
            </TextLine>
            <TextLine id="tr_1_tl_60" custom="readingOrder {index:59;}">
                <Coords points="586,3339 1760,3328 1727,3284 586,3293"/>
                <Baseline points="594,3331 652,3328 711,3329 769,3329 828,3325 886,3325 945,3325 1003,3325 1062,3327 1120,3325 1179,3325 1237,3325 1296,3323 1354,3325 1413,3322 1471,3322 1530,3324 1588,3325 1647,3322 1705,3322 1764,3319"/>
                <TextEquiv>
                    <Unicode>inbrünstigen Andacht zuhörte. Richard Beer-Hofmann wieder</Unicode>
                </TextEquiv>
            </TextLine>
            <TextLine id="tr_1_tl_61" custom="readingOrder {index:60;}">
                <Coords points="592,3386 1757,3374 1727,3331 592,3339"/>
                <Baseline points="600,3373 658,3373 716,3373 774,3370 832,3370 890,3370 948,3370 1006,3370 1064,3370 1122,3370 1180,3370 1238,3370 1296,3370 1354,3370 1412,3367 1470,3367 1528,3369 1586,3367 1644,3367 1702,3367 1761,3364"/>
                <TextEquiv>
                    <Unicode>fühlt sich bis zuletzt mit seinen Schauspielern verbunden und</Unicode>
                </TextEquiv>
            </TextLine>
            <TextLine id="tr_1_tl_62" custom="readingOrder {index:61;}">
                <Coords points="584,3431 1760,3425 1760,3374 586,3388"/>
                <Baseline points="594,3421 652,3418 711,3418 769,3418 828,3415 886,3415 945,3415 1003,3415 1062,3415 1120,3415 1179,3415 1237,3414 1296,3414 1354,3412 1413,3412 1471,3412 1530,3412 1588,3412 1647,3411 1705,3409 1764,3409"/>
                <TextEquiv>
                    <Unicode>er ist bei ihnen, bis zum entscheidenden Moment, wo sie auf</Unicode>
                </TextEquiv>
            </TextLine>
            <TextLine id="tr_1_tl_63" custom="readingOrder {index:62;}">
                <Coords points="583,3466 1754,3465 1754,3423 1692,3419 583,3426"/>
                <Baseline points="591,3463 649,3463 707,3463 766,3460 824,3460 882,3460 941,3460 999,3460 1057,3460 1116,3460 1174,3460 1232,3460 1291,3460 1349,3457 1407,3457 1466,3458 1524,3458 1582,3457 1641,3456 1699,3456 1758,3454"/>
                <TextEquiv>
                    <Unicode>die Szene hinaustreten, und folgt ihnen von der ersten Gasse</Unicode>
                </TextEquiv>
            </TextLine>
            <TextLine id="tr_1_tl_64" custom="readingOrder {index:63;}">
                <Coords points="583,3518 1767,3516 1732,3462 583,3482"/>
                <Baseline points="591,3504 653,3507 715,3507 777,3507 839,3504 901,3504 963,3504 1025,3504 1087,3504 1149,3504 1211,3504 1273,3504 1335,3501 1397,3501 1459,3501 1521,3501 1583,3501 1645,3501 1707,3501 1770,3498"/>
                <TextEquiv>
                    <Unicode>aus, suggestiv allein schon durch seine Anwesenheit. Es ist ein</Unicode>
                </TextEquiv>
            </TextLine>
            <TextLine id="tr_1_tl_65" custom="readingOrder {index:64;}">
                <Coords points="583,3564 1697,3565 1760,3554 1761,3511 584,3516"/>
                <Baseline points="591,3552 649,3552 708,3552 766,3550 825,3549 884,3549 942,3549 1001,3549 1060,3549 1118,3549 1177,3549 1236,3549 1294,3549 1353,3547 1412,3546 1470,3546 1529,3546 1588,3543 1646,3545 1705,3543 1764,3543"/>
                <TextEquiv>
                    <Unicode>imposanter Zug von Dichtern, die im Burgtheater vor dem</Unicode>
                </TextEquiv>
            </TextLine>
            <TextLine id="tr_1_tl_66" custom="readingOrder {index:65;}">
                <Coords points="589,3604 1763,3595 1751,3551 589,3559"/>
                <Baseline points="597,3591 655,3597 714,3597 772,3597 831,3594 889,3594 948,3594 1006,3594 1065,3594 1123,3592 1182,3594 1240,3594 1299,3594 1357,3591 1416,3591 1474,3591 1533,3591 1591,3591 1650,3591 1708,3589 1767,3588"/>
                <TextEquiv>
                    <Unicode>Vorhang des neuen Hauses erschienen sind, um hinter ihr</Unicode>
                </TextEquiv>
            </TextLine>
            <TextLine id="tr_1_tl_67" custom="readingOrder {index:66;}">
                <Coords points="600,3654 1760,3645 1760,3597 600,3604"/>
                <Baseline points="609,3639 666,3639 724,3639 782,3639 840,3639 897,3639 955,3639 1013,3639 1071,3637 1128,3636 1186,3639 1244,3638 1302,3636 1359,3636 1417,3636 1475,3636 1533,3636 1590,3636 1648,3636 1706,3634 1764,3630"/>
                <TextEquiv>
                    <Unicode>Werk zu treten und sich vor dem Wiener Publikum dankend</Unicode>
                </TextEquiv>
            </TextLine>
            <TextLine id="tr_1_tl_68" custom="readingOrder {index:67;}">
                <Coords points="583,3687 1767,3684 1767,3640 583,3660"/>
                <Baseline points="591,3684 653,3684 715,3687 777,3685 839,3684 901,3684 963,3684 1025,3683 1087,3681 1149,3681 1211,3684 1273,3684 1335,3681 1397,3683 1459,3681 1521,3681 1583,3681 1645,3680 1707,3678 1770,3678"/>
                <TextEquiv>
                    <Unicode>zu verneigen. Er reicht von Ibsen bis zu Galsworthy und</Unicode>
                </TextEquiv>
            </TextLine>
            <TextLine id="tr_1_tl_69" custom="readingOrder {index:68;}">
                <Coords points="586,3739 1766,3728 1766,3685 586,3691"/>
                <Baseline points="594,3731 652,3731 711,3728 770,3730 829,3728 888,3728 946,3728 1005,3731 1064,3728 1123,3728 1182,3728 1240,3728 1299,3727 1358,3725 1417,3725 1476,3725 1534,3725 1593,3725 1652,3724 1711,3722 1770,3722"/>
                <TextEquiv>
                    <Unicode>Lenormand, von Georg Hirschfeld, Ernst Hardt und Edward</Unicode>
                </TextEquiv>
            </TextLine>
            <TextLine id="tr_1_tl_70" custom="readingOrder {index:69;}">
                <Coords points="592,3782 1766,3779 1766,3728 592,3737"/>
                <Baseline points="600,3776 658,3776 717,3775 775,3773 834,3773 892,3773 951,3773 1009,3773 1068,3773 1126,3771 1185,3773 1243,3772 1302,3770 1360,3770 1419,3770 1477,3770 1536,3770 1594,3770 1653,3769 1711,3769 1770,3767"/>
                <TextEquiv>
                    <Unicode>Stucken bis zu Fritz von Unruh, Georg Kaiser und Carl</Unicode>
                </TextEquiv>
            </TextLine>
            <TextLine id="tr_1_tl_71" custom="readingOrder {index:70;}">
                <Coords points="584,3838 1441,3825 1441,3782 1281,3771 1259,3794 586,3782"/>
                <Baseline points="594,3821 636,3821 679,3818 721,3818 764,3818 806,3818 849,3818 891,3816 934,3817 976,3818 1019,3818 1061,3818 1104,3817 1146,3815 1189,3815 1231,3815 1274,3815 1316,3815 1359,3815 1401,3815 1444,3815"/>
                <TextEquiv>
                    <Unicode>Zuckmayer, von Wilbrandt bis zu Billinger.</Unicode>
                </TextEquiv>
            </TextLine>
            <TextLine id="tr_1_tl_72" custom="readingOrder {index:71;}">
                <Coords points="630,3880 1718,3875 1760,3829 632,3831"/>
                <Baseline points="638,3863 694,3863 750,3865 806,3865 863,3863 919,3863 975,3864 1032,3864 1088,3863 1144,3863 1201,3862 1257,3860 1313,3860 1369,3860 1426,3860 1482,3860 1538,3860 1595,3860 1651,3859 1707,3857 1764,3851"/>
                <TextEquiv>
                    <Unicode>Sind die aufregenden Spannungen einer Premiere dann vor-</Unicode>
                </TextEquiv>
            </TextLine>
            <TextLine id="tr_1_tl_73" custom="readingOrder {index:72;}">
                <Coords points="583,3921 1763,3938 1764,3859 697,3887 584,3856"/>
                <Baseline points="591,3910 649,3910 708,3913 767,3911 826,3910 885,3910 943,3910 1002,3910 1061,3908 1120,3908 1179,3910 1237,3908 1296,3908 1355,3908 1414,3908 1473,3909 1531,3909 1590,3908 1649,3907 1708,3903 1767,3899"/>
                <TextEquiv>
                    <Unicode>über, so greift der Dichter, der Ubung folgend, noch einmal</Unicode>
                </TextEquiv>
            </TextLine>
            <TextLine id="tr_1_tl_74" custom="readingOrder {index:73;}">
                <Coords points="575,4046 589,4046 602,4052 618,4046 633,4058 643,4052 657,4055 654,3975 632,3970 618,3958 596,3961 592,3966 571,3966"/>
                <Baseline points="582,4021 607,4023 633,4024 659,4024"/>
                <TextEquiv>
                    <Unicode>2</Unicode>
                </TextEquiv>
            </TextLine>
            <TextEquiv>
                <Unicode></Unicode>
            </TextEquiv>
        </TextRegion>
        <TextRegion orientation="0.0" id="tr_2" custom="readingOrder {index:1;}">
            <Coords points="1809,790 1809,3910 3003,3910 3003,790"/>
            <TextLine id="tr_2_tl_1" custom="readingOrder {index:0;}">
                <Coords points="1838,842 1887,835 1917,817 1939,817 1955,832 1994,835 1997,804 1976,792 1966,798 1954,784 1926,789 1918,778 1896,778 1868,792 1843,787"/>
                <Baseline points="1848,826 1877,825 1907,823 1937,822 1967,818 1997,812"/>
                <TextEquiv>
                    <Unicode>L</Unicode>
                </TextEquiv>
            </TextLine>
            <TextLine id="tr_2_tl_2" custom="readingOrder {index:1;}">
                <Coords points="1804,983 2958,973 2992,887 1806,881"/>
                <Baseline points="1812,961 1871,958 1930,956 1989,956 2048,958 2107,958 2166,958 2225,958 2284,955 2343,955 2403,953 2462,952 2521,951 2580,949 2639,949 2698,951 2757,951 2816,952 2875,951 2934,949 2994,949"/>
                <TextEquiv>
                    <Unicode>VON ERHARD BUSCHBECK</Unicode>
                </TextEquiv>
            </TextLine>
            <TextLine id="tr_2_tl_3" custom="readingOrder {index:2;}">
                <Coords points="1801,1103 2975,1096 2975,1045 2843,1033 1801,1053"/>
                <Baseline points="1809,1092 1867,1092 1926,1092 1984,1092 2043,1089 2101,1091 2160,1089 2218,1092 2277,1089 2335,1089 2394,1089 2452,1089 2511,1087 2569,1086 2628,1089 2686,1086 2745,1086 2803,1086 2862,1086 2920,1086 2979,1083"/>
                <TextEquiv>
                    <Unicode>zum überlegten Wort, um dem Theater oder seinem Direktor</Unicode>
                </TextEquiv>
            </TextLine>
            <TextLine id="tr_2_tl_4" custom="readingOrder {index:3;}">
                <Coords points="1804,1155 2989,1142 2971,1094 1804,1101"/>
                <Baseline points="1812,1140 1874,1137 1936,1140 1998,1138 2060,1137 2122,1137 2184,1137 2246,1136 2308,1134 2370,1134 2432,1134 2494,1131 2556,1131 2618,1131 2680,1131 2742,1134 2804,1132 2866,1131 2928,1131 2991,1128"/>
                <TextEquiv>
                    <Unicode>für die Aufführung zu danken. Das Archiv des Burgtheaters</Unicode>
                </TextEquiv>
            </TextLine>
            <TextLine id="tr_2_tl_5" custom="readingOrder {index:4;}">
                <Coords points="1804,1189 2974,1182 2974,1142 2891,1136 1804,1156"/>
                <Baseline points="1812,1182 1870,1182 1928,1182 1986,1182 2044,1182 2103,1182 2161,1182 2219,1182 2277,1179 2335,1179 2394,1179 2452,1176 2510,1176 2568,1176 2626,1177 2685,1178 2743,1176 2801,1176 2859,1176 2917,1176 2976,1170"/>
                <TextEquiv>
                    <Unicode>enthält, sofern ihm die betreffenden Briefe nicht als Privat-</Unicode>
                </TextEquiv>
            </TextLine>
            <TextLine id="tr_2_tl_6" custom="readingOrder {index:5;}">
                <Coords points="1801,1238 2981,1232 2981,1179 2866,1210 1801,1189"/>
                <Baseline points="1809,1227 1867,1227 1926,1227 1985,1227 2044,1227 2103,1224 2161,1224 2220,1224 2279,1224 2338,1224 2397,1224 2455,1221 2514,1223 2573,1221 2632,1224 2691,1224 2749,1224 2808,1221 2867,1221 2926,1221 2985,1224"/>
                <TextEquiv>
                    <Unicode>korrespondenz der Direktoren verloren gegangen sind,</Unicode>
                </TextEquiv>
            </TextLine>
            <TextLine id="tr_2_tl_7" custom="readingOrder {index:6;}">
                <Coords points="1801,1284 2981,1272 2944,1226 1801,1239"/>
                <Baseline points="1809,1271 1867,1271 1926,1271 1985,1269 2044,1268 2103,1268 2161,1268 2220,1268 2279,1268 2338,1268 2397,1265 2455,1268 2514,1265 2573,1263 2632,1265 2691,1265 2749,1265 2808,1265 2867,1265 2926,1265 2985,1265"/>
                <TextEquiv>
                    <Unicode>mannigfache Dokumente dieser Art, oft verbirgt sich hier der</Unicode>
                </TextEquiv>
            </TextLine>
            <TextLine id="tr_2_tl_8" custom="readingOrder {index:7;}">
                <Coords points="1807,1324 2978,1315 2978,1273 2912,1266 1807,1279"/>
                <Baseline points="1815,1313 1873,1316 1931,1314 1990,1313 2048,1313 2106,1313 2165,1313 2223,1313 2281,1310 2340,1312 2398,1310 2456,1310 2515,1310 2573,1310 2631,1310 2690,1310 2748,1310 2806,1310 2865,1307 2923,1309 2982,1307"/>
                <TextEquiv>
                    <Unicode>Dichter wohl hinter den erstarrten Formeln üblicher Höflich¬</Unicode>
                </TextEquiv>
            </TextLine>
            <TextLine id="tr_2_tl_9" custom="readingOrder {index:8;}">
                <Coords points="1801,1368 2981,1361 2983,1315 2938,1313 1803,1322"/>
                <Baseline points="1809,1358 1867,1361 1926,1360 1985,1358 2044,1358 2103,1358 2161,1358 2220,1358 2279,1356 2338,1356 2397,1358 2455,1355 2514,1357 2573,1355 2632,1355 2691,1355 2749,1355 2808,1355 2867,1355 2926,1353 2985,1355"/>
                <TextEquiv>
                    <Unicode>keit, aber es geschicht auch, daß sich unter diesem Schleier</Unicode>
                </TextEquiv>
            </TextLine>
            <TextLine id="tr_2_tl_10" custom="readingOrder {index:9;}">
                <Coords points="1807,1411 2984,1411 2961,1359 1809,1368"/>
                <Baseline points="1815,1403 1873,1403 1932,1403 1990,1403 2049,1403 2108,1402 2166,1402 2225,1403 2284,1403 2342,1401 2401,1400 2460,1400 2518,1400 2577,1398 2636,1400 2694,1400 2753,1400 2812,1397 2870,1397 2929,1397 2988,1397"/>
                <TextEquiv>
                    <Unicode>offiziellen Dankes unerwartet sein Herz öffnet und Gefühle</Unicode>
                </TextEquiv>
            </TextLine>
            <TextLine id="tr_2_tl_11" custom="readingOrder {index:10;}">
                <Coords points="1801,1478 2986,1466 2986,1413 2909,1402 1801,1416"/>
                <Baseline points="1809,1447 1871,1447 1933,1448 1995,1450 2057,1447 2119,1447 2181,1447 2243,1447 2305,1447 2367,1447 2429,1445 2491,1444 2553,1444 2615,1444 2677,1444 2739,1442 2801,1442 2863,1441 2925,1441 2988,1439"/>
                <TextEquiv>
                    <Unicode>laut werden, die über den unmittelbaren Anlaß hinausgehen.</Unicode>
                </TextEquiv>
            </TextLine>
            <TextLine id="tr_2_tl_12" custom="readingOrder {index:11;}">
                <Coords points="1843,1514 2987,1502 2987,1466 2820,1450 1843,1459"/>
                <Baseline points="1851,1504 1908,1499 1965,1501 2022,1501 2079,1501 2136,1501 2193,1501 2250,1501 2307,1501 2364,1501 2421,1501 2478,1499 2535,1498 2592,1498 2649,1498 2706,1498 2763,1498 2820,1495 2877,1495 2934,1495 2991,1495"/>
                <TextEquiv>
                    <Unicode>Für diesmal sei nur ein schöner Brief Arthur Schnitzlers</Unicode>
                </TextEquiv>
            </TextLine>
            <TextLine id="tr_2_tl_13" custom="readingOrder {index:12;}">
                <Coords points="1816,1555 2981,1564 2966,1505 1816,1518"/>
                <Baseline points="1824,1546 1882,1548 1940,1548 1998,1546 2056,1548 2114,1546 2172,1546 2230,1546 2288,1546 2346,1546 2404,1546 2462,1543 2520,1543 2578,1543 2636,1543 2694,1543 2752,1543 2810,1543 2868,1543 2926,1543 2985,1540"/>
                <TextEquiv>
                    <Unicode>veröffentlicht, den er nach der Premiere von „Der junge</Unicode>
                </TextEquiv>
            </TextLine>
            <TextLine id="tr_2_tl_14" custom="readingOrder {index:13;}">
                <Coords points="1816,1611 2667,1597 2667,1551 1816,1557"/>
                <Baseline points="1824,1591 1866,1594 1908,1594 1950,1591 1993,1591 2035,1591 2077,1591 2119,1593 2162,1592 2204,1591 2246,1591 2288,1591 2331,1591 2373,1590 2415,1589 2457,1591 2500,1590 2542,1588 2584,1588 2626,1588 2669,1588"/>
                <TextEquiv>
                    <Unicode>Medardus an Alfred Berger gerichtet hat:</Unicode>
                </TextEquiv>
            </TextLine>
            <TextLine id="tr_2_tl_15" custom="readingOrder {index:14;}">
                <Coords points="1844,1652 2984,1638 2984,1583 2915,1577 1844,1616"/>
                <Baseline points="1853,1647 1909,1642 1966,1640 2023,1642 2080,1642 2136,1642 2193,1642 2250,1642 2307,1642 2363,1642 2420,1641 2477,1639 2534,1639 2590,1639 2647,1636 2704,1636 2761,1636 2817,1636 2874,1636 2931,1634 2988,1633"/>
                <TextEquiv>
                    <Unicode>„Sehr verehrter Herr Baron! Es ist mir ein Herzensbedürf¬</Unicode>
                </TextEquiv>
            </TextLine>
            <TextLine id="tr_2_tl_16" custom="readingOrder {index:15;}">
                <Coords points="1813,1694 2983,1692 2984,1643 1815,1649"/>
                <Baseline points="1821,1686 1879,1687 1937,1687 1996,1689 2054,1686 2112,1686 2171,1686 2229,1686 2287,1686 2346,1686 2404,1683 2462,1683 2521,1683 2579,1683 2637,1680 2696,1680 2754,1680 2812,1680 2871,1680 2929,1680 2988,1677"/>
                <TextEquiv>
                    <Unicode>nis, nun nachdem unsere Arbeit am Medardus mit so guten</Unicode>
                </TextEquiv>
            </TextLine>
            <TextLine id="tr_2_tl_17" custom="readingOrder {index:16;}">
                <Coords points="1813,1740 2987,1735 2972,1690 2867,1686 1813,1696"/>
                <Baseline points="1821,1728 1879,1732 1938,1733 1996,1731 2055,1731 2113,1731 2172,1731 2230,1731 2289,1731 2347,1731 2406,1728 2464,1728 2523,1728 2581,1728 2640,1728 2698,1725 2757,1723 2815,1725 2874,1725 2932,1725 2991,1722"/>
                <TextEquiv>
                    <Unicode>Gelingen zu Ende ging, Ihnen vor allem, dem ausgezeichneten</Unicode>
                </TextEquiv>
            </TextLine>
            <TextLine id="tr_2_tl_18" custom="readingOrder {index:17;}">
                <Coords points="1810,1785 2987,1780 2974,1732 1810,1735"/>
                <Baseline points="1818,1776 1876,1776 1935,1778 1993,1774 2052,1773 2111,1774 2169,1776 2228,1776 2287,1776 2345,1776 2404,1773 2463,1773 2521,1773 2580,1773 2639,1770 2697,1770 2756,1770 2815,1770 2873,1768 2932,1770 2991,1770"/>
                <TextEquiv>
                    <Unicode>Regisseur der Vorstellung, Herrn Thimig, und den übrigen</Unicode>
                </TextEquiv>
            </TextLine>
            <TextLine id="tr_2_tl_19" custom="readingOrder {index:18;}">
                <Coords points="1807,1832 2984,1831 2984,1780 2842,1769 1807,1783"/>
                <Baseline points="1815,1818 1873,1821 1932,1821 1990,1821 2049,1821 2108,1821 2166,1821 2225,1821 2284,1818 2342,1818 2401,1818 2460,1818 2518,1816 2577,1815 2636,1815 2694,1815 2753,1813 2812,1812 2870,1813 2929,1815 2988,1815"/>
                <TextEquiv>
                    <Unicode>Beteiligten meinen innigsten Dank zu sagen. Die Aufführung</Unicode>
                </TextEquiv>
            </TextLine>
            <TextLine id="tr_2_tl_20" custom="readingOrder {index:19;}">
                <Coords points="1810,1872 2971,1874 2996,1825 1810,1837"/>
                <Baseline points="1818,1865 1880,1865 1942,1865 2004,1863 2066,1864 2128,1862 2190,1865 2252,1864 2314,1862 2376,1862 2438,1862 2500,1859 2562,1859 2624,1859 2686,1859 2748,1857 2810,1857 2872,1859 2934,1859 2997,1859"/>
                <TextEquiv>
                    <Unicode>meines Stückes am Burgtheater hat mir eine seltene und tiefe</Unicode>
                </TextEquiv>
            </TextLine>
            <TextLine id="tr_2_tl_21" custom="readingOrder {index:20;}">
                <Coords points="1816,1920 2986,1909 2986,1868 2895,1861 1816,1872"/>
                <Baseline points="1824,1910 1882,1910 1940,1910 1998,1910 2056,1907 2115,1907 2173,1907 2231,1907 2289,1907 2347,1905 2406,1907 2464,1906 2522,1904 2580,1904 2638,1904 2697,1904 2755,1904 2813,1904 2871,1901 2929,1901 2988,1901"/>
                <TextEquiv>
                    <Unicode>Befriedigung gewährt. Aber welche andere deutsche Bühne</Unicode>
                </TextEquiv>
            </TextLine>
            <TextLine id="tr_2_tl_22" custom="readingOrder {index:21;}">
                <Coords points="1813,1961 2987,1957 2987,1911 2860,1902 1813,1921"/>
                <Baseline points="1821,1949 1879,1954 1938,1953 1996,1955 2055,1952 2113,1952 2172,1952 2230,1952 2289,1952 2347,1952 2406,1949 2464,1952 2523,1950 2581,1949 2640,1949 2698,1949 2757,1947 2815,1946 2874,1949 2932,1947 2991,1946"/>
                <TextEquiv>
                    <Unicode>wäre heute auch imstande, für die beiden in meiner Historie</Unicode>
                </TextEquiv>
            </TextLine>
            <TextLine id="tr_2_tl_23" custom="readingOrder {index:22;}">
                <Coords points="1813,2004 2990,2010 2952,1954 1813,1967"/>
                <Baseline points="1821,1997 1879,1997 1938,1998 1996,2000 2055,1997 2114,1997 2172,1997 2231,1997 2290,1997 2348,1997 2407,1997 2466,1993 2524,1991 2583,1989 2642,1991 2700,1991 2759,1991 2818,1991 2876,1991 2935,1991 2994,1988"/>
                <TextEquiv>
                    <Unicode>vertretenen Gestaltengruppen, die des Volksstückes und die des</Unicode>
                </TextEquiv>
            </TextLine>
            <TextLine id="tr_2_tl_24" custom="readingOrder {index:23;}">
                <Coords points="1816,2050 2990,2050 2990,2010 2919,1997 1816,2007"/>
                <Baseline points="1824,2042 1882,2042 1941,2043 1999,2045 2058,2042 2116,2042 2175,2042 2233,2042 2292,2042 2350,2040 2409,2042 2467,2041 2526,2039 2584,2036 2643,2039 2701,2038 2760,2036 2818,2036 2877,2036 2935,2036 2994,2039"/>
                <TextEquiv>
                    <Unicode>stilisierten Dramas, ein Künstlerpersonal von gleichem Range,</Unicode>
                </TextEquiv>
            </TextLine>
            <TextLine id="tr_2_tl_25" custom="readingOrder {index:24;}">
                <Coords points="1819,2095 2989,2089 2989,2052 2912,2040 1819,2050"/>
                <Baseline points="1827,2083 1885,2086 1943,2086 2001,2086 2059,2086 2118,2086 2176,2086 2234,2086 2292,2085 2350,2083 2409,2086 2467,2085 2525,2083 2583,2080 2641,2082 2700,2082 2758,2081 2816,2077 2874,2080 2932,2080 2991,2074"/>
                <TextEquiv>
                    <Unicode>in gleicher Vollständigkeit beizustellen und dabei den Ein-</Unicode>
                </TextEquiv>
            </TextLine>
            <TextLine id="tr_2_tl_26" custom="readingOrder {index:25;}">
                <Coords points="1813,2136 2987,2132 2987,2090 2903,2084 1813,2096"/>
                <Baseline points="1821,2131 1879,2131 1938,2131 1996,2131 2055,2131 2113,2131 2172,2131 2230,2131 2289,2131 2347,2131 2406,2131 2464,2130 2523,2128 2581,2125 2640,2128 2698,2125 2757,2125 2815,2125 2874,2125 2932,2123 2991,2122"/>
                <TextEquiv>
                    <Unicode>druck vollkommener Ausgeglichenheit und Einheitlichkeit</Unicode>
                </TextEquiv>
            </TextLine>
            <TextLine id="tr_2_tl_27" custom="readingOrder {index:26;}">
                <Coords points="1813,2185 2990,2179 2974,2129 1813,2138"/>
                <Baseline points="1821,2176 1879,2176 1938,2176 1996,2176 2055,2176 2114,2176 2172,2176 2231,2176 2290,2173 2348,2175 2407,2173 2466,2173 2524,2173 2583,2171 2642,2173 2700,2170 2759,2170 2818,2170 2876,2170 2935,2170 2994,2170"/>
                <TextEquiv>
                    <Unicode>hervorzubringen. Als besonders erfreulich empfand ich es, daß</Unicode>
                </TextEquiv>
            </TextLine>
            <TextLine id="tr_2_tl_28" custom="readingOrder {index:27;}">
                <Coords points="1812,2237 2990,2227 2955,2175 1813,2185"/>
                <Baseline points="1821,2221 1879,2221 1938,2221 1996,2221 2055,2221 2114,2220 2172,2220 2231,2218 2290,2219 2348,2219 2407,2218 2466,2218 2524,2218 2583,2218 2642,2215 2700,2217 2759,2215 2818,2215 2876,2215 2935,2213 2994,2215"/>
                <TextEquiv>
                    <Unicode>sich die im Laufe des letzten Jahres hinzugewachsenen Kräfte</Unicode>
                </TextEquiv>
            </TextLine>
            <TextLine id="tr_2_tl_29" custom="readingOrder {index:28;}">
                <Coords points="1813,2277 2984,2271 2966,2222 1813,2236"/>
                <Baseline points="1821,2265 1879,2263 1937,2263 1996,2262 2054,2265 2112,2262 2171,2262 2229,2262 2287,2262 2346,2262 2404,2262 2462,2262 2521,2262 2579,2262 2637,2262 2696,2262 2754,2260 2812,2260 2871,2260 2929,2258 2988,2257"/>
                <TextEquiv>
                    <Unicode>so glücklich in die Gesamtheit gefügt haben, als gehörten sie</Unicode>
                </TextEquiv>
            </TextLine>
            <TextLine id="tr_2_tl_30" custom="readingOrder {index:29;}">
                <Coords points="1813,2328 2986,2319 2987,2273 2808,2265 1815,2277"/>
                <Baseline points="1821,2310 1879,2310 1938,2310 1996,2310 2055,2310 2113,2308 2172,2308 2230,2307 2289,2310 2347,2308 2406,2307 2464,2307 2523,2307 2581,2304 2640,2304 2698,2304 2757,2302 2815,2304 2874,2303 2932,2301 2991,2295"/>
                <TextEquiv>
                    <Unicode>seit lange dazu: ein Beweis nicht nur für die Stärke dieser neu¬</Unicode>
                </TextEquiv>
            </TextLine>
            <TextLine id="tr_2_tl_31" custom="readingOrder {index:30;}">
                <Coords points="1822,2372 2987,2351 2895,2305 1822,2326"/>
                <Baseline points="1830,2358 1888,2353 1946,2355 2004,2355 2062,2355 2120,2353 2178,2355 2236,2352 2294,2354 2352,2352 2410,2352 2468,2351 2526,2349 2584,2346 2642,2347 2700,2347 2758,2348 2816,2349 2874,2346 2932,2346 2991,2346"/>
                <TextEquiv>
                    <Unicode>gewonnenen Begabungen, sondern auch für die immer leben¬</Unicode>
                </TextEquiv>
            </TextLine>
            <TextLine id="tr_2_tl_32" custom="readingOrder {index:31;}">
                <Coords points="1819,2408 2990,2409 2992,2353 1819,2375"/>
                <Baseline points="1827,2400 1885,2399 1943,2397 2002,2400 2060,2397 2118,2398 2177,2398 2235,2397 2293,2397 2352,2397 2410,2394 2468,2396 2527,2394 2585,2391 2643,2394 2702,2392 2760,2394 2818,2391 2877,2391 2935,2391 2994,2391"/>
                <TextEquiv>
                    <Unicode>dige sowohl in der Macht der Traditon als in den Gesetzen</Unicode>
                </TextEquiv>
            </TextLine>
            <TextLine id="tr_2_tl_33" custom="readingOrder {index:32;}">
                <Coords points="1819,2454 2981,2448 2962,2400 2815,2394 1819,2408"/>
                <Baseline points="1827,2442 1884,2442 1942,2442 2000,2442 2058,2441 2116,2439 2174,2442 2232,2442 2290,2441 2348,2441 2406,2439 2463,2439 2521,2439 2579,2436 2637,2436 2695,2436 2753,2436 2811,2436 2869,2434 2927,2436 2985,2436"/>
                <TextEquiv>
                    <Unicode>der Entwicklung begründete Assimilierungskraft des Burg¬</Unicode>
                </TextEquiv>
            </TextLine>
            <TextLine id="tr_2_tl_34" custom="readingOrder {index:33;}">
                <Coords points="1813,2495 2990,2491 2949,2442 1813,2448"/>
                <Baseline points="1821,2486 1879,2486 1938,2486 1996,2486 2055,2483 2114,2483 2172,2483 2231,2483 2290,2483 2348,2481 2407,2480 2466,2482 2524,2480 2583,2480 2642,2480 2700,2480 2759,2478 2818,2477 2876,2478 2935,2478 2994,2477"/>
                <TextEquiv>
                    <Unicode>theaters. Das Vorhandensein dieser Kraft zu fühlen, sie im</Unicode>
                </TextEquiv>
            </TextLine>
            <TextLine id="tr_2_tl_35" custom="readingOrder {index:34;}">
                <Coords points="1818,2545 2990,2531 2990,2489 2869,2482 1819,2498"/>
                <Baseline points="1827,2531 1885,2531 1943,2531 2002,2528 2060,2528 2118,2527 2177,2527 2235,2528 2293,2528 2352,2526 2410,2528 2468,2527 2527,2525 2585,2525 2643,2525 2702,2525 2760,2525 2818,2525 2877,2525 2935,2525 2994,2525"/>
                <TextEquiv>
                    <Unicode>richtigen Moment zu nützen, dazu gehört freilich nicht nur</Unicode>
                </TextEquiv>
            </TextLine>
            <TextLine id="tr_2_tl_36" custom="readingOrder {index:35;}">
                <Coords points="1819,2583 2993,2574 2971,2529 1819,2545"/>
                <Baseline points="1827,2573 1885,2576 1944,2576 2002,2576 2061,2573 2119,2574 2178,2572 2236,2573 2295,2573 2353,2573 2412,2573 2470,2572 2529,2570 2587,2567 2646,2570 2704,2570 2763,2570 2821,2567 2880,2567 2938,2567 2997,2561"/>
                <TextEquiv>
                    <Unicode>eine gewisse allgemeine direktoriale Begabung, sondern viel¬</Unicode>
                </TextEquiv>
            </TextLine>
            <TextLine id="tr_2_tl_37" custom="readingOrder {index:36;}">
                <Coords points="1813,2630 2993,2627 2993,2577 2894,2568 1813,2581"/>
                <Baseline points="1821,2618 1879,2618 1938,2621 1997,2619 2056,2618 2115,2618 2173,2618 2232,2615 2291,2618 2350,2618 2409,2618 2467,2615 2526,2615 2585,2613 2644,2612 2703,2614 2761,2612 2820,2612 2879,2612 2938,2612 2997,2609"/>
                <TextEquiv>
                    <Unicode>leicht noch mehr ein persönliche Verhältnis zu unserer Bühne</Unicode>
                </TextEquiv>
            </TextLine>
            <TextLine id="tr_2_tl_38" custom="readingOrder {index:37;}">
                <Coords points="1822,2670 2935,2674 2993,2667 2995,2627 1823,2634"/>
                <Baseline points="1830,2666 1888,2666 1946,2664 2005,2663 2063,2663 2121,2660 2180,2662 2238,2663 2296,2663 2355,2663 2413,2660 2471,2659 2530,2657 2588,2660 2646,2660 2705,2657 2763,2657 2821,2657 2880,2657 2938,2657 2997,2657"/>
                <TextEquiv>
                    <Unicode>und dem Fleck Erde, auf dem sie, t. Im übrigen möchte ich</Unicode>
                </TextEquiv>
            </TextLine>
            <TextLine id="tr_2_tl_39" custom="readingOrder {index:38;}">
                <Coords points="1819,2723 2996,2707 2968,2663 1819,2671"/>
                <Baseline points="1827,2707 1885,2707 1944,2707 2002,2705 2061,2707 2120,2707 2178,2707 2237,2707 2296,2705 2354,2705 2413,2704 2472,2703 2530,2701 2589,2701 2648,2704 2706,2703 2765,2701 2824,2701 2882,2702 2941,2702 3000,2701"/>
                <TextEquiv>
                    <Unicode>hier auch aussprechen, daß nient nur die Aufführung als</Unicode>
                </TextEquiv>
            </TextLine>
            <TextLine id="tr_2_tl_40" custom="readingOrder {index:39;}">
                <Coords points="1819,2762 2990,2752 2990,2714 2929,2704 1819,2723"/>
                <Baseline points="1827,2752 1885,2752 1943,2752 2002,2752 2060,2752 2118,2751 2177,2749 2235,2749 2293,2749 2352,2749 2410,2749 2468,2749 2527,2747 2585,2746 2643,2746 2702,2746 2760,2746 2818,2746 2877,2746 2935,2746 2994,2743"/>
                <TextEquiv>
                    <Unicode>solche, sondern auch die Probenzeit zu den angenehmsten</Unicode>
                </TextEquiv>
            </TextLine>
            <TextLine id="tr_2_tl_41" custom="readingOrder {index:40;}">
                <Coords points="1813,2814 2990,2796 2990,2752 1813,2760"/>
                <Baseline points="1821,2797 1879,2797 1938,2797 1996,2797 2055,2794 2114,2793 2172,2793 2231,2794 2290,2794 2348,2794 2407,2794 2466,2794 2524,2792 2583,2791 2642,2791 2700,2791 2759,2791 2818,2791 2876,2791 2935,2791 2994,2788"/>
                <TextEquiv>
                    <Unicode>Erfahrungen meiner theatralischen Laufbahn gehört, und das</Unicode>
                </TextEquiv>
            </TextLine>
            <TextLine id="tr_2_tl_42" custom="readingOrder {index:41;}">
                <Coords points="1821,2861 2999,2843 2989,2796 1822,2815"/>
                <Baseline points="1830,2842 1888,2842 1947,2842 2005,2840 2064,2836 2123,2839 2181,2839 2240,2839 2299,2839 2357,2839 2416,2839 2475,2838 2533,2836 2592,2836 2651,2836 2709,2836 2768,2836 2827,2836 2885,2836 2944,2836 3003,2836"/>
                <TextEquiv>
                    <Unicode>es mich mit wirklicher Genugtuung erfüllt hat zu schen, mit</Unicode>
                </TextEquiv>
            </TextLine>
            <TextLine id="tr_2_tl_43" custom="readingOrder {index:42;}">
                <Coords points="1825,2894 2990,2898 2974,2840 1825,2855"/>
                <Baseline points="1833,2880 1891,2885 1949,2883 2007,2883 2065,2883 2123,2883 2181,2883 2239,2883 2297,2883 2355,2883 2413,2883 2471,2882 2529,2880 2587,2880 2645,2880 2703,2880 2761,2880 2819,2878 2877,2880 2935,2880 2994,2875"/>
                <TextEquiv>
                    <Unicode>welcher Unermüdlichkeit sich alle Darsteller und Darstel¬</Unicode>
                </TextEquiv>
            </TextLine>
            <TextLine id="tr_2_tl_44" custom="readingOrder {index:43;}">
                <Coords points="1819,2947 2990,2929 2839,2882 1819,2889"/>
                <Baseline points="1827,2928 1885,2931 1943,2931 2002,2931 2060,2928 2118,2928 2177,2928 2235,2928 2293,2928 2352,2928 2410,2928 2468,2927 2527,2925 2585,2925 2643,2925 2702,2925 2760,2925 2818,2922 2877,2922 2935,2922 2994,2919"/>
                <TextEquiv>
                    <Unicode>lerinnen in den Dienst der Sache gestellt haben, die berühm¬</Unicode>
                </TextEquiv>
            </TextLine>
            <TextLine id="tr_2_tl_45" custom="readingOrder {index:44;}">
                <Coords points="1822,2987 2993,2983 2993,2929 1822,2949"/>
                <Baseline points="1830,2973 1888,2976 1946,2976 2005,2976 2063,2971 2121,2973 2180,2973 2238,2973 2296,2973 2355,2973 2413,2973 2471,2971 2530,2971 2588,2970 2646,2969 2705,2969 2763,2967 2821,2967 2880,2967 2938,2969 2997,2973"/>
                <TextEquiv>
                    <Unicode>ten geradeso wie die nicht, oder noch nicht berühmten, die,</Unicode>
                </TextEquiv>
            </TextLine>
            <TextLine id="tr_2_tl_46" custom="readingOrder {index:45;}">
                <Coords points="1819,3030 2981,3030 2992,2990 1821,2984"/>
                <Baseline points="1827,3021 1885,3019 1943,3021 2002,3018 2060,3015 2118,3016 2177,3018 2235,3018 2293,3016 2352,3018 2410,3015 2468,3016 2527,3014 2585,3015 2643,3015 2702,3016 2760,3016 2818,3012 2877,3012 2935,3014 2994,3015"/>
                <TextEquiv>
                    <Unicode>denen dankbare Rollen zugewiesen waren geradeso wie die,</Unicode>
                </TextEquiv>
            </TextLine>
            <TextLine id="tr_2_tl_47" custom="readingOrder {index:46;}">
                <Coords points="1819,3078 2996,3069 2996,3032 2922,3018 1819,3032"/>
                <Baseline points="1827,3063 1885,3063 1944,3065 2002,3063 2061,3063 2120,3063 2178,3063 2237,3063 2296,3063 2354,3063 2413,3063 2472,3062 2530,3060 2589,3060 2648,3060 2706,3060 2765,3058 2824,3060 2882,3057 2941,3057 3000,3054"/>
                <TextEquiv>
                    <Unicode>die auf keinen Sondererfolg rechnen durften. Auch den</Unicode>
                </TextEquiv>
            </TextLine>
            <TextLine id="tr_2_tl_48" custom="readingOrder {index:47;}">
                <Coords points="1828,3121 2993,3110 2969,3058 1828,3081"/>
                <Baseline points="1836,3107 1894,3107 1952,3107 2010,3107 2068,3105 2126,3107 2184,3107 2242,3107 2300,3107 2358,3105 2416,3107 2474,3104 2532,3104 2590,3104 2648,3103 2706,3101 2764,3101 2822,3101 2880,3101 2938,3101 2997,3098"/>
                <TextEquiv>
                    <Unicode>verständnis und phantasievollen Künstlern fühle ich mich</Unicode>
                </TextEquiv>
            </TextLine>
            <TextLine id="tr_2_tl_49" custom="readingOrder {index:48;}">
                <Coords points="1825,3161 2903,3170 2992,3113 1826,3119"/>
                <Baseline points="1833,3152 1891,3155 1949,3153 2007,3152 2065,3149 2123,3149 2181,3149 2239,3149 2297,3149 2355,3151 2413,3149 2471,3149 2529,3149 2587,3146 2645,3148 2703,3148 2761,3147 2819,3146 2877,3146 2935,3146 2994,3140"/>
                <TextEquiv>
                    <Unicode>verpflichtet, die um das bemüht waren, was man übereinge¬</Unicode>
                </TextEquiv>
            </TextLine>
            <TextLine id="tr_2_tl_50" custom="readingOrder {index:49;}">
                <Coords points="1813,3213 2998,3198 2999,3147 1815,3161"/>
                <Baseline points="1821,3197 1883,3200 1945,3197 2007,3197 2069,3194 2131,3194 2193,3194 2255,3194 2317,3194 2379,3194 2441,3194 2503,3191 2565,3194 2627,3192 2689,3191 2751,3191 2813,3191 2875,3191 2937,3191 3000,3188"/>
                <TextEquiv>
                    <Unicode>kommen ist, die Ausstattung eines Stückes zu nennen und</Unicode>
                </TextEquiv>
            </TextLine>
            <TextLine id="tr_2_tl_51" custom="readingOrder {index:50;}">
                <Coords points="1825,3253 2987,3247 2998,3198 1826,3213"/>
                <Baseline points="1833,3239 1891,3242 1949,3240 2008,3239 2066,3239 2124,3239 2183,3239 2241,3239 2299,3242 2358,3240 2416,3239 2474,3239 2533,3237 2591,3236 2649,3236 2708,3236 2766,3236 2824,3233 2883,3236 2941,3234 3000,3233"/>
                <TextEquiv>
                    <Unicode>was, in unserem Fall von noch wesentlicherer Bedeutung als</Unicode>
                </TextEquiv>
            </TextLine>
            <TextLine id="tr_2_tl_52" custom="readingOrder {index:51;}">
                <Coords points="1819,3297 2996,3291 2978,3239 1819,3254"/>
                <Baseline points="1827,3287 1885,3287 1944,3287 2002,3285 2061,3284 2120,3284 2178,3284 2237,3284 2296,3284 2354,3284 2413,3284 2472,3282 2530,3282 2589,3281 2648,3281 2706,3281 2765,3279 2824,3278 2882,3278 2941,3278 3000,3278"/>
                <TextEquiv>
                    <Unicode>sonst, durch historische Treue und Gegenwartsglanz das Stück</Unicode>
                </TextEquiv>
            </TextLine>
            <TextLine id="tr_2_tl_53" custom="readingOrder {index:52;}">
                <Coords points="1819,3343 2996,3328 2975,3284 1819,3297"/>
                <Baseline points="1827,3328 1885,3331 1944,3330 2002,3328 2061,3328 2120,3328 2178,3328 2237,3328 2296,3328 2354,3326 2413,3325 2472,3325 2530,3325 2589,3325 2648,3325 2706,3324 2765,3322 2824,3322 2882,3322 2941,3322 3000,3319"/>
                <TextEquiv>
                    <Unicode>erst zu seiner ganzen sinnfälligen Wirkung gebracht hat. Auch</Unicode>
                </TextEquiv>
            </TextLine>
            <TextLine id="tr_2_tl_54" custom="readingOrder {index:53;}">
                <Coords points="1816,3385 3001,3379 3001,3328 1816,3343"/>
                <Baseline points="1824,3376 1886,3373 1948,3375 2010,3373 2072,3373 2134,3373 2196,3373 2258,3373 2320,3371 2382,3373 2444,3371 2506,3370 2568,3370 2630,3370 2692,3367 2754,3367 2816,3367 2878,3366 2940,3366 3003,3367"/>
                <TextEquiv>
                    <Unicode>des technischen Personals und der sonstigen Hilfskräfte will</Unicode>
                </TextEquiv>
            </TextLine>
            <TextLine id="tr_2_tl_55" custom="readingOrder {index:54;}">
                <Coords points="1822,3435 2992,3417 2980,3374 1822,3383"/>
                <Baseline points="1830,3418 1888,3418 1946,3416 2004,3418 2062,3417 2121,3417 2179,3418 2237,3418 2295,3415 2353,3415 2412,3415 2470,3415 2528,3411 2586,3412 2644,3412 2703,3412 2761,3412 2819,3412 2877,3412 2935,3412 2994,3409"/>
                <TextEquiv>
                    <Unicode>ich in diesem Zusammenhang nicht vergessen, denen es so</Unicode>
                </TextEquiv>
            </TextLine>
            <TextLine id="tr_2_tl_56" custom="readingOrder {index:55;}">
                <Coords points="1825,3472 2996,3463 2996,3416 1825,3433"/>
                <Baseline points="1833,3463 1891,3462 1949,3460 2008,3460 2066,3460 2124,3460 2183,3462 2241,3463 2299,3462 2358,3460 2416,3460 2474,3459 2533,3457 2591,3457 2649,3457 2708,3457 2766,3457 2824,3454 2883,3456 2941,3454 3000,3451"/>
                <TextEquiv>
                    <Unicode>trefflich gelungen ist, die schweren, an ihre Tüchtigkeit und</Unicode>
                </TextEquiv>
            </TextLine>
            <TextLine id="tr_2_tl_57" custom="readingOrder {index:56;}">
                <Coords points="1825,3521 2944,3519 2999,3516 3001,3466 1826,3472"/>
                <Baseline points="1833,3504 1891,3504 1950,3504 2008,3504 2067,3504 2125,3505 2184,3505 2242,3504 2301,3504 2359,3504 2418,3504 2476,3504 2535,3502 2593,3501 2652,3501 2710,3499 2769,3499 2827,3498 2886,3497 2944,3496 3003,3496"/>
                <TextEquiv>
                    <Unicode>Verläßlichkeit gestellten Anforderungen zu erfüllen. Was</Unicode>
                </TextEquiv>
            </TextLine>
            <TextLine id="tr_2_tl_58" custom="readingOrder {index:57;}">
                <Coords points="1822,3568 2999,3558 2999,3516 2921,3503 1822,3514"/>
                <Baseline points="1830,3549 1888,3552 1947,3550 2005,3550 2064,3549 2123,3550 2181,3550 2240,3549 2299,3547 2357,3549 2416,3546 2475,3548 2533,3546 2592,3546 2651,3546 2709,3545 2768,3545 2827,3540 2885,3543 2944,3543 3003,3546"/>
                <TextEquiv>
                    <Unicode>aber die letzte szenische und schauspielerische Ausgestaltung</Unicode>
                </TextEquiv>
            </TextLine>
            <TextLine id="tr_2_tl_59" custom="readingOrder {index:58;}">
                <Coords points="1819,3604 2989,3592 2926,3548 1819,3568"/>
                <Baseline points="1827,3597 1885,3594 1943,3594 2001,3594 2059,3594 2118,3594 2176,3592 2234,3594 2292,3591 2350,3591 2409,3591 2467,3591 2525,3591 2583,3591 2641,3591 2700,3589 2758,3588 2816,3588 2874,3588 2932,3588 2991,3588"/>
                <TextEquiv>
                    <Unicode>meiner dramatischen Historie vom jungen Medardus Ihren Rat¬</Unicode>
                </TextEquiv>
            </TextLine>
            <TextLine id="tr_2_tl_60" custom="readingOrder {index:59;}">
                <Coords points="1813,3650 2998,3644 2999,3586 1815,3607"/>
                <Baseline points="1821,3639 1883,3639 1945,3637 2007,3637 2069,3638 2131,3638 2193,3639 2255,3637 2317,3637 2379,3636 2441,3636 2503,3636 2565,3635 2627,3635 2689,3636 2751,3635 2813,3633 2875,3633 2937,3633 3000,3630"/>
                <TextEquiv>
                    <Unicode>schlägen, Ihrer Mitarbeit und ganz besonders Ihrer inneren</Unicode>
                </TextEquiv>
            </TextLine>
            <TextLine id="tr_2_tl_61" custom="readingOrder {index:60;}">
                <Coords points="1822,3696 2999,3687 2999,3643 2946,3638 1822,3653"/>
                <Baseline points="1830,3687 1888,3684 1947,3684 2005,3682 2064,3681 2123,3681 2181,3681 2240,3681 2299,3681 2357,3681 2416,3681 2475,3679 2533,3679 2592,3678 2651,3678 2709,3678 2768,3678 2827,3675 2885,3676 2944,3678 3003,3678"/>
                <TextEquiv>
                    <Unicode>Anteilnahme, verehrter Herr Baron, schuldig geworden ist,</Unicode>
                </TextEquiv>
            </TextLine>
            <TextLine id="tr_2_tl_62" custom="readingOrder {index:61;}">
                <Coords points="1819,3737 2993,3730 2953,3681 1819,3694"/>
                <Baseline points="1827,3728 1885,3727 1944,3726 2002,3726 2061,3725 2119,3725 2178,3725 2236,3725 2295,3725 2353,3725 2412,3722 2470,3722 2529,3722 2587,3722 2646,3722 2704,3722 2763,3720 2821,3722 2880,3722 2938,3720 2997,3719"/>
                <TextEquiv>
                    <Unicode>möge dem Leiter des Burgtheaters ein möglichst anhaltender</Unicode>
                </TextEquiv>
            </TextLine>
            <TextLine id="tr_2_tl_63" custom="readingOrder {index:62;}">
                <Coords points="1822,3782 2832,3783 2726,3730 1822,3737"/>
                <Baseline points="1830,3776 1880,3773 1930,3771 1980,3770 2031,3770 2081,3770 2131,3770 2182,3770 2232,3770 2282,3770 2333,3770 2383,3770 2433,3767 2483,3770 2534,3767 2584,3767 2634,3767 2685,3769 2735,3768 2785,3767 2836,3767"/>
                <TextEquiv>
                    <Unicode>Erfolg besser danken als meine Worte es vermögen.</Unicode>
                </TextEquiv>
            </TextLine>
            <TextLine id="tr_2_tl_64" custom="readingOrder {index:63;}">
                <Coords points="1858,3844 2953,3838 2919,3779 2757,3810 1858,3785"/>
                <Baseline points="1865,3833 1919,3836 1974,3836 2028,3836 2083,3834 2137,3833 2192,3836 2246,3836 2301,3836 2355,3836 2410,3836 2464,3833 2519,3832 2573,3831 2628,3833 2682,3833 2737,3833 2791,3833 2846,3831 2900,3830 2955,3830"/>
                <TextEquiv>
                    <Unicode>In aufrichtiger Hochschätzung Ihr herzlichst ergebener</Unicode>
                </TextEquiv>
            </TextLine>
            <TextLine id="tr_2_tl_65" custom="readingOrder {index:64;}">
                <Coords points="2571,3903 2602,3917 2648,3905 2688,3917 2797,3900 2937,3905 2937,3854 2891,3862 2873,3844 2802,3857 2710,3843 2666,3853 2649,3840 2621,3866 2571,3856"/>
                <Baseline points="2579,3896 2604,3896 2630,3896 2656,3896 2682,3896 2707,3896 2733,3897 2759,3899 2785,3897 2811,3896 2836,3896 2862,3896 2888,3896 2914,3895 2940,3893"/>
                <TextEquiv>
                    <Unicode>Arthur Schnitzler.</Unicode>
                </TextEquiv>
            </TextLine>
            <TextEquiv>
                <Unicode></Unicode>
            </TextEquiv>
        </TextRegion>
    </Page>
</PcGts>
