3344 4352
220 232 1088 308 13. Miscellaneous
1274 226 1695 307 box 447
2172 138 3053 188 nes
2324 177 3049 230 omnem.
2324 196 3059 248 paroque all-fountain in the vestibule
2172 230 3062 285 of the Festival Theatre, it destroyed the fountain
2175 274 3057 337 itself and did serious damage to the entrance
2172 320 3060 377 gates and to Kolig's mosaic. But unless this
2175 354 3060 410 malicious propaganda against Austria is intensi¬
2181 406 3061 456 fied, it may be regarded as no more than an
2172 435 3063 490 attempt to impress those willing to be impressed
2177 484 2681 546 by the follies of barbarism.
2256 539 2990 607 REMEMBERED GRETNESS
2226 603 3062 668 Vienna, though not gay as those who think
2177 648 3062 703 of it in terms of musical comedy imagine it to
2177 687 3062 741 be, has a special grace and charm. A certain
2177 730 3062 782 melancholy broods over it, the melancholy of
2186 768 3065 827 greatness remembered. The streets, uncrowded
2177 810 3068 861 by day, are almost empty at night. Plays begin
2186 847 3071 901 at such an hour that an unaccustomed English¬
2180 889 3068 945 man, having failed to take his food with him
2184 932 3072 986 in a paper bag, finds himself, soon after 10
2190 970 3076 1027 o'clock, looking eagerly for supper. This is in
2186 1011 3068 1081 itself an instructive adventure. You wander into
2186 1065 3067 1122 a restaurant to discover a little orchestra playing
2185 1101 3068 1159 to perhaps two couples among an archipelago of
2183 1137 3071 1195 empty tables. Discouraged, you turn again
2184 1180 3069 1233 towards the door, expecting to be frowned upon
2184 1228 3070 1280 by the head waiter, stranded among his smiles.
2193 1265 3073 1326 But the smiles continue. He is of your own
2190 1314 3078 1361 opinion one cannot sup à la Cruse. Perhaps
2190 1353 3070 1413 another evening ? Sometimes the Viennese are
2186 1402 3076 1450 a little sad, but they are not importunate or
2184 1437 3070 1485 angry or gum. Even in misfortune they have
2193 1473 3074 1538 the detachment of a people not inexperienced in
2184 1526 2530 1585 fortune's changes.
2231 1553 3074 1617 Though the play is not new, it was pleasant to
2190 1596 3076 1659 go to Herr Preminger's production of Old Heidel-
2192 1640 3078 1700 berg at Reinhardt's Theater in der Josefstadt.
2198 1681 3078 1738 When the piece is performed straight, merits
2183 1720 3071 1790 appear in it which are concealed by spectacular
2184 1761 3078 1815 embellishments. Herr Jaray has a most unusual
2186 1805 3079 1876 gift for the light treatment of sentimental
2195 1843 3081 1909 passages. Fräulein Paula Wessely is clearly an
2186 1890 3081 1946 actress who might play almost any part, tragic
2190 1929 3077 1987 or comic. She has that special clearness of pur¬
2193 1968 3085 2036 pose and decision of phrase which alone could
2198 2010 3080 2074 give to her scenes at once sparkle and sincerity.
2195 2053 3083 2115 It is said that she is to play St. Joan in Berlin.
2190 2098 2961 2156 It will be a performance worth watching.
2231 2131 3081 2198 A later visit to the same theatre discovered the
2195 2177 3087 2235 first night of Tiroler-Hütchen, adapted by Hanns
2199 2219 3080 2290 Sassmann from the original of Stefan Gregg,
2198 2254 3083 2321 which describes the adventure of an English girl
2195 2304 3083 2362 and a Tirolese sking-instructor. Its last act,
2195 2342 3081 2398 having no substance left, falls away into song
2195 2383 3087 2435 and dance, but the first two are full of delicious
2195 2423 3083 2482 nonsense. Not a work of art, but a commercial
2195 2467 3089 2533 entertainment, it might, if its last act were re¬
2204 2515 3087 2565 written, run across Europe. Fräulein Leny
2201 2550 3089 2613 Marenbach, though not without technical defects,
2207 2587 3087 2652 has the stuff in her of which very popular
2195 2635 3095 2697 actresses are made, not the least of her assets
2193 2675 2771 2744 being an international dimple.
2244 2706 3080 2783 From this it is a long step to consideration of
2213 2752 3089 2826 he achievements of the State theatres. Nothing
2220 2809 3085 2867 this journey has been more reassuring than the
2219 2841 3086 2911 jourage and the elasticity of the Austrians
2222 2885 3102 2943 tistic policy. The country is passing through
2238 2922 3098 2994 period of political complexity, but the great
2222 2978 3097 3032 heatres are used for the production of works
2220 3007 3096 3070 fart on their merits, while a consistent and
2226 3046 3101 3113 successful attempt is made to reduce the financial
2226 3099 3096 3157 purden by economies and by organization of the
2226 3132 3101 3188 Audience into theatre communities." The total
2222 3171 3094 3235 deficit payable by the State has been reduced
2231 3215 3097 3274 during the last two years from approximately
2226 3266 3100 3313 even million to approximately four million
2226 3299 3101 3356 chillings (148,000). There are 2,440 regular
2226 3351 3098 3404 subscribers for drama and 1,667 for opera. In
2226 3382 3105 3441 Addition to this, the theatre communities have
2226 3436 2504 3504 5,500 members.
2402 3494 2913 3568 LEHAR CONDUCTS
2256 3562 3097 3622 That even the proud tradition of the Opera is
2220 3613 3096 3663 hot classically fettered is proved by its willing¬
2220 3661 3096 3703 hess to pay tribute to Lehár by producing his
2220 3688 3095 3743 Giuditta, with Frau Nowotna and Herr Tauber
2220 3730 3101 3784 in the leading parts. Lehár himself conducts.
2220 3769 3099 3834 Strictly conservative opinion may be a trife
2220 3808 3101 3864 astonished to find so light a piece in this theatre.
2217 3850 3099 3909 Seeing the same thing from a different point of
2220 3892 3099 3956 view, a layman of music may be disconcerted to
2213 3939 3099 3999 discover Herr Tauber, whose amorous gestures
2217 3979 3098 4038 are those of an impassioned Robot, in the uni¬
2216 4014 3098 4080 form of the dashing hero of a musikalische
2216 4060 3101 4115 Komödie. But the balance is a grateful one.
2220 4103 3100 4159 The audience, its sombre appearance lightened
2211 4142 3099 4205 again by the beautiful uniforms of the past, is
