3344 4320
259 199 1118 320 13. Miscellaneous
1303 206 1737 306 box 44/8
2567 379 2733 476 47
2547 568 2657 672 N
2119 655 3122 769 Das achtzigjährige Mädchen
2158 752 3189 832 Wir haben das achtzigjährige Mädchen am Neu¬
2052 795 3190 881 jahrstag zum letztenmal gesehen. In einem gastfreund¬
2051 859 3186 947 lichen Wiener Haus, wo sie wie in so manchem anderen
2051 911 3190 995 zu den beliebtesten, stets freudig begrüßten Besuchern
2046 964 3189 1042 zählte. Sie trug wie gewöhnlich die schwarze, ein wenig
2049 1015 3187 1095 altmodische Mantille, um den Hals eine blütenweise
2046 1058 3185 1140 Krause und an den Fingern makellose, sorgsam ge¬
2049 1118 3182 1181 schonte Zwirnhandschuhe. Und als man ihr irgendein
2046 1160 3190 1236 banales Kompliment über ihr Ausschen machte, da
2048 1208 3182 1280 überzog die elfenbeinfarbigen Wangen ein jung¬
2042 1254 3182 1337 fräuliches Erröten, und die achtzig Jahr waren wie
2046 1317 3185 1389 durch ein holdes Frühlingswunder weggewischt. Sie hat
2046 1353 3179 1421 kein leichtes Leben gehabt, aber dafür einen schweren
2043 1406 3180 1477 Tod. Da steht die alte Dame in der Abenddämmerung
2041 1464 3179 1526 an einer Straßenbahnhaltestelle und friert ganz ge¬
2042 1502 3176 1574 hörig. Ihre so peinlich instand gehaltene Garderobe
2042 1567 3182 1633 reicht gerade hin, um in den Salons der Begüterten und
2041 1604 3172 1676 Vornehmen, in denen sie verkehrt, nicht unangenehm
2032 1657 3172 1733 aufzufallen; aber auf die Unbill des heurigen Winters
2033 1715 3177 1772 ist sie nicht eingerichtet. Da kommt endlich der ersehnte
2033 1765 3166 1818 Straßenbahnzug, und die Greisin atmet erleichtert auf.
2033 1808 3163 1870 Noch ein paar Minuten und sie wird in ihrer beschei¬
2028 1855 3172 1945 denen Behausung die alten, frosterstarrten Glieder am
2033 1902 2537 1979 Ofen erwärmen können.
2136 1945 3159 2028 Einfalscher Schritt, ein Sturz, unter der
2031 1996 3163 2065 Schutzvorrichtung! Leute laufen zusammen, Stimmen¬
2028 2068 3165 2121 gewirr Angstschreie des Entsetzens. Jetzt ertönt das
2026 2102 3160 2172 Horn der Feuerwehr. Der Wagen wird gehoben. Unter
2028 2155 3165 2222 der Schutzvorrichtung zieht man eine Leiche
2029 2195 2188 2268 hervor.
2135 2245 3157 2312 Das war das Ende Karoline Leitners, des acht¬
2022 2304 3162 2381 zigjährigen Mädchens, dass nie in die Oeffentlichkeit
2031 2354 3160 2418 getreten ist, und dem doch so viele der älteren Genera¬
2022 2405 3159 2467 tion, und nicht gerade die Schlechtesten, schöne Stun¬
2021 2444 3155 2523 den anregenden, befeuernden, herzerwärmenden Bei¬
2019 2502 3157 2570 sammenseins dankten. Sie hat sich niemals auf die
2019 2544 3152 2617 Literaturkennerin, auf die feinsinnige Kritikerin heraus¬
2025 2600 3155 2660 gespielt, und war doch beides. Die Besten des Wiener
2018 2641 3162 2716 Schrifttums, Artur Schnitzler und Anton
2025 2693 3160 2756 Wildgans etwa, um nur die Toten zu nennen, sind
2018 2744 3156 2819 in ihr bescheidenes Stüchen gewallfahrtet und sind
2019 2801 3166 2850 dann, wie sie selbst bezeugten, durch ihre Güte, ihre
2016 2836 3159 2913 Begeisterungsfähigkeit, ihren schalkhaften Humor,
2018 2900 3155 2966 durch all die reichen Talente ihres Herzens
2013 2937 2780 3007 reich beschenkt, von ihr geschieden.
2118 2989 3146 3052 Sie kannte alles und alle. Sie las alles, was lesens¬
2013 3047 3156 3095 wert war. Sie machte sich ihre Gedanken drüber, ohne
2016 3096 3155 3155 sie jemals unaufgefordert aufzudrängen. Sie stammte
2011 3146 3155 3199 aus begütertem, sogar aus reichem Haus. Es mag ihr
2016 3193 3160 3252 in ihrer Jugend viel gehuldigt worden sein. Warum sie
2008 3238 3147 3302 einsam blieb, das hat sie als ihr unverbrüchliches Ge¬
2011 3286 3147 3352 heimnis mit ins Grab genommen. Und dann kam der
2009 3339 3139 3396 Niedergang dieser Wiener Buddenbrooks wie sovielen
2011 3391 3149 3446 anderer. Die Tante Cara, wie sie im Freundeskreis
2013 3438 3149 3504 vertraulich genannt wurde, behielt den Kopf oben,
2003 3483 3146 3552 ließ sich nicht unterkriegen. Es hies eben, sich ein¬
2003 3535 3150 3588 schränken. Das war eine Kunst, die sie bis zur
2011 3584 3155 3646 Vollendung gebracht hat. Ohne jemals ein Wort
2008 3632 3143 3688 darüber zu verlieren, mit stets lächelndem Mund. Sie
2003 3684 3149 3735 verstand es auch als Verarmte, als Frau, die von der
2003 3734 3143 3788 bitteren Sorge für das Morgen bedrängt war, mit denen,
2008 3782 3143 3835 die es im Leben besser getroffen hatten, auf gleich
2008 3831 3139 3891 und gleich weiter zu verkehren. Als ob die Schicksals¬
2003 3881 3146 3950 schläge, die sie getroffen hatten, nur ein böser
1998 3925 2543 4001 Traum gewesen wären!
2099 3968 3139 4037 Unter ihrer sich stets gleichbleibenden Liebens¬
1992 4023 3135 4088 würdigkeit und Dienstbereitschaft, von der so viele,
2001 4077 3133 4136 wenn sie gerade kein schlechtes Gedächtnis haben, zu
1998 4121 3136 4177 erzählen wüßten, verbare sich das Bismarcksche: „Wo
