3296 4352
190 222 594 331 13. Mis.
624 226 1063 338 nous
391 884 1176 1000 „OBSERVER
478 972 1140 1044 1. österr. behördl. konzessioniertes
457 1021 1175 1114 Unternehmen für Zeitungs-Ausschnitte
513 1071 1110 1166 WIEN, I., WOLLZEILE 11
594 1137 1038 1213 TELEPHON R-23-0-43
404 1269 765 1369 Ausschnitt aus:
686 1381 1256 1527 Die Wahrheit Wien
418 1505 552 1598 vom
747 1515 982 1610 4. JAN.
348 1683 1374 1769 Warum nicht ein Schnitzler-Platz?
400 1738 1385 1831 In Wien werden jetzt Straßen und Plätze
307 1810 1387 1874 umbenannt. Aus diesem Anlasse wirft der „Wie¬
311 1868 1389 1926 ner Tag“ die nur zu berechtigte Frage auf: Wie
318 1912 1383 1978 wäre es mit einem Artur Schnitzler¬
309 1969 1388 2032 Platz? Das Blatt schreibt, nachdem es dem
314 2009 1393 2082 Wunsche nach einer Rudolf Slatin-Gasse Ausdruck
318 2062 1383 2136 verlieben hat, folgendes: Eine Wiener Straße soll
333 2230 1383 2342 Café Pension Eckstein
636 2326 1065 2423 Semmering
311 2482 1380 2559 von nun an nach dem Dichter Hermann Bahr
310 2537 1384 2622 heißen, ein Platz nach dem Dichter Richard Kralik,
307 2593 1381 2660 einer nach dem Dichter Ottokar Kernstock. Das
314 2645 1385 2708 ist gut und recht; eine Gemeinschaft soll natürlich
310 2692 1376 2762 ihre Dichter ehren; an wen sollten die Namen der
309 2739 1376 2824 ffentlichen Straßen und Plätze eher erinnern?
310 2793 1378 2861 Aber hat vielleicht der Dichter der „Liebelei“ und
311 2843 1378 2909 des „Jungen Medardus nicht einigen Anspruch
309 2893 1380 2958 darauf, in Wien ebenso geehrt zu werden? Fragt
309 2946 1380 3008 seinen Freund Hermann Bahr! In seinen Schriften
311 3001 1376 3063 steht recht deutlich, was er von Artur Schnitzler
311 3049 1380 3119 gehalten hat; wenn man das Andenken des einen
309 3098 1380 3159 ehrt, hat man den anderen mitgeehrt, aber geht
309 3152 1377 3218 es nicht auch direkt? So wie für halb Afrika Wien
309 3202 1376 3254 der Ort ist, aus dem Slatin Pascha kam, so ist zum
318 3252 1376 3308 Beispiel für einen nicht unerheblichen Teil Ameri¬
311 3289 1373 3357 kas Wien die Stadt, die Artur Schnitzler verherr¬
309 3340 1374 3411 licht hat. Schon heute wundern sich durchreisende
314 3390 1374 3454 Fremde, nicht auf einem Schnitzler-Platz (irgend¬
311 3437 1372 3508 wo beim Burgtheater) ein Schnitzler-Denkmal
307 3489 1376 3553 stehen zu sehen. Viele ausländische Freunde
313 3539 1378 3603 Wiens würden sich bei uns besser auskennen,
310 3592 1376 3667 wenn sie auf unserem Stadtplan diese Namen ver¬
305 3636 1378 3711 zeichnet fänden, die Wiens Ruhm in die Weite
296 3692 1047 3776 getragen haben: Slatin, Schnitzler.
1237 226 1668 323 box 44/8
2253 559 2800 678 Brunner Tagesbote, Brunn
2665 706 2756 800 93
2122 842 3002 972 Erinnerung an die Großmann-Zeit.
2194 958 2986 1023 Unsere Zeit ist schwer Dichter, Schriftsteller,
2134 985 2993 1052 Journalisten sterben, die noch in unsere Zeit aus
2129 1034 3002 1102 jener ragen, die groß war im Leben der Kunst
2126 1079 3002 1141 und des Theaters, die von der Täuschung der
2122 1105 2990 1190 Größe des Weltkrieges noch nichts wußte,
2132 1147 2994 1229 jedenfalls nicht ahnte, daß nach ihm das
2126 1194 2990 1257 barbarische Zeitalter des Arbeitslosen. In¬
2116 1225 2990 1300 validen, Emigranten, Heimatlosen beginnen
2116 1263 2986 1331 werde Jener Zeit gehörte auch Stephan Groß¬
2125 1311 2983 1385 mann, der nun gestorben ist. Er war Journalist,
2117 1352 2986 1423 Schriftsteller, Theaterdirektor, vielleicht ganz
2120 1388 2985 1455 wenig auch sogar Dichter, von allem etwas, von
2125 1427 2985 1489 jedem zu wenig. Aber ein Mann, der immer den
2120 1469 2985 1531 Ausdruck des geistigen Lebens suchte, manchmal
2116 1505 2977 1574 wie er selbst von sich sagte, zu sehr von der Ge¬
2121 1544 2983 1606 genwart besossen. Und das mag auch sein großer
2116 1583 2982 1655 Fehler gewesen sein. Dem Tag, der unmittelbaren
2110 1620 2986 1690 Wirkung, war er manchmal zu bedenkenlos ver¬
2113 1659 2986 1726 bunden, und da mußte man manchmal über das,
2116 1705 2979 1764 was er schrieb, den Kopf schütteln. Aber er war
2107 1737 2978 1811 einer derjenigen, die immer im Vordergrund
2110 1777 2975 1851 standen der Schreibenden, der Rufenden Er hat
2106 1823 2978 1885 in Berlin mit Schwarzschild lange Jahre das
2101 1858 2971 1919 „Tagebuch“ herausgegeben dessen grüne Hofte
2099 1911 2978 1965 eine bekannte Erscheinung neben den Ziegelroten
2099 1943 2975 2004 Heften der „Weltbühne in den Zeitungsständen
2098 1974 2975 2046 des vorhitlerischen Berlin waren. Er war der
2098 2012 2971 2085 Zeitschrift längst nicht mehr verbunden, sie er¬
2098 2056 2975 2121 scheint in anderem Format, in anderer Farbe
2095 2099 2977 2159 und vielleicht auch anderem Geist nun als Emi¬
2102 2134 2969 2191 grantenzeitschrift in Holland und Paris. Aber
2098 2172 2969 2244 das „Tagebuch ist es weniger, warum man von
2102 2207 2966 2275 ihm jetzt gerade sprechen soll, warum man sich
2099 2250 2958 2308 seiner erinnern u. zw. dankbar erinnern muß. Er
2093 2297 2964 2358 ist es gewesen, der den Wiener Theater mit Dr.
2093 2326 2966 2393 Arthur Rundt eine Volksbühne geschenkt hat.
2095 2366 2966 2432 Das sind jetzt schon mehr als 20 Jahre. Damals
2089 2409 2960 2475 gab es in Wien wirklich noch ein lebendiges
2089 2444 2964 2513 Theater, das Wiener Volkstheater war das gute
2087 2481 2963 2547 Theater des Bürgertum, Jarn überraschte in
2085 2518 2955 2583 der Josefstadt mit Strindberg und Wedekind,
2090 2559 2952 2632 später dann kam die Neue Wiener Bühne aber
2082 2605 2958 2665 einer der bedeutsamsten Versuche war die Volks¬
2078 2645 2956 2704 bühne Großmanns und Rundts Sie wollte das
2082 2679 2951 2738 Theater werklich als Volkstheater aufbauen, als
2075 2722 2950 2800 Bühne des Volkes mit dem unmittelbaren Anteil
2074 2754 2250 2812 de
2071 2773 2950 2866 Es war ein ausgezeichnetes Theater. In dieser
2071 2834 2948 2903 Volksbühne kam eines der besten Dramen Ger¬
2072 2878 2951 2943 hart Hauptmanns als Uraufführung vor das
2074 2920 2950 2986 Publikum, in vom Hauch dieser Dichtung ganz
2079 2959 2943 3028 erfüllten Szenen. Forster, der viel spätere Gegen¬
2079 2995 2944 3062 spieler der Bergner lebte damals und mancher
2070 3043 2932 3093 andere. Es war eine Zeit, in der das Theater
2070 3076 2936 3130 wie der Wiener Schriftsteller Oscar Maurns
2068 3114 2938 3185 Fontana mit Recht sagt, noch ein geistiger
2072 3156 2928 3221 Turnierplatz war. So faßte es Großmann auf
2062 3192 2938 3257 Das ist das Gute, das wir ihm verdanken. Denn
2066 3230 2915 3301 jene Idee der Volksbühne ist in Berlin leben
2066 3256 2935 3338 gewesen und hat sich bis in das Jahr 1933
2063 3316 2819 3371 zum Umsturz) dort erhalten. Diese de
2058 3343 2866 3413 dem ganzen Theater der Gegenwart eine
2058 3396 2924 3444 lichkeit der Entwicklung. Wir brauchen ein
2060 3425 2929 3486 Volkstheater, ein Theater des Volkes mit dem
2059 3464 2921 3517 besten, was die dramatische Kunst zu bieten hat
2055 3510 2931 3568 mit billigen Plätzen, mit Volkspreisen also der
2055 3544 2919 3599 Umsatz muß hier die Wunder wirken Diese
2058 3586 2925 3645 der von Großmann in einem Versuch, der sich
2051 3626 2920 3688 infolge des Weltkrieges nicht lange hielt, nach
2055 3665 2919 3718 Wien verpflanzt, wird noch auferstehen, wenn
2046 3699 2920 3754 man in aller Welt, vor allem in der Provinz.
2047 3743 2909 3800 das Theater wird retten wollen Diese Er¬
2048 3781 2919 3834 innerung an die Großmann-Zeit ist also nützlich
2040 3828 2915 3873 und wichtig. Die Zeit wird nicht so nach im
2048 3863 2916 3909 genannt, aber es ist die Zeit in der er Bedeut¬
2040 3904 2907 3950 sames wirkte. Es ist die große Zeit in der
2040 3940 2909 3997 Strindberg Werkind Schnitzer Bahr, Joset
2035 3975 2911 4044 Nachschöpfer des Leben en Otto Scha¬
