3344 4352
259 315 1138 406 13. Miscellaneous
1318 289 1747 398 box 447
902 560 1037 677 TIS
497 645 1288 762 „OBSERVER
584 746 1243 809 I. österr. behördl. konzessioniertes
556 788 1282 871 Unternehmen für Zeitungs-Ausschnitte
615 853 1207 922 WIEN, I., WOLLEILE 11
702 912 1152 972 TELEPHON R-23-0-43
503 1041 869 1132 Ausschnitt aus:
378 1201 1506 1286 Aus Neues Wiener Journal 3.6.1934.
372 1296 1925 1389 Meisterbildnisse der Wiener Burgtheatergrössen.
386 1381 1809 1446 ... Aus der Fülle der Bilder und Zeichnungen
378 1433 1911 1520 seien noch herausgegriffen die charaktervollen
372 1492 1935 1583 Köpfe Arthur Schnitzlers und Gerhart Hauptmanns
378 1543 1872 1611 die lebendig erfassten Bildnisse des Hofrates
378 1601 1929 1674 Reimers, Hanns Sassmanns und Julius Bauers sowie
372 1650 1961 1753 die glänzenden Studien nach Dröbbeling und Sek¬
374 1704 1233 1781 tionschef Dr. Hans Peter.
2331 416 2766 522 OBSERVER
2234 501 2859 578 Wien, I., Wollzeile Nr.
2343 566 2772 641 lefon-
2345 633 2832 734 Reichspost Wien
2165 795 3184 910 Ausstellung „Das Wiener Burg¬
2539 879 2824 976 theater“.
2202 940 3253 1029 Ein hübscher Einfall, die Originale der etwa vierzig
2117 995 3253 1071 Gemälde und Zeichnungen des Professors W. V. Krauß,
2107 1059 3247 1110 welche das Illustrationsmaterial des demnächst er¬
2119 1102 3247 1152 scheinenden Werkes „Das Wiener Burgtheater“ von Ru¬
2107 1140 3253 1201 dolf Lothar bilden, in einer Sonderausstellung des
2111 1187 3247 1245 Künstlerhauses einer großen Oeffentlichkeit zu
2107 1235 3245 1284 zeigen. Unterrichtsminister Dr. Schuschnigg, der die
2111 1278 3241 1330 Ausstellung heute im Beisein des Bürgermeisters Schmitz
2113 1320 3245 1371 und vieler Vertreter der Kunst und Wissenschaft eröffnete,
2111 1365 3239 1413 wies in seiner Begrüßungsansprache darauf hin, daß diese
2107 1407 3245 1456 Schau geeignet sei, das Verhältnis zwischen dem Publikum
2111 1448 3247 1496 und der Künstlerschar des Burgtheaters noch herzlicher zu
2111 1494 3239 1541 gestalten, soferne dies überhaupt noch möglich sei. In
2101 1537 3249 1581 launigen Worten gedachte er dankbar der Mühe des
2111 1579 3247 1660 Malers, der so viele „Widerspenstige zu zähmen" gehabt
2111 1621 2208 1700 habe.
2190 1634 3239 1712 Den Theaterfreund grüßen von allen Wänden des
2111 1702 3247 1759 Ausstellungsraumes vertraute Züge. In Oelgemälden, in
2107 1751 3243 1805 Pastell- und Kohlezeichnungen sind da Künstler der Burg
2105 1797 3243 1850 festgehalten, teils privat", teils in Rollenbildern. Daß
2117 1838 3247 1890 sich die Ausstellung keineswegs auf lebende Künstler be¬
2111 1884 3247 1929 schränkt, zeigt das Oelgemälde, das Joseph Kainz dar¬
2113 1925 3239 1981 stellt. Der markante Kopf Balsers zieht den Blick auf sich,
2101 1967 3241 2016 Werner Krauß ist zweimal vertreten, zweimal auch Nore
2111 2006 3243 2058 Gregor (eine Kohlezeichnung und ein Oelbild), Aslan
2099 2054 3235 2107 wird in einem schönen Oelgemälde gezeigt, Georg Rei¬
2105 2095 3241 2147 mers, Frau Wohlgemut, Frau Marberg in Pastellen, Frau
2101 2137 3239 2185 Eis in einer Zeichnung, Frau Mayen in einem vor¬
2105 2179 3241 2236 züglichen Pastell, desgleichen Frau Wagener. Ida Roland,
2109 2226 3239 2283 Frau Pünkösdy, Hugo Thimig, Otto Treßler, Fred
2111 2268 3239 2321 Hennings, Maria Kramer, die Albach=Retty, Frau Wilke,
2107 2309 3239 2359 Frau Janssen, sie alle kann man in überaus gelungenen
2095 2347 3241 2410 Bildern und Studien begrüßen. Selbstverständlich fehlt
2103 2400 3233 2452 auch der Führer dieser Künstlerschar nicht: Direktor
2099 2434 3237 2523 Röbbelings Konterfei ist in einem lebensvollen Pastell
2099 2475 2283 2537 verewigt.
2188 2499 3235 2574 Aber der Begriff „Burgtheater", das Leitmotiv dieser
2101 2549 3241 2620 Ausstellung, wird nicht bloß auf seine darstellenden
2099 2604 3261 2669 Künstler erstreckt, er wird harmonisch weitergeführt: Man
2179 2655 3267 2719 bekommt auch die leitenden Männer
2177 2707 3178 2778 der Bundestheaterverwaltung zu
2179 2758 3239 2836 sehen, der kluge, gütige Kopf des
2183 2828 3235 2889 Sektionschef Dr. Perntner ist im
2167 2881 3233 2944 Pastell festgehalten, desgleichen
2165 2934 3144 3016 Ministerialrat Dr. Ekmann und
2173 2990 3223 3063 auch des letzten Präsidenten der
2171 3039 3117 3122 Verwaltung Schneiderhan, wird
2167 3101 3235 3182 noch gedacht. Auch ein paar Burg
2175 3160 3111 3243 theaterautoren werden vorge¬
2173 3217 3150 3299 stell: Hauptmann, Schnitzler.
2167 3269 3223 3344 Auernheimer und ungeren De¬
2165 3342 3150 3407 sterreicher Ortner, Schreyvogl,
2171 3386 3138 3455 Sassmann, Sil Vara. Ein Oelbild
2165 3439 3223 3512 zeigt den Nestor der Wiener Kri¬
2165 3494 3170 3578 tikergilde, Julius Bauer Ernst
2163 3556 3194 3619 Lothar als Kritiker wie als Re¬
2167 3613 3188 3680 gisseur um das Burgtheater ver¬
2165 3667 3152 3732 dient, blickt nach den Sternen,
2163 3716 3132 3783 auch Rudolf Lothar, der Autor
2167 3781 3198 3837 des eingangs erwähnten Burgthea
2171 3829 2960 3904 terbuches ist vertreten.
2171 3884 3247 3973 Vermutlich erhebt die Ausstellung
2165 3938 3186 4001 keinen Anspruch auf Vollzählig-
2157 3999 3184 4062 keit zumindest im wesentlichen.
2157 4054 3221 4124 Erhube sie ihn, so müsste man ihr
2157 4102 3283 4183 schon ein paar Unterlassungstünden
2163 4171 3134 4227 ankreden, etwa, dass unter den
2185 4217 2677 4262 erreichische
