3344 4384
150 367 286 469 13.
1190 364 1623 475 box 447
340 364 1016 475 Miscellaneous
709 691 1067 899 GRATIS
448 881 1175 1013 „OBSERVER
508 989 1172 1061 I. österr. behördl. konzessioniertes
475 1034 1199 1121 Unternehmen für Zeitungs-Ausschnitte
574 1097 1109 1175 Wien I. Wollzeile 11
643 1160 1058 1224 Telephon R-23-0-43
463 1287 812 1395 Ausschnitt aus:
661 1290 1202 1464 Das Echo. Wien
812 1455 1236 1599 A MAI 1934
469 1500 604 1614 vom
583 1656 2540 1765 Darf der Arzt die Wahrheit sagen:
469 1807 2769 1912 In diesen Tagen haben die Wiener Gerichtsbehörden im Rahmen eines aufsehenerregenden Prozesses versucht, eines
361 1879 2772 1954 der schwierigsten Probleme der Medizin — vielleicht die Gewissensfrage des Arztes überhaupt — zu lösen. Zwei berühmte
361 1933 2772 2008 Wiener Professoren standen vor Gericht: ein Patient hat sie angeklagt, weil sie ihm die Wahrheit verschwiegen.
361 1975 2772 2050 Die grauenvolle Wahrheit, daß er an unheilbarem Krebs leidet, daß sein Leben verloren ist. Das Gericht hat die
364 2020 2769 2125 Klage schließlich abgewiesen. Der Richter entschied: Humanitätspflicht geht über Wahrheitspflicht.
361 2095 1187 2177 Die beiden Professoren haben recht getan.
857 2128 2273 2246 Wiens prominenteste Aerzte über dieses Problem
2014 2204 2826 2312 Prof. Wilhelm Neumann: „Bei
1212 2219 1939 2300 schweigen. Besonders, wenn der
364 2216 1118 2312 Der Ausgang dieses Prozesses wird
2161 2282 2676 2354 Krebs sehr dagegen!"
1212 2279 1936 2342 Patient in der Lage ist, durch eigene
307 2297 1118 2372 in den medizinischen Kreisen der ganzen
1212 2336 1936 2399 Vorsicht seine Leiden zu ver¬
313 2345 1121 2405 Welt besprochen. Ein Richter entschied
2068 2321 2826 2408 Besonderes Interesse gewinnen die
1206 2381 1945 2444 ringern. Aber einem Menschen zu
307 2393 1115 2459 über die Gewissensfrage, über die der
2014 2393 2829 2447 Ausführungen von Professor Wilhelm
1212 2435 1945 2495 sagen, daß er dem Tode geweiht
313 2435 1121 2504 Arzt fast jeden Tag nach dem moralischen
2014 2441 2832 2504 Neumann, dem Internisten und
1209 2486 1936 2552 ist: Nein! Da bin ich absolut da¬
319 2492 1121 2576 Gesetz in seiner Brust zu entscheiden hat.
2017 2483 2829 2561 Facharzt für Lungen erkrankun¬
1209 2540 1347 2615 gegen.
2017 2540 2832 2646 gen. Anknüpfend an den Prozeß der
367 2543 1118 2621 Wir haben uns mit zwei der be¬
2020 2594 2513 2679 letzten Tage erklärte er:
313 2606 1115 2679 rühmtesten Vertreter der Wiener
1224 2579 1978 2667 Dies ist die Stellungnahme des
1169 2655 1978 2715 Chirurgen Hofrat Professor Schnitzler zu
310 2658 1121 2718 medizinischen Schule in Verbindung ge¬
2119 2633 2793 2733 „Ich bin bei Krebserkran¬
2065 2703 2799 2766 kungen absolut dagegen, den Pa¬
1166 2709 1972 2763 diesem Problem. Interessant ist es, daß
322 2703 1115 2769 setzt und von Hofrat Professor Schnitz¬
1175 2754 1975 2814 sein verstorbener Bruder, der Wiener
2056 2754 2796 2826 tienten die Wahrheit zu sagen. Es gibt
313 2754 1121 2817 ler und Professor Wilhelm Neu¬
1166 2805 1975 2859 Artur Schnitzler, vor vielen Jahren die¬
313 2805 1121 2877 mann folgende Antwort auf diese Ge¬
2062 2805 2796 2886 nichts Ueberflüssigeres, als einem
1181 2853 1975 2934 selbe Antwort auf diese Frage gegeben
313 2862 761 2943 wissensfrage erhalten.
2065 2862 2799 2919 Menschen zu gestehen, daß er an
1166 2904 1975 2961 hat. In seinem Bühnenstück „Pro¬
2065 2913 2561 2982 Lungenkrebs leidet.
310 2910 1106 3000 Hofrat Prof. Schnitzler: „Nein!
1172 2949 1981 3030 fessor Bernhardi" weigert sich der
2119 2934 2799 3018 Bei jeder lebensgefähr¬
1172 2994 1972 3054 Arzt dem Kranken die Sterbe¬
412 2988 1088 3066 „Ich bin absolut dagegen,
2062 3003 2796 3075 lichen Krankheit muß man sich fra¬
1184 3039 1978 3102 sakramente reichen zu lassen. Um
358 3048 1091 3108 einem Menschen zu sagen, daß er un¬
2065 3054 2805 3123 gen: ist die Wahrheit dem Patienten
1160 3096 1978 3154 ihn nicht bewußt werden zu lassen, daß
352 3099 1088 3160 heilbar krank ist, antwortet Hofrat
2065 3102 2799 3166 von Nutzen oder von Schaden?
1175 3142 1972 3205 sein Leben zu Ende gelebt ist. Der
355 3148 1088 3208 Professor Julius Schnitzler, der
2065 3151 2799 3217 Bei gewissen Erkrankungen des Her¬
1169 3190 1978 3250 Dichter Artur Schnitzler sagte, daß ein
352 3196 1088 3271 große Chirurg. „Wenn es überhaupt
2059 3202 2799 3277 zens, bei Angina pectoris
1169 3238 1978 3298 Arzt die heilige Aufgabe hat, den
352 3256 1088 3313 noch eine Rettungsmöglich¬
2071 3256 2802 3316 zum Beispiel, muß der Patient die
1166 3295 1978 3349 Todes kampf eines Menschen zu er¬
355 3298 1079 3352 keit für einen Menschen gibt, so
2068 3298 2802 3370 Wahrheit erfahren. Durch Vorsicht
1163 3337 1975 3403 leichtern. Gestern hat der Chirurg
355 3340 1088 3400 wird diese fast ausgeschaltet, wenn
2062 3352 2796 3409 und geregelte Lebensweise liegt es
1169 3388 1978 3445 Hofrat Schnitzler dieselbe Antwort auf
349 3394 1085 3451 der Arzt dem Patienten alle Hoff¬
2062 3394 2799 3460 da in der Macht des Patienten, man¬
1166 3436 1978 3493 diese Gewissensfrage gegeben wie vor
358 3439 1085 3526 nung nimmt. Allerdings — ich bin
2062 3445 2796 3526 ches zu vermeiden oder aufzuschieben.
1172 3484 1975 3550 Jahren sein Bruder. Nur mit ein
355 3490 1088 3577 dafür, einem Menschen den Ernst
2071 3499 2799 3559 Das gleiche gilt auch für Tuber¬
1163 3523 1765 3620 bißchen anderen Worten . . .
364 3532 1091 3626 seines Zustandes nicht zu ver¬
2062 3538 2802 3620 kulöse. Bei Tuberkulösen zwingt
2068 3592 2796 3653 auch noch folgendes den Arzt, den
2074 3641 2796 3710 Patienten über seinen Zustand auf¬
2062 3689 2802 3758 zuklären: die Gefährdung der
2071 3734 2799 3830 Umgebung muß hinangehalten
2074 3797 2237 3869 werden.
2083 3842 2838 3923 Im allgemeinen aber möchte ich noch
2023 3902 2838 3962 einmal sagen, daß ich prinzipiell da¬
2023 3947 2835 4025 gegen bin, einem Menschen überflüssig die
2020 4007 2423 4088 Wahrheit zu sagen.
