<?xml version="1.0" encoding="UTF-8" standalone="yes"?>
<PcGts xmlns="http://schema.primaresearch.org/PAGE/gts/pagecontent/2013-07-15" xmlns:xsi="http://www.w3.org/2001/XMLSchema-instance" xsi:schemaLocation="http://schema.primaresearch.org/PAGE/gts/pagecontent/2013-07-15 http://schema.primaresearch.org/PAGE/gts/pagecontent/2013-07-15/pagecontent.xsd">
    <Metadata>
        <Creator>prov=READ-COOP:name=PyLaia@TranskribusPlatform:version=2.12.1:model_id=39995:lm=provided:date=28_03_2024_23:54</Creator>
        <Created>2019-10-07T20:38:10.683+02:00</Created>
        <LastChange>2024-03-28T23:54:51.073+01:00</LastChange>
        <TranskribusMetadata docId="224462" pageId="9579265" pageNr="32" tsid="156426044" status="IN_PROGRESS" userId="40391" imgUrl="https://files.transkribus.eu/Get?id=GJDUSMSSMSWAVXUEXOYSCSMQ&amp;fileType=view" xmlUrl="https://files.transkribus.eu/Get?id=SEBBVUTRXAPAHJLVQUFWJZMS" imageId="6208359"/>
    </Metadata>
    <Page imageFilename="224462_0032.jpeg" imageWidth="3296" imageHeight="4352">
        <ReadingOrder>
            <OrderedGroup id="ro_1712662292416" caption="Regions reading order">
                <RegionRefIndexed index="0" regionRef="tr_1"/>
            </OrderedGroup>
        </ReadingOrder>
        <TextRegion orientation="0.0" id="tr_1" custom="readingOrder {index:0;}">
            <Coords points="358,143 358,4036 1567,4036 1567,143"/>
            <TextLine id="tr_1_tl_1" custom="readingOrder {index:0;}">
                <Coords points="350,171 1198,168 1162,141 579,150 518,110 350,111"/>
                <Baseline points="358,164 400,167 442,167 484,169 526,168 569,169 611,168 653,167 695,167 737,167 780,167 822,167 864,167 906,167 948,166 991,164 1033,164 1075,164 1117,164 1159,164 1202,167"/>
                <TextEquiv>
                    <Unicode></Unicode>
                </TextEquiv>
            </TextLine>
            <TextLine id="tr_1_tl_2" custom="readingOrder {index:1;}">
                <Coords points="350,224 1504,215 1425,167 350,171"/>
                <Baseline points="358,211 415,213 472,214 530,213 587,212 645,214 702,214 760,211 817,211 875,211 932,211 989,211 1047,211 1104,211 1162,209 1219,209 1277,208 1334,208 1392,207 1449,205 1507,202"/>
                <TextEquiv>
                    <Unicode>dem ich jetzt erzählen will und von dem alle wissen müßten</Unicode>
                </TextEquiv>
            </TextLine>
            <TextLine id="tr_1_tl_3" custom="readingOrder {index:2;}">
                <Coords points="350,284 1160,272 1139,216 859,239 350,221"/>
                <Baseline points="358,259 398,259 438,259 478,259 519,261 559,261 599,260 640,262 680,261 720,259 761,259 801,259 841,261 881,260 922,257 962,257 1002,259 1043,258 1083,256 1123,256 1164,256"/>
                <TextEquiv>
                    <Unicode>denn er ist wahrhaftig ein großer Dichter!</Unicode>
                </TextEquiv>
            </TextLine>
            <TextLine id="tr_1_tl_4" custom="readingOrder {index:3;}">
                <Coords points="458,386 1545,384 1546,311 459,324"/>
                <Baseline points="468,373 522,373 576,373 630,374 684,376 738,376 792,373 846,373 900,373 954,373 1008,373 1062,373 1116,370 1170,370 1224,372 1278,370 1332,370 1386,370 1440,370 1494,368 1549,367"/>
                <TextEquiv>
                    <Unicode>Erste Erinnerung: an einem sonst belanglosen Nachmittag</Unicode>
                </TextEquiv>
            </TextLine>
            <TextLine id="tr_1_tl_5" custom="readingOrder {index:4;}">
                <Coords points="1251,423 1291,422 1339,438 1374,422 1414,431 1438,420 1542,422 1542,384 1516,378 1495,386 1450,374 1437,387 1384,387 1333,371 1291,387 1251,377"/>
                <Baseline points="1259,417 1285,416 1311,415 1337,414 1363,414 1389,412 1415,411 1441,413 1467,414 1493,414 1519,413 1546,411"/>
                <TextEquiv>
                    <Unicode>weil der Vater</Unicode>
                </TextEquiv>
            </TextLine>
            <TextLine id="tr_1_tl_6" custom="readingOrder {index:5;}">
                <Coords points="353,425 1207,431 1207,378 1157,374 527,401 353,374"/>
                <Baseline points="361,420 403,420 446,423 488,420 531,420 573,422 616,423 658,421 701,420 743,420 786,420 828,420 871,420 913,419 956,418 998,420 1041,419 1083,417 1126,417 1168,417 1211,417"/>
                <TextEquiv>
                    <Unicode>bekamen winzig=junge Gymnasiasten schulfrei</Unicode>
                </TextEquiv>
            </TextLine>
            <TextLine id="tr_1_tl_7" custom="readingOrder {index:6;}">
                <Coords points="359,474 1548,470 1515,420 360,429"/>
                <Baseline points="367,465 426,468 485,468 544,471 604,468 663,468 722,468 781,468 841,466 900,468 959,465 1018,465 1078,465 1137,465 1196,462 1255,462 1315,462 1374,462 1433,459 1492,459 1552,459"/>
                <TextEquiv>
                    <Unicode>eines Mitschülers begraben werden sollte. Es war das erste</Unicode>
                </TextEquiv>
            </TextLine>
            <TextLine id="tr_1_tl_8" custom="readingOrder {index:7;}">
                <Coords points="354,524 1549,524 1551,477 1374,461 356,482"/>
                <Baseline points="364,510 423,512 483,516 542,516 602,516 661,516 721,516 780,514 840,513 899,513 959,513 1019,513 1078,513 1138,511 1197,513 1257,509 1316,509 1376,510 1435,507 1495,507 1555,504"/>
                <TextEquiv>
                    <Unicode>Begräbnis in meinem kleinen Bubendasein, das ich inwendig</Unicode>
                </TextEquiv>
            </TextLine>
            <TextLine id="tr_1_tl_9" custom="readingOrder {index:8;}">
                <Coords points="357,573 1548,566 1548,521 1483,513 359,519"/>
                <Baseline points="367,567 426,561 485,563 544,562 604,564 663,564 722,561 781,561 841,561 900,561 959,561 1018,561 1078,559 1137,559 1196,558 1255,556 1315,558 1374,555 1433,554 1492,552 1552,555"/>
                <TextEquiv>
                    <Unicode>spürte. Man muß den Sachverhalt erklären. Zwischen dem</Unicode>
                </TextEquiv>
            </TextLine>
            <TextLine id="tr_1_tl_10" custom="readingOrder {index:9;}">
                <Coords points="350,623 1549,616 1549,569 1495,558 350,569"/>
                <Baseline points="358,605 417,608 477,608 537,608 596,608 656,608 716,608 775,608 835,608 895,608 955,608 1014,605 1074,605 1134,605 1193,602 1253,602 1313,604 1372,602 1432,602 1492,600 1552,599"/>
                <TextEquiv>
                    <Unicode>damals noch sehr engumhegten Innsbruck und dem sogenannten</Unicode>
                </TextEquiv>
            </TextLine>
            <TextLine id="tr_1_tl_11" custom="readingOrder {index:10;}">
                <Coords points="353,662 1501,673 1548,616 354,620"/>
                <Baseline points="361,656 420,656 480,656 539,656 599,656 658,656 718,658 777,656 837,656 896,653 956,653 1016,653 1075,653 1135,653 1194,653 1254,650 1313,650 1373,650 1432,650 1492,648 1552,644"/>
                <TextEquiv>
                    <Unicode>Mittelgebirge liegt, wie man bei Goethe und Heine nachlesen</Unicode>
                </TextEquiv>
            </TextLine>
            <TextLine id="tr_1_tl_12" custom="readingOrder {index:11;}">
                <Coords points="359,718 1473,712 1552,670 360,670"/>
                <Baseline points="367,710 426,709 485,710 545,710 604,708 664,710 723,710 782,708 842,707 901,707 961,707 1020,707 1079,707 1139,705 1198,704 1258,704 1317,702 1376,701 1436,701 1495,699 1555,695"/>
                <TextEquiv>
                    <Unicode></Unicode>
                </TextEquiv>
            </TextLine>
            <TextLine id="tr_1_tl_13" custom="readingOrder {index:12;}">
                <Coords points="1440,766 1468,767 1503,793 1524,784 1549,788 1557,709 1543,703 1521,709 1519,704 1507,707 1503,703 1494,710 1474,713 1446,706"/>
                <Baseline points="1450,752 1477,748 1504,747 1531,744 1558,740"/>
                <TextEquiv>
                    <Unicode></Unicode>
                </TextEquiv>
            </TextLine>
            <TextLine id="tr_1_tl_14" custom="readingOrder {index:13;}">
                <Coords points="1323,760 1332,761 1339,769 1365,764 1386,785 1395,779 1410,779 1413,719 1399,718 1389,707 1374,710 1369,706 1362,712 1345,713 1341,718 1333,712 1324,713"/>
                <Baseline points="1331,758 1358,758 1386,757 1414,755"/>
                <TextEquiv>
                    <Unicode></Unicode>
                </TextEquiv>
            </TextLine>
            <TextLine id="tr_1_tl_15" custom="readingOrder {index:14;}">
                <Coords points="359,794 649,806 871,791 871,718 845,713 359,718"/>
                <Baseline points="367,782 392,776 417,776 443,777 468,779 493,780 519,782 544,782 569,782 595,782 620,782 645,782 671,779 696,776 721,776 747,776 772,776 797,776 823,776 848,775 874,773"/>
                <TextEquiv>
                    <Unicode>MATRATZEN</Unicode>
                </TextEquiv>
            </TextLine>
            <TextLine id="tr_1_tl_16" custom="readingOrder {index:15;}">
                <Coords points="1030,832 1042,827 1058,841 1072,830 1079,836 1094,829 1111,832 1108,761 1100,763 1093,758 1088,763 1069,764 1063,758 1054,761 1049,758 1027,764"/>
                <Baseline points="1038,823 1063,825 1088,826 1113,826"/>
                <TextEquiv>
                    <Unicode>.</Unicode>
                </TextEquiv>
            </TextLine>
            <TextLine id="tr_1_tl_17" custom="readingOrder {index:16;}">
                <Coords points="462,835 998,842 989,787 462,802"/>
                <Baseline points="471,823 497,825 524,826 550,826 577,826 603,826 630,826 656,826 683,826 709,826 736,826 763,826 789,826 816,826 842,826 869,826 895,826 922,826 948,826 975,826 1002,826"/>
                <TextEquiv>
                    <Unicode>Steilig, Leinenstreisgradl, la Afrique</Unicode>
                </TextEquiv>
            </TextLine>
            <TextLine id="tr_1_tl_18" custom="readingOrder {index:17;}">
                <Coords points="462,881 1333,869 1333,826 1180,841 1141,808 1049,842 462,836"/>
                <Baseline points="471,862 514,862 557,865 600,865 644,865 687,865 730,865 774,865 817,863 860,862 904,862 947,862 990,862 1033,862 1077,862 1120,861 1163,860 1207,861 1250,860 1293,861 1337,862"/>
                <TextEquiv>
                    <Unicode>Roßhaar- und Lotterbettmatratzen in reichster Auswahl.</Unicode>
                </TextEquiv>
            </TextLine>
            <TextLine id="tr_1_tl_19" custom="readingOrder {index:18;}">
                <Coords points="359,908 905,902 905,878 821,872 492,884 438,880 399,847 359,865"/>
                <Baseline points="367,904 394,903 421,904 448,902 475,901 502,901 529,901 556,901 583,903 610,903 637,901 664,901 691,901 718,901 745,901 772,901 799,901 826,901 853,901 880,901 907,901"/>
                <TextEquiv>
                    <Unicode>Adressen der Fabrik und Nieder¬</Unicode>
                </TextEquiv>
            </TextLine>
            <TextLine id="tr_1_tl_20" custom="readingOrder {index:19;}">
                <Coords points="356,943 1545,929 1516,850 928,871 830,917 356,908"/>
                <Baseline points="364,931 423,931 482,931 541,931 601,931 660,931 719,931 778,931 838,928 897,928 956,923 1015,922 1075,919 1134,919 1193,922 1252,922 1312,918 1371,922 1430,919 1489,915 1549,919"/>
                <TextEquiv>
                    <Unicode>lagen siche Inserat auf Seite 3 ADOLF GANS A.-G.</Unicode>
                </TextEquiv>
            </TextLine>
            <TextLine id="tr_1_tl_21" custom="readingOrder {index:20;}">
                <Coords points="356,980 1551,970 1477,926 356,941"/>
                <Baseline points="364,964 423,964 483,967 542,965 602,967 661,967 721,967 780,967 840,967 899,964 959,964 1019,964 1078,964 1138,964 1197,964 1257,961 1316,961 1376,961 1435,961 1495,961 1555,955"/>
                <TextEquiv>
                    <Unicode></Unicode>
                </TextEquiv>
            </TextLine>
            <TextLine id="tr_1_tl_22" custom="readingOrder {index:21;}">
                <Coords points="350,1022 1545,1028 1545,979 1483,967 350,982"/>
                <Baseline points="358,1014 417,1017 477,1017 536,1014 596,1016 655,1016 715,1014 774,1017 834,1017 893,1014 953,1016 1013,1016 1072,1017 1132,1014 1191,1014 1251,1014 1310,1013 1370,1013 1429,1014 1489,1014 1549,1014"/>
                <TextEquiv>
                    <Unicode>kann, das liebliche Oertchen Wilten. (Heute längst Stadtgebiet,</Unicode>
                </TextEquiv>
            </TextLine>
            <TextLine id="tr_1_tl_23" custom="readingOrder {index:22;}">
                <Coords points="353,1084 1542,1070 1542,1025 1327,1013 353,1025"/>
                <Baseline points="361,1059 420,1062 479,1064 538,1065 598,1063 657,1065 716,1065 775,1064 835,1062 894,1065 953,1065 1012,1063 1072,1065 1131,1062 1190,1064 1249,1062 1309,1062 1368,1062 1427,1062 1486,1062 1546,1059"/>
                <TextEquiv>
                    <Unicode>heute längst umgebaut, heute schon unromantisch.) Linker Hand</Unicode>
                </TextEquiv>
            </TextLine>
            <TextLine id="tr_1_tl_24" custom="readingOrder {index:23;}">
                <Coords points="350,1117 1504,1129 1549,1126 1551,1079 351,1084"/>
                <Baseline points="358,1110 417,1111 477,1110 537,1110 596,1112 656,1110 716,1112 775,1110 835,1110 895,1110 955,1110 1014,1110 1074,1111 1134,1111 1193,1110 1253,1110 1313,1110 1372,1110 1432,1110 1492,1110 1552,1107"/>
                <TextEquiv>
                    <Unicode>von der Straße zur Sillschlucht schlich sich ein schmächtiger</Unicode>
                </TextEquiv>
            </TextLine>
            <TextLine id="tr_1_tl_25" custom="readingOrder {index:24;}">
                <Coords points="353,1166 1542,1168 1530,1117 353,1115"/>
                <Baseline points="361,1158 420,1158 479,1158 538,1158 598,1158 657,1158 716,1158 775,1158 835,1158 894,1158 953,1158 1012,1158 1072,1158 1131,1157 1190,1157 1249,1155 1309,1155 1368,1155 1427,1157 1486,1158 1546,1158"/>
                <TextEquiv>
                    <Unicode>Feldweg, die Neurauthgasse. Und dort wiederum, rechter Hand,</Unicode>
                </TextEquiv>
            </TextLine>
            <TextLine id="tr_1_tl_26" custom="readingOrder {index:25;}">
                <Coords points="356,1225 1551,1213 1501,1165 356,1171"/>
                <Baseline points="364,1202 423,1205 483,1205 542,1205 602,1205 661,1203 721,1205 780,1202 840,1204 899,1205 959,1204 1019,1202 1078,1202 1138,1202 1197,1202 1257,1202 1316,1202 1376,1202 1435,1202 1495,1202 1555,1202"/>
                <TextEquiv>
                    <Unicode>kauerte inmitten von Georginen und Efen ein unscheinbar</Unicode>
                </TextEquiv>
            </TextLine>
            <TextLine id="tr_1_tl_27" custom="readingOrder {index:26;}">
                <Coords points="350,1269 1549,1261 1513,1210 350,1228"/>
                <Baseline points="358,1250 417,1252 477,1253 537,1251 596,1253 656,1250 716,1252 775,1250 835,1250 895,1251 955,1251 1014,1250 1074,1250 1134,1250 1193,1250 1253,1250 1313,1250 1372,1250 1432,1249 1492,1249 1552,1247"/>
                <TextEquiv>
                    <Unicode>mageres Haus. Sah aus wie ein ausgebrochener Zahn, den</Unicode>
                </TextEquiv>
            </TextLine>
            <TextLine id="tr_1_tl_28" custom="readingOrder {index:27;}">
                <Coords points="359,1317 1554,1309 1554,1264 1494,1257 359,1260"/>
                <Baseline points="367,1298 426,1299 486,1301 545,1298 605,1301 664,1299 724,1298 783,1301 843,1299 902,1298 962,1300 1022,1300 1081,1298 1141,1298 1200,1298 1260,1298 1319,1296 1379,1296 1438,1295 1498,1295 1558,1298"/>
                <TextEquiv>
                    <Unicode>jemand auf einer bunten Wiese verloren hat. Und aus diesem</Unicode>
                </TextEquiv>
            </TextLine>
            <TextLine id="tr_1_tl_29" custom="readingOrder {index:28;}">
                <Coords points="353,1363 1552,1362 1552,1315 1503,1306 353,1320"/>
                <Baseline points="361,1346 420,1346 480,1348 540,1349 599,1349 659,1349 719,1349 778,1347 838,1347 898,1346 958,1347 1017,1349 1077,1346 1137,1346 1196,1346 1256,1346 1316,1346 1375,1346 1435,1343 1495,1345 1555,1346"/>
                <TextEquiv>
                    <Unicode>Hause krümmelte sich der Trauerzug. Und es war ganz unsagbar</Unicode>
                </TextEquiv>
            </TextLine>
            <TextLine id="tr_1_tl_30" custom="readingOrder {index:29;}">
                <Coords points="350,1414 1554,1398 1495,1354 350,1368"/>
                <Baseline points="358,1390 418,1394 478,1396 538,1396 598,1396 658,1396 718,1393 778,1395 838,1393 898,1393 958,1393 1018,1393 1078,1393 1138,1393 1198,1393 1258,1393 1318,1393 1378,1391 1438,1393 1498,1390 1558,1393"/>
                <TextEquiv>
                    <Unicode>traurig. Und meine Augen, mein Verstand, meine Hände suchten</Unicode>
                </TextEquiv>
            </TextLine>
            <TextLine id="tr_1_tl_31" custom="readingOrder {index:30;}">
                <Coords points="356,1455 1551,1459 1521,1399 356,1417"/>
                <Baseline points="364,1441 423,1442 483,1444 542,1441 602,1441 661,1441 721,1441 780,1443 840,1443 899,1441 959,1441 1019,1441 1078,1441 1138,1441 1197,1441 1257,1438 1316,1438 1376,1438 1435,1438 1495,1438 1555,1441"/>
                <TextEquiv>
                    <Unicode>unaufhörlich den kleinen Leitgeb, der ebenso klein war wie ich,</Unicode>
                </TextEquiv>
            </TextLine>
            <TextLine id="tr_1_tl_32" custom="readingOrder {index:31;}">
                <Coords points="350,1497 1551,1501 1513,1447 350,1453"/>
                <Baseline points="358,1486 417,1489 477,1489 537,1489 597,1489 657,1489 717,1490 776,1490 836,1489 896,1491 956,1491 1016,1489 1076,1489 1136,1489 1195,1489 1255,1489 1315,1487 1375,1486 1435,1486 1495,1486 1555,1483"/>
                <TextEquiv>
                    <Unicode>denn es war so entsetzlich, daran zu denken, daß jemand seinen</Unicode>
                </TextEquiv>
            </TextLine>
            <TextLine id="tr_1_tl_33" custom="readingOrder {index:32;}">
                <Coords points="359,1572 455,1563 488,1540 524,1564 573,1546 641,1567 671,1552 757,1555 757,1504 722,1497 443,1513 359,1494"/>
                <Baseline points="367,1537 393,1537 419,1538 445,1539 472,1539 498,1537 524,1537 550,1537 577,1537 603,1537 629,1537 655,1537 682,1537 708,1537 734,1537 761,1537"/>
                <TextEquiv>
                    <Unicode>Vater verloren habe.</Unicode>
                </TextEquiv>
            </TextLine>
            <TextLine id="tr_1_tl_34" custom="readingOrder {index:33;}">
                <Coords points="471,1606 1551,1597 1527,1548 1395,1540 471,1546"/>
                <Baseline points="480,1593 533,1596 587,1595 641,1593 695,1593 748,1593 802,1595 856,1593 910,1593 963,1593 1017,1593 1071,1593 1125,1593 1178,1593 1232,1593 1286,1593 1340,1590 1393,1589 1447,1589 1501,1588 1555,1587"/>
                <TextEquiv>
                    <Unicode>Ein paar Tage später erschien der kleine Pepi bei uns in</Unicode>
                </TextEquiv>
            </TextLine>
            <TextLine id="tr_1_tl_35" custom="readingOrder {index:34;}">
                <Coords points="356,1660 1555,1645 1527,1596 356,1605"/>
                <Baseline points="364,1638 423,1641 483,1644 543,1641 602,1643 662,1644 722,1642 781,1642 841,1641 901,1641 961,1641 1020,1641 1080,1641 1140,1641 1199,1641 1259,1640 1319,1638 1378,1638 1438,1638 1498,1636 1558,1635"/>
                <TextEquiv>
                    <Unicode>der Klasse als Zögling des Waisenhauses, uniformiert und mit</Unicode>
                </TextEquiv>
            </TextLine>
            <TextLine id="tr_1_tl_36" custom="readingOrder {index:35;}">
                <Coords points="362,1698 1554,1696 1554,1645 362,1665"/>
                <Baseline points="370,1689 429,1689 488,1689 548,1689 607,1691 667,1689 726,1689 785,1691 845,1692 904,1689 964,1689 1023,1689 1082,1689 1142,1687 1201,1689 1261,1686 1320,1686 1379,1686 1439,1686 1498,1686 1558,1686"/>
                <TextEquiv>
                    <Unicode>einem schwarzen Käppchen; wurde täglich abgeholt und in Reih</Unicode>
                </TextEquiv>
            </TextLine>
            <TextLine id="tr_1_tl_37" custom="readingOrder {index:36;}">
                <Coords points="356,1750 1551,1738 1456,1692 356,1713"/>
                <Baseline points="364,1734 423,1737 483,1740 542,1737 602,1739 661,1740 721,1739 780,1739 840,1743 899,1739 959,1737 1019,1737 1078,1737 1138,1737 1197,1737 1257,1734 1316,1734 1376,1734 1435,1734 1495,1732 1555,1728"/>
                <TextEquiv>
                    <Unicode>und Glied ins Institut zurückgebracht. (Wir durften allein</Unicode>
                </TextEquiv>
            </TextLine>
            <TextLine id="tr_1_tl_38" custom="readingOrder {index:37;}">
                <Coords points="362,1808 1285,1803 1272,1743 362,1752"/>
                <Baseline points="370,1784 418,1784 466,1786 515,1785 563,1784 611,1787 660,1784 708,1787 756,1787 805,1786 853,1785 902,1786 950,1784 998,1782 1047,1782 1095,1784 1143,1784 1192,1784 1240,1784 1289,1781"/>
                <TextEquiv>
                    <Unicode>wißt ihr, was das heißt, allein! — heimgehen.)</Unicode>
                </TextEquiv>
            </TextLine>
            <TextLine id="tr_1_tl_39" custom="readingOrder {index:38;}">
                <Coords points="462,1895 1534,1890 1534,1856 1435,1830 1126,1863 464,1842"/>
                <Baseline points="471,1889 524,1890 577,1892 630,1892 684,1892 737,1892 790,1892 844,1892 897,1892 950,1892 1004,1895 1057,1892 1110,1891 1163,1889 1217,1889 1270,1886 1323,1888 1377,1886 1430,1886 1483,1884 1537,1880"/>
                <TextEquiv>
                    <Unicode>Als wir Jünglinge waren, gingen wir beide sehr oft -</Unicode>
                </TextEquiv>
            </TextLine>
            <TextLine id="tr_1_tl_40" custom="readingOrder {index:39;}">
                <Coords points="356,1950 1548,1944 1534,1890 356,1893"/>
                <Baseline points="364,1940 423,1940 482,1937 542,1940 601,1940 661,1940 720,1940 779,1940 839,1940 898,1940 958,1940 1017,1937 1076,1939 1136,1937 1195,1937 1255,1937 1314,1937 1373,1934 1433,1934 1492,1934 1552,1931"/>
                <TextEquiv>
                    <Unicode>nicht heim. Wir dichteten gemeinsam, erfanden ein Drama</Unicode>
                </TextEquiv>
            </TextLine>
            <TextLine id="tr_1_tl_41" custom="readingOrder {index:40;}">
                <Coords points="362,2004 1557,1989 1540,1941 362,1952"/>
                <Baseline points="370,1993 429,1987 489,1987 548,1986 608,1986 667,1987 727,1985 786,1985 846,1987 905,1987 965,1987 1025,1984 1084,1984 1144,1984 1203,1981 1263,1984 1322,1982 1382,1981 1441,1981 1501,1981 1561,1984"/>
                <TextEquiv>
                    <Unicode>„Leonidas, schrieben unserem Deutschprofessor zu Ehren um</Unicode>
                </TextEquiv>
            </TextLine>
            <TextLine id="tr_1_tl_42" custom="readingOrder {index:41;}">
                <Coords points="362,2045 1546,2039 1546,1995 1353,1985 362,2003"/>
                <Baseline points="370,2032 432,2032 494,2035 556,2033 618,2035 680,2035 742,2035 804,2033 866,2035 928,2032 990,2032 1052,2032 1114,2032 1176,2032 1238,2032 1300,2030 1362,2030 1424,2030 1486,2030 1549,2026"/>
                <TextEquiv>
                    <Unicode>die Wette, waren aufeinander eifersüchtig und entkamen uns</Unicode>
                </TextEquiv>
            </TextLine>
            <TextLine id="tr_1_tl_43" custom="readingOrder {index:42;}">
                <Coords points="362,2091 1551,2097 1536,2039 362,2043"/>
                <Baseline points="370,2080 429,2083 488,2083 547,2083 607,2083 666,2080 725,2081 784,2081 844,2083 903,2080 962,2080 1021,2080 1081,2080 1140,2080 1199,2080 1258,2079 1318,2077 1377,2077 1436,2077 1495,2077 1555,2074"/>
                <TextEquiv>
                    <Unicode>langsam. Als der Weltkrieg da war, schmiß er uns beide um.</Unicode>
                </TextEquiv>
            </TextLine>
            <TextLine id="tr_1_tl_44" custom="readingOrder {index:43;}">
                <Coords points="365,2142 1551,2132 1494,2085 365,2091"/>
                <Baseline points="373,2128 432,2129 491,2131 550,2131 609,2131 668,2131 727,2131 786,2131 845,2129 904,2131 964,2128 1023,2130 1082,2128 1141,2128 1200,2128 1259,2126 1318,2125 1377,2125 1436,2127 1495,2125 1555,2128"/>
                <TextEquiv>
                    <Unicode>Wir waren beide Kaiserjäger, aber zunächst weit auseinander.</Unicode>
                </TextEquiv>
            </TextLine>
            <TextLine id="tr_1_tl_45" custom="readingOrder {index:44;}">
                <Coords points="359,2186 1548,2184 1525,2132 359,2142"/>
                <Baseline points="367,2176 426,2176 485,2176 544,2178 604,2178 663,2178 722,2176 781,2176 841,2176 900,2176 959,2176 1018,2176 1078,2176 1137,2176 1196,2176 1255,2174 1315,2174 1374,2173 1433,2173 1492,2173 1552,2173"/>
                <TextEquiv>
                    <Unicode>Kollegen und Verwandte wurden uns in allen Ecken und Enden</Unicode>
                </TextEquiv>
            </TextLine>
            <TextLine id="tr_1_tl_46" custom="readingOrder {index:45;}">
                <Coords points="356,2240 1551,2226 1536,2181 356,2187"/>
                <Baseline points="364,2223 423,2224 483,2226 542,2226 602,2226 661,2226 721,2226 780,2226 840,2223 899,2225 959,2223 1019,2223 1078,2223 1138,2219 1197,2220 1257,2223 1316,2223 1376,2220 1435,2220 1495,2220 1555,2217"/>
                <TextEquiv>
                    <Unicode>der Monarchie zusammengeschossen. Aber — der Himmel meinte</Unicode>
                </TextEquiv>
            </TextLine>
            <TextLine id="tr_1_tl_47" custom="readingOrder {index:46;}">
                <Coords points="362,2280 1548,2283 1548,2226 362,2241"/>
                <Baseline points="370,2271 429,2274 488,2272 547,2274 606,2274 665,2270 724,2268 783,2271 842,2271 901,2271 961,2271 1020,2271 1079,2268 1138,2271 1197,2271 1256,2271 1315,2268 1374,2271 1433,2269 1492,2268 1552,2271"/>
                <TextEquiv>
                    <Unicode>es gut mit uns — da ergab sich uns einmal, ein einzigesmal,</Unicode>
                </TextEquiv>
            </TextLine>
            <TextLine id="tr_1_tl_48" custom="readingOrder {index:47;}">
                <Coords points="362,2325 1548,2333 1528,2277 362,2282"/>
                <Baseline points="370,2319 429,2322 488,2321 547,2319 606,2319 665,2319 724,2319 783,2319 842,2319 901,2320 961,2320 1020,2319 1079,2319 1138,2319 1197,2319 1256,2316 1315,2316 1374,2316 1433,2316 1492,2316 1552,2316"/>
                <TextEquiv>
                    <Unicode>ein kleines Glück, wir waren gemeinsam auf Urlaub. Er von</Unicode>
                </TextEquiv>
            </TextLine>
            <TextLine id="tr_1_tl_49" custom="readingOrder {index:48;}">
                <Coords points="359,2378 1548,2373 1548,2333 1477,2322 359,2328"/>
                <Baseline points="367,2367 426,2367 485,2370 544,2370 604,2370 663,2370 722,2367 781,2367 841,2367 900,2367 959,2369 1018,2367 1078,2367 1137,2367 1196,2367 1255,2367 1315,2367 1374,2364 1433,2364 1492,2364 1552,2364"/>
                <TextEquiv>
                    <Unicode>der Südfront, ich aus Beneschau. Und nun saßen wir gemeinsam</Unicode>
                </TextEquiv>
            </TextLine>
            <TextLine id="tr_1_tl_50" custom="readingOrder {index:49;}">
                <Coords points="359,2422 1551,2426 1551,2381 1449,2370 359,2378"/>
                <Baseline points="367,2414 426,2416 485,2417 545,2414 604,2414 664,2417 723,2414 782,2414 842,2414 901,2416 961,2414 1020,2417 1079,2414 1139,2414 1198,2414 1258,2414 1317,2412 1376,2411 1436,2411 1495,2411 1555,2411"/>
                <TextEquiv>
                    <Unicode>in jener kleinen Villa am samtgrünen Hang des Iselberges.</Unicode>
                </TextEquiv>
            </TextLine>
            <TextLine id="tr_1_tl_51" custom="readingOrder {index:50;}">
                <Coords points="368,2471 1548,2467 1524,2420 368,2426"/>
                <Baseline points="376,2462 434,2465 493,2465 552,2465 611,2465 670,2465 728,2463 787,2459 846,2463 905,2463 964,2462 1022,2462 1081,2462 1140,2462 1199,2462 1258,2462 1316,2462 1375,2462 1434,2460 1493,2460 1552,2459"/>
                <TextEquiv>
                    <Unicode>Was taten wir da? Pepi spielte Cello, ich Geige, der Doktor</Unicode>
                </TextEquiv>
            </TextLine>
            <TextLine id="tr_1_tl_52" custom="readingOrder {index:51;}">
                <Coords points="362,2518 1557,2519 1518,2467 362,2468"/>
                <Baseline points="370,2510 429,2513 489,2513 548,2513 608,2513 667,2513 727,2510 786,2510 846,2510 905,2513 965,2512 1025,2510 1084,2510 1144,2510 1203,2508 1263,2510 1322,2508 1382,2508 1441,2507 1501,2507 1561,2510"/>
                <TextEquiv>
                    <Unicode>Spörr die zweite Violine, Leitgebs Onkel, der blondbärtige</Unicode>
                </TextEquiv>
            </TextLine>
            <TextLine id="tr_1_tl_53" custom="readingOrder {index:52;}">
                <Coords points="365,2573 1554,2567 1554,2522 1507,2515 365,2521"/>
                <Baseline points="373,2561 432,2561 491,2561 550,2561 610,2561 669,2561 728,2560 787,2558 847,2558 906,2561 965,2561 1024,2558 1084,2558 1143,2558 1202,2558 1261,2558 1321,2558 1380,2555 1439,2558 1498,2558 1558,2558"/>
                <TextEquiv>
                    <Unicode>Doktor Pallhuber, der eines Nachts vor vielen Jahren seine</Unicode>
                </TextEquiv>
            </TextLine>
            <TextLine id="tr_1_tl_54" custom="readingOrder {index:53;}">
                <Coords points="362,2612 1557,2615 1528,2563 362,2575"/>
                <Baseline points="370,2602 429,2605 489,2605 548,2608 608,2608 667,2605 727,2605 786,2605 846,2605 905,2605 965,2605 1025,2605 1084,2605 1144,2605 1203,2605 1263,2605 1322,2603 1382,2602 1441,2602 1501,2602 1561,2599"/>
                <TextEquiv>
                    <Unicode>Seele aushustete, die Bratsche. Eine Handvoll Frühlingsabende</Unicode>
                </TextEquiv>
            </TextLine>
            <TextLine id="tr_1_tl_55" custom="readingOrder {index:54;}">
                <Coords points="368,2666 1422,2669 1552,2663 1554,2615 369,2611"/>
                <Baseline points="376,2653 435,2653 494,2653 553,2653 612,2650 671,2653 730,2653 789,2650 848,2653 907,2653 967,2655 1026,2653 1085,2651 1144,2651 1203,2653 1262,2653 1321,2651 1380,2650 1439,2650 1498,2650 1558,2647"/>
                <TextEquiv>
                    <Unicode>schenkte uns damals der Herrgott. Wir waren glücklich. Wir</Unicode>
                </TextEquiv>
            </TextLine>
            <TextLine id="tr_1_tl_56" custom="readingOrder {index:55;}">
                <Coords points="368,2714 1552,2731 1519,2656 368,2666"/>
                <Baseline points="376,2701 438,2701 500,2704 562,2702 624,2702 686,2702 748,2701 810,2698 872,2700 934,2701 996,2701 1058,2701 1120,2701 1182,2699 1244,2698 1306,2698 1368,2698 1430,2698 1492,2698 1555,2692"/>
                <TextEquiv>
                    <Unicode>spielten Haydn, Mozart, Schubert und leichten Beethoven. Wahr¬</Unicode>
                </TextEquiv>
            </TextLine>
            <TextLine id="tr_1_tl_57" custom="readingOrder {index:56;}">
                <Coords points="369,2776 701,2755 757,2770 790,2747 889,2770 905,2768 907,2720 371,2714"/>
                <Baseline points="379,2752 405,2750 432,2749 458,2749 485,2749 511,2749 538,2751 564,2752 591,2750 617,2749 644,2749 671,2749 697,2749 724,2749 750,2748 777,2746 803,2747 830,2749 856,2749 883,2750 910,2752"/>
                <TextEquiv>
                    <Unicode>scheinlich schlecht, aber innig.</Unicode>
                </TextEquiv>
            </TextLine>
            <TextLine id="tr_1_tl_58" custom="readingOrder {index:57;}">
                <Coords points="468,2819 1551,2815 1527,2747 1353,2728 1213,2780 468,2771"/>
                <Baseline points="477,2805 530,2805 584,2808 638,2806 692,2803 746,2805 800,2805 854,2805 908,2805 962,2805 1016,2805 1069,2805 1123,2805 1177,2805 1231,2803 1285,2802 1339,2802 1393,2802 1447,2802 1501,2802 1555,2802"/>
                <TextEquiv>
                    <Unicode>Pepi war in eine Wiener Cousine verliebt, die ihm</Unicode>
                </TextEquiv>
            </TextLine>
            <TextLine id="tr_1_tl_59" custom="readingOrder {index:58;}">
                <Coords points="362,2864 1554,2860 1554,2815 1486,2807 362,2822"/>
                <Baseline points="370,2850 429,2854 488,2854 548,2853 607,2853 667,2855 726,2856 785,2853 845,2853 904,2853 964,2853 1023,2853 1082,2850 1142,2853 1201,2853 1261,2850 1320,2851 1379,2851 1439,2850 1498,2850 1558,2850"/>
                <TextEquiv>
                    <Unicode>Schnitzler=Dramen zum Lesen lieh. Auch ich träumte einer</Unicode>
                </TextEquiv>
            </TextLine>
            <TextLine id="tr_1_tl_60" custom="readingOrder {index:59;}">
                <Coords points="356,2917 1551,2905 1443,2851 356,2869"/>
                <Baseline points="364,2898 423,2901 483,2901 542,2901 602,2901 661,2901 721,2901 780,2901 840,2901 899,2901 959,2901 1019,2899 1078,2901 1138,2900 1197,2898 1257,2898 1316,2899 1376,2899 1435,2898 1495,2898 1555,2898"/>
                <TextEquiv>
                    <Unicode>verhängnisvollen Dummheit nach — aber alles war so schön.</Unicode>
                </TextEquiv>
            </TextLine>
            <TextLine id="tr_1_tl_61" custom="readingOrder {index:60;}">
                <Coords points="365,2956 1557,2956 1557,2911 1491,2906 365,2911"/>
                <Baseline points="373,2949 432,2949 491,2949 551,2949 610,2949 670,2949 729,2949 788,2949 848,2949 907,2949 967,2949 1026,2946 1085,2949 1145,2949 1204,2946 1264,2946 1323,2946 1382,2946 1442,2946 1501,2946 1561,2946"/>
                <TextEquiv>
                    <Unicode>Noch heute weiß ich, wie ich mit meiner Kindertotentruhe von</Unicode>
                </TextEquiv>
            </TextLine>
            <TextLine id="tr_1_tl_62" custom="readingOrder {index:61;}">
                <Coords points="365,2996 1554,2999 1540,2954 365,2960"/>
                <Baseline points="373,2993 432,2996 491,2996 550,2996 610,2996 669,2996 728,2996 787,2996 847,2996 906,2996 965,2996 1024,2996 1084,2996 1143,2995 1202,2995 1261,2993 1321,2993 1380,2993 1439,2995 1498,2993 1558,2993"/>
                <TextEquiv>
                    <Unicode>Geigenkasten am letzten Abend, bevor mein Leitgeb zurück an die</Unicode>
                </TextEquiv>
            </TextLine>
            <TextLine id="tr_1_tl_63" custom="readingOrder {index:62;}">
                <Coords points="365,3061 1554,3055 1534,2998 365,3007"/>
                <Baseline points="373,3044 432,3044 491,3044 550,3045 610,3044 669,3044 728,3044 787,3044 847,3044 906,3044 965,3044 1024,3044 1084,3044 1143,3044 1202,3044 1261,3041 1321,3041 1380,3041 1439,3041 1498,3041 1558,3041"/>
                <TextEquiv>
                    <Unicode>Front mußte, bergabwärts in die Kaserne wanderte. Mit</Unicode>
                </TextEquiv>
            </TextLine>
            <TextLine id="tr_1_tl_64" custom="readingOrder {index:63;}">
                <Coords points="368,3106 386,3112 420,3100 446,3112 468,3102 494,3111 542,3106 542,3060 509,3054 486,3064 468,3054 432,3060 422,3052 368,3058"/>
                <Baseline points="376,3095 404,3093 432,3092 461,3092 489,3092 517,3093 546,3095"/>
                <TextEquiv>
                    <Unicode>Herzweh.</Unicode>
                </TextEquiv>
            </TextLine>
            <TextLine id="tr_1_tl_65" custom="readingOrder {index:64;}">
                <Coords points="468,3216 1551,3204 1551,3157 1435,3145 468,3148"/>
                <Baseline points="477,3199 530,3199 584,3199 638,3197 692,3198 746,3199 800,3199 854,3199 908,3199 962,3199 1016,3196 1069,3196 1123,3196 1177,3196 1231,3198 1285,3196 1339,3195 1393,3193 1447,3193 1501,3193 1555,3190"/>
                <TextEquiv>
                    <Unicode>Als nach dem Zusammenbruch der Teufel über die ver¬</Unicode>
                </TextEquiv>
            </TextLine>
            <TextLine id="tr_1_tl_66" custom="readingOrder {index:65;}">
                <Coords points="362,3252 1551,3258 1542,3202 362,3213"/>
                <Baseline points="370,3244 429,3247 488,3246 547,3244 607,3247 666,3247 725,3247 784,3247 844,3247 903,3247 962,3245 1021,3244 1081,3244 1140,3244 1199,3244 1258,3244 1318,3244 1377,3241 1436,3244 1495,3242 1555,3241"/>
                <TextEquiv>
                    <Unicode>winterte Welt Schlittschuh lief, als bei uns in Tirol niemand</Unicode>
                </TextEquiv>
            </TextLine>
            <TextLine id="tr_1_tl_67" custom="readingOrder {index:66;}">
                <Coords points="362,3303 1554,3307 1527,3250 363,3258"/>
                <Baseline points="370,3292 429,3292 488,3294 548,3295 607,3294 667,3292 726,3292 785,3295 845,3295 904,3295 964,3294 1023,3292 1082,3295 1142,3294 1201,3292 1261,3292 1320,3292 1379,3290 1439,3292 1498,3289 1558,3292"/>
                <TextEquiv>
                    <Unicode>mehr aus und ein wußte, schrieb Josef Leitgeb seine ersten</Unicode>
                </TextEquiv>
            </TextLine>
            <TextLine id="tr_1_tl_68" custom="readingOrder {index:67;}">
                <Coords points="371,3349 1555,3354 1555,3300 1432,3294 371,3301"/>
                <Baseline points="379,3340 441,3338 503,3342 565,3343 627,3340 689,3340 751,3343 813,3341 875,3340 937,3342 999,3340 1061,3340 1123,3342 1185,3340 1247,3340 1309,3340 1371,3340 1433,3337 1495,3337 1558,3340"/>
                <TextEquiv>
                    <Unicode>Gedichte. Sie waren sehr schön und ich habe ihn sehr darum</Unicode>
                </TextEquiv>
            </TextLine>
            <TextLine id="tr_1_tl_69" custom="readingOrder {index:68;}">
                <Coords points="362,3397 1554,3405 1527,3345 362,3343"/>
                <Baseline points="370,3387 429,3388 488,3388 548,3387 607,3389 667,3387 726,3387 785,3387 845,3387 904,3390 964,3388 1023,3388 1082,3390 1142,3388 1201,3388 1261,3387 1320,3387 1379,3385 1439,3384 1498,3388 1558,3393"/>
                <TextEquiv>
                    <Unicode>beneidet. Als verkrachte Akademiker sahen wir uns vorläufig</Unicode>
                </TextEquiv>
            </TextLine>
            <TextLine id="tr_1_tl_70" custom="readingOrder {index:69;}">
                <Coords points="371,3450 1560,3451 1525,3394 371,3400"/>
                <Baseline points="379,3444 438,3438 497,3438 556,3438 616,3438 675,3438 734,3438 793,3438 853,3435 912,3436 971,3438 1030,3435 1090,3436 1149,3436 1208,3435 1267,3435 1327,3435 1386,3435 1445,3435 1504,3435 1564,3435"/>
                <TextEquiv>
                    <Unicode>zum letztenmal. In einem kleinen Kaffeehaus unter den Lauben.</Unicode>
                </TextEquiv>
            </TextLine>
            <TextLine id="tr_1_tl_71" custom="readingOrder {index:70;}">
                <Coords points="371,3504 557,3490 701,3520 820,3492 892,3522 974,3487 1145,3499 1159,3453 369,3454"/>
                <Baseline points="379,3480 418,3477 457,3482 496,3483 536,3483 575,3484 614,3486 653,3486 693,3486 732,3486 771,3486 810,3486 850,3484 889,3484 928,3486 967,3486 1007,3486 1046,3486 1085,3486 1124,3484 1164,3483"/>
                <TextEquiv>
                    <Unicode>Zwischen uns saß eine merkwürdige Frau.</Unicode>
                </TextEquiv>
            </TextLine>
            <TextLine id="tr_1_tl_72" custom="readingOrder {index:71;}">
                <Coords points="468,3605 1555,3605 1555,3561 1429,3538 470,3541"/>
                <Baseline points="477,3590 531,3590 585,3590 639,3591 693,3593 747,3593 801,3590 855,3590 909,3590 963,3590 1017,3590 1071,3587 1125,3589 1179,3589 1233,3588 1287,3587 1341,3587 1395,3589 1449,3587 1503,3585 1558,3584"/>
                <TextEquiv>
                    <Unicode>Heute ist Dr. Josef Leitgeb ein Volksschullehrer, sieht un¬</Unicode>
                </TextEquiv>
            </TextLine>
            <TextLine id="tr_1_tl_73" custom="readingOrder {index:72;}">
                <Coords points="374,3656 1558,3654 1558,3600 1509,3595 374,3609"/>
                <Baseline points="382,3644 444,3641 506,3640 568,3638 630,3638 692,3638 754,3638 816,3640 878,3640 940,3641 1002,3640 1064,3638 1126,3638 1188,3638 1250,3635 1312,3635 1374,3635 1436,3634 1498,3632 1561,3635"/>
                <TextEquiv>
                    <Unicode>gefähr so aus wie ein gotisch geschnitzter Apostel und ist der</Unicode>
                </TextEquiv>
            </TextLine>
            <TextLine id="tr_1_tl_74" custom="readingOrder {index:73;}">
                <Coords points="368,3696 1552,3699 1534,3645 368,3654"/>
                <Baseline points="376,3677 438,3689 500,3688 562,3688 624,3686 686,3686 748,3686 810,3686 872,3686 934,3686 996,3686 1058,3686 1120,3686 1182,3686 1244,3686 1306,3685 1368,3683 1430,3683 1492,3681 1555,3671"/>
                <TextEquiv>
                    <Unicode>Tiroler Dichter, der unbedingt entdeckt werden müßte. Reden wir</Unicode>
                </TextEquiv>
            </TextLine>
            <TextLine id="tr_1_tl_75" custom="readingOrder {index:74;}">
                <Coords points="368,3749 1557,3743 1557,3695 1497,3690 1291,3722 1246,3690 368,3698"/>
                <Baseline points="376,3728 435,3737 494,3737 553,3734 613,3736 672,3736 731,3737 790,3734 850,3734 909,3734 968,3734 1027,3734 1087,3734 1146,3734 1205,3734 1264,3731 1324,3734 1383,3732 1442,3731 1501,3731 1561,3728"/>
                <TextEquiv>
                    <Unicode>jetzt nicht von den feinen Versen, die er schrieb, nicht von den</Unicode>
                </TextEquiv>
            </TextLine>
            <TextLine id="tr_1_tl_76" custom="readingOrder {index:75;}">
                <Coords points="371,3798 1555,3782 1522,3735 371,3750"/>
                <Baseline points="379,3781 441,3784 503,3784 565,3784 627,3782 689,3782 751,3781 813,3781 875,3781 937,3781 999,3781 1061,3781 1123,3781 1185,3781 1247,3781 1309,3778 1371,3778 1433,3780 1495,3778 1558,3775"/>
                <TextEquiv>
                    <Unicode>Novellen, die kaum jemand kennt. Berichten wir von dem pracht¬</Unicode>
                </TextEquiv>
            </TextLine>
            <TextLine id="tr_1_tl_77" custom="readingOrder {index:76;}">
                <Coords points="365,3846 1557,3840 1548,3788 365,3804"/>
                <Baseline points="373,3832 432,3832 491,3832 551,3832 610,3832 670,3832 729,3829 788,3829 848,3829 907,3829 967,3829 1026,3829 1085,3829 1145,3829 1204,3829 1264,3829 1323,3827 1382,3829 1442,3828 1501,3824 1561,3823"/>
                <TextEquiv>
                    <Unicode>vollen Roman, den Bruno Cassirer in Berlin verlegte, seiner</Unicode>
                </TextEquiv>
            </TextLine>
            <TextLine id="tr_1_tl_78" custom="readingOrder {index:77;}">
                <Coords points="369,3896 1560,3882 1560,3839 1425,3831 371,3849"/>
                <Baseline points="379,3886 438,3880 497,3880 556,3880 616,3880 675,3880 734,3877 793,3877 853,3877 912,3877 971,3877 1030,3877 1090,3877 1149,3875 1208,3877 1267,3877 1327,3877 1386,3874 1445,3874 1504,3872 1564,3874"/>
                <TextEquiv>
                    <Unicode>„Kinderlegende", die so meisterlich und überirdisch schön dargetan</Unicode>
                </TextEquiv>
            </TextLine>
            <TextLine id="tr_1_tl_79" custom="readingOrder {index:78;}">
                <Coords points="371,3938 1560,3932 1542,3882 1452,3879 371,3897"/>
                <Baseline points="379,3928 438,3928 497,3928 556,3928 616,3928 675,3928 734,3927 793,3925 853,3925 912,3923 971,3925 1030,3928 1090,3925 1149,3923 1208,3925 1267,3924 1327,3922 1386,3922 1445,3922 1504,3922 1564,3919"/>
                <TextEquiv>
                    <Unicode>wurde, daß man sie ohne weiteres zwischen Stifter, Mörike und</Unicode>
                </TextEquiv>
            </TextLine>
            <TextLine id="tr_1_tl_80" custom="readingOrder {index:79;}">
                <Coords points="374,3984 1560,3981 1560,3935 1507,3927 374,3939"/>
                <Baseline points="382,3969 441,3975 500,3975 559,3975 618,3972 677,3974 736,3974 795,3972 854,3972 913,3972 973,3972 1032,3972 1091,3971 1150,3971 1209,3972 1268,3972 1327,3970 1386,3969 1445,3971 1504,3967 1564,3966"/>
                <TextEquiv>
                    <Unicode>Gottfried Keller in den Bücherkasten einreihen kann. Das</Unicode>
                </TextEquiv>
            </TextLine>
            <TextLine id="tr_1_tl_81" custom="readingOrder {index:80;}">
                <Coords points="362,4040 1563,4029 1560,3984 1474,3972 362,3983"/>
                <Baseline points="370,4023 429,4026 489,4026 549,4026 609,4026 669,4023 729,4023 788,4025 848,4023 908,4023 968,4023 1028,4020 1088,4023 1148,4023 1207,4023 1267,4023 1327,4021 1387,4020 1447,4019 1507,4017 1567,4011"/>
                <TextEquiv>
                    <Unicode>Mysterium, daß durch rätselhafte Verkettung schicksalhafter Linien</Unicode>
                </TextEquiv>
            </TextLine>
            <TextEquiv>
                <Unicode></Unicode>
            </TextEquiv>
        </TextRegion>
    </Page>
</PcGts>
