3344 4352
197 224 1076 339 13. Miscellaneous
1252 231 1673 326 box 447
400 1809 1341 1870 Eins anfängt. So daß es, auf die einfachste Weise
397 1860 1344 1921 der Welt, in unserem Sommerort sechs Nummer 36
400 1897 1337 1948 gibt. Aber selbst wenn man weiß, daß jemand
404 1931 1337 1989 l'uchen 36 wohnt, ist einem wenig geholfen, weil
394 1968 1334 2033 kein Mensch hier die Häuser nach der Nummer
394 2009 1341 2063 unterscheidet, sondern nach dem Besitzer. Wobei
394 2050 1327 2118 es meistens nicht der derzeitige Besitzer, sonder
397 2091 971 2148 der vorige oder vorvorige ist.
1364 2063 2301 2169 eine zentrale informationsstelle
2325 2002 3207 2182 .
465 2108 1337 2182 So könnt' ich dir noch viel erzählen von
1368 2152 2301 2206 schaffen, an die sich Verbände wie Private in allen
2328 2158 3210 2223 darum zu tun sei, den Namen zu monopolisier
400 2152 1330 2216 unserer Sommerfrische. Wir haben zum Beispie
1371 2186 2298 2267 Fragen der Tätigkeit und der Gebiete des Alpinis¬
2321 2186 3210 2257 Entgegen dieser Darstellung, wie sie in eini¬
397 2203 1334 2257 eine Teekanne für vierundzwanzig Personen, aber
1371 2226 1761 2298 mus wenden können
2335 2230 3207 2284 Bündner Blättern zu lesen war, wird uns nun
397 2243 1334 2301 nur fünf kleine Löffel gehören zum Inventar. Der
2328 2270 3194 2325 einer der betreffenden Kursaalgesellschaft
1422 2253 2298 2332 2. die interessanten Fragen des Alpi¬
397 2274 1330 2335 Lichtschalter ist nicht immer dort, wo man ihr
2318 2308 3187 2369 stehenden Seite mitgeteilt, diese Gesellschaft
1364 2318 2298 2372 nismus vom internationalen le¬
394 2311 1334 2365 braucht, sondern im allgemeinen dort, wo man ihn
2335 2342 3207 2410 jederzeit in der Lage, den Nachweis zu erbring
394 2355 1330 2403 am schwersten erreicht. An den Zimmertüren fehl
1368 2352 2301 2416 sichtspunkte aus zu prüfen, zum Beispiel
2328 2389 3210 2440 daß der durch das Gründungs- und Initia¬
394 2386 1334 2444 hie und da ein Schlüssel, hingegen gehen die
1364 2399 2291 2447 diejenige der Hilfeleistung in den Bergen, der zu
2335 2420 3204 2474 komitee beauftragte und in St. Moritz wohnen
394 2430 1327 2481 Schranktüren, nach vorn geneigt, meistens vor
1368 2430 2301 2491 fluchtsstätten, der Zugangswege, der Lawinen.
2325 2457 3207 2525 Vertreter nicht nur einmal, sondern wieder
394 2467 1330 2522 selbst auf. Ueberhaupt macht alles einen etwas
1368 2474 2294 2525 der Kartenerstellung. Diese Fragen werden von
2321 2494 3207 2552 mündlich und schriftlich mit dem Vertreter
394 2505 1327 2559 verspielten, unernsten und provisorischen Ein¬
1364 2511 3241 2600 einem ständigen, vom Präsidenten bezeichneten Gemeindebehörde, Gemeindepräsident Nater,
394 2545 1334 2593 druck, so ungefähr als hätte jemand diese „Villa“
1361 2542 2294 2603 Bureau studiert, das der Generalversammlung
2321 2572 3255 2640 dieser Sache Rücksprache genommen hat. Dieser
390 2586 1330 2651 gebaut, der dabei Ländler pfiff und nicht gerade
1364 2586 2294 2644 oder dem Kongreß Bericht erstattet. Die Verbände
2321 2606 3244 2664 habe denn auch in einer Zuschrift vom 4. April
390 2623 1337 2674 ans Villenbauen dachte. Allein dieser provi¬
1361 2627 2287 2674 werden ihrerseits gebeten. Anträge und Wünsche
2318 2647 3268 2698 dieses Jahres dem Bevollmächtigten des Konser¬
394 2657 1327 2708 sorische Charakter ist zugleich der österreichische
1358 2661 2291 2722 die sich aus diesen Berichten ergeben, zu verwirk¬
394 2688 1327 2749 Der Oesterreicher, mußt du nämlich wissen, ist ent¬
1361 2698 2294 2759 lichen. Der in Pontresina zusammentretenden Ver-
394 2732 1330 2786 weder fromm oder ein Philosoph und in beiden
1361 2742 2294 2796 sammlung wird eine aufs sorgfältigste geprüfte
394 2763 1334 2841 Fällen geneigt, unser Erdenwallen nur als einen
1361 2783 2294 2841 Arbeit über die auf den Karten anzuwendenden
394 2807 1022 2864 flüchtigen Uebergang anzusehen.
2338 2756 3306 2885 Bergestock
1344 2813 2304 2891 Zeichen für Wege zur Winterszeit
390 2929 3119 3139 SEPTEMBER-KURI dann BAD RAGAZ im BA
1544 3102 1646 3163 den
2532 3122 3309 3197 mit den Thermalbädern im Dor
2729 3170 3197 3238 — Telephon 81.444
489 3312 1072 3421 Vorgange
