3392 4352
567 164 1424 206 wenn es auch in Garderoben und Korrido¬
567 185 1428 254 ren, vor dem Auftreten und in den großen
567 230 1418 294 Szenen mit ihm sehr freundschaftlich um¬
561 269 1428 343 ging; die Liebe erwies sich stets als truge¬
561 326 1424 388 risch. Der große Schauspieler sieht auf den
561 358 1427 424 kleinen herab, aber der kleine lehnt es ab,
561 401 1428 475 zum großen Bruder emporzuschauen. Schau¬
560 454 1433 523 spieler sind gerecht, aber auch ungerecht,
562 494 1438 558 sie teilen nicht immer die Meinung des Publi¬
560 528 1428 610 kums, sie glauben tiefer in die Geheimnisse
560 573 1424 638 des Metiers zu sehen und nicht jeder Gast
560 617 1424 697 scheint ihnen wert, ein Gast zu sein. Sie ken¬
562 661 1428 738 nen die Konjunkturen, die Zufälle, die per¬
561 701 1429 776 sönliche Reklametüchtigkeit, die einen
561 743 1427 818 Schauspieler oder eine Schauspielerin auf
562 790 1420 867 die Höhen des Theaters wirbelt. Nicht immer
561 843 1428 909 geht es da mit gerechten Dingen zu, meinen
555 875 1419 949 sie, und mancher Ensembleschauspieler emp¬
564 920 1428 996 findet schmerzlich das Unrecht, daß nicht
566 969 1427 1044 auch er das Glück hatte, ein berühmter Gast
564 1030 777 1091 zu werden.
614 1063 1428 1133 Jetzt haben die Schauspieler wieder ein¬
564 1113 1430 1174 mal Mut gefaßt und sind einfach vor ihren
569 1143 1432 1218 Direktor hingetreten, um das Gastwesen als
572 1183 1427 1260 Gastunwesen zu erklären, sie haben die
575 1239 1429 1298 Wünsche des Ensembles geäußert, das als
562 1273 1431 1344 Ensemble vor das Publikum gestellt und
566 1319 1433 1401 gewertet werden will. Alles darum, weil
561 1364 1433 1432 zwei Gäste im Volkstheater jetzt nicht wie
564 1406 1427 1471 sonst das große Geschäft gemacht haben.
567 1462 1429 1516 trotzdem sie größere Gagen beziehen als die
567 1492 1432 1560 Ensemblemitglieder, trotzdem sie von außen
564 1554 1432 1602 hergerufen wurden, natürlich mit der Ver¬
562 1588 1435 1653 pflichtung, besonders volle Häuser zu
564 1623 1432 1690 machen. Da haben sich die Mitglieder des
566 1671 1433 1734 Theaters gesagt: das können wir auch.
572 1720 1427 1775 Wozu also die Mehrbelastung des abend¬
564 1768 1433 1819 lichen Etats, die noch dazu mit einer
562 1818 1433 1870 Schädigung unseres künstlerischen Renom¬
562 1842 1435 1919 mees verbunden ist? Das Publikum wird
570 1894 1435 1964 dazu erzogen, an die Kraft der Gäste zu
567 1934 1435 1995 glauben und ein Ensemble kann niemals zu
572 1986 1430 2033 Ensembleehren kommen, wenn es immer
576 2023 1429 2081 wieder durch Solisten gestört wird, die groß
576 2065 1429 2130 gedruckt und hoch bezahlt, als Mittelpunkt
572 2115 1433 2161 des Abends figurieren. Es ist natürlich nur
570 2156 1435 2207 ein Zufall gewesen, daß die bisherigen
570 2190 1436 2251 großen Gäste des Deutschen Volkstheaters
570 2241 1427 2302 Stücke wählten, die sich als geschäftlich un¬
567 2287 1440 2341 zulänglich erwiesen, die nicht gefielen, in
567 2327 1433 2382 denen ihr persönlicher Erfolg mangelndes
576 2374 1433 2428 Interesse am Stück nicht ausgleichen
567 2422 1435 2464 konnte. Die Leute gehen eben nur wegen
567 2463 1429 2506 des Stars nicht mehr ins Theater. Der
576 2504 1439 2558 Appetit des Publikums verlangt heute nach
576 2547 1436 2600 Außergewöhnlichen. Man kann ihm nicht
576 2597 1095 2653 das erste Beste vorsetzen.
562 2633 1434 2692 Der Begriff des Ensembles bedeutete vor
561 2688 1439 2737 Jahren in Wien, und als Otto Brahm lebte
567 2729 1433 2778 in Berlin, dann im Theater Stanislawskis, die
561 2778 1439 2821 Idee des Theaters überhaupt. Alles kam vom
564 2818 1435 2872 Ensemble her, das Ensemble bestand aus
564 2872 1432 2922 großen Künstlern, die jeder ein Star ge¬
570 2908 1432 2956 wesen, ein Solist der Seele, die in ihrer Ge¬
570 2947 1436 3001 meinsamkeit, in der Zartheit und Kraft ihrer
572 2993 1435 3037 Wirkungen, im Geistigen und Atmosphäri¬
570 3031 1442 3081 schen ihres Spiels ein ideales Instrument
570 3079 1439 3129 darstellten, auf dem Meisterregisseure virtuos
570 3121 1439 3168 spielen konnten. Man erinnert sich der herr¬
561 3166 1435 3218 lichen Reihe ragender Schauspieler, die im
561 3208 1433 3254 Ensemble Otto Brahms versammelt, H. upt¬
561 3252 1435 3301 mann, Ibsen, Schnitzler, Tolstoi mit Voll¬
564 3293 1430 3344 endung spieltenen Rudolf Ritter, Else
564 3333 1425 3391 Lehmann, neben Oskar Sauer, Albert Basser¬
561 3385 1433 3442 mann, jeder einzelne eine Persönlichkeit, ein
561 3427 1433 3470 schauspielerisches Phänomen besonderer Art.
561 3470 1429 3523 Das Ganze ergab die Leuchtkraft einer
561 3513 1429 3565 Schauspielertruppe, die es heute nicht mehr
567 3563 1427 3610 geben kann, weil die technischen Erfindun¬
570 3598 1432 3654 gen, weil Tonfilm und Radio die Einheit
567 3644 1433 3696 solcher Künstlerschaft zertrümmert hätten,
572 3687 1433 3743 gäbe es heute noch die Möglichkeit so vieler
564 3730 1430 3784 glanzvoller Namen in einem Theater. Der
570 3774 1429 3827 Ensemblegedanke hat also im Laufe der
564 3816 1427 3866 Jahre viel verloren. Die Suggestion des En¬
570 3858 1432 3913 sembles ist nicht mehr die gleiche und selbst
572 3901 1428 3954 Reinhardt, dem Schauspieler-Rattenfänger,
567 3938 1453 4006 ist es trotz glänzender Schauspieler nicht
