3392 4352
1331 222 1757 333 box 447
268 229 1149 344 13. Miscellaneous
512 673 1288 791 „OBSERVER
590 769 1260 830 I. österr. behördl. konzessioniertes
558 809 1281 884 Unternehmen für Zeitungs-Ausschnitte
623 870 1210 945 WIEN, I., WOLLEILE 11
698 934 1145 988 TELEPHON R-23-0-43
501 1031 848 1134 Ausschnitt aus
712 1109 1313 1235 .
494 1260 637 1360 vom
798 1296 1210 1435 6 UN 1934
1707 1517 3368 1593 alten Krachern von Hofschauspielern, die sich gern vor mann und Bernhard
2913 1575 3339 1643 dankbar abhorchte,
1707 1578 2884 1646 dem Souffleurkasten aufpflanzten, in neunzehnjährigen
820 1521 1353 1700 Feuilleton
2913 1621 3375 1693 Natürlichkeit. Die N.
1725 1628 2884 1696 Frische und pausbäckiger Unverbrauchtheit zu er¬
1707 1671 3375 1743 scheinen, ein köstliches Gefühl. Thimig wurde aber der glaubt, sie spiele sich
841 1686 1356 1797 Hugo Thimig.
2913 1721 3378 1782 vier Vierteln Ang
1707 1725 2888 1793 verklärte Kasperle des Burgtheaters und sehr rasch
2913 1771 3378 1839 Technik, denn der Sch
1707 1764 2884 1850 eine Unersetzlichkeit, weil es Handschuhmachersöhn¬
762 1793 1406 1879 Zum achtzigsten Geburtstag.
1714 1814 3282 1922 gibt, die geborne Schauspieler, und Schauspielersöhne, Geschöpf, besteht
2913 1868 3275 1940 junger Künstler
1711 1879 2366 1972 die geborne Schuster sind....
948 1872 1249 1965 Kasperle.
2917 1918 3278 1986 „Schauspielerei"
2133 1933 2469 2033 Endymion.
598 1925 1686 2015 Als ihn seine Eltern einmal in ein Marionetten¬
2913 1968 3360 2026 bardus spielen und
505 1986 1682 2069 theater mitnahmen, stellte sich der kleine Hugo während
2917 2011 3364 2076 langen Bart tragen.
1793 2001 2892 2076 Obwohl ein „Neuer“ unter der alten Garde mit
501 2051 3378 2126 der Vorstellung auf die Bank und begann mit dem Eiskellerkälte behandelt zu werden pflegte, denn Ein= rasiert, deklamiert de
494 2104 1689 2172 Kasperle zu debattieren. Der oben merkte bald, daß
1714 2126 3382 2187 tritt ins Burgtheater war mehr als Eintritt in einen täuschte Dichter Lau¬
501 2154 1678 2215 unten auch einer stehe, und so entwickelte sich ein Steg
1707 2162 3378 2244 Orden, setzt sich Hugo Thimig doch rasch in Beliebtheit. Bart? —, er läßt si¬
501 2205 1682 2258 reifdialog zwischen oben und unten, bis die beiden
1804 2208 2892 2273 Seine Naturburschen, seine Dümmlinge, die es
2920 2212 3360 2294 jeder angehende Se.
505 2251 1686 2308 Eltern rot bis unter die Kopfhaut wurden und nicht
1711 2247 3375 2348 faustdick hinter den Ohren hatten, seine pfiffigen ausrupfe, daß kein
501 2305 1682 2355 wußten, wohin mit der Verlegenheit. Das war die
2917 2312 3378 2376 „Langobarde“ — die
1714 2308 2881 2369 Tröpfe, seine shakespearischen Hirten, Diener, Schäfer
508 2355 1689 2412 Geburtsstunde des Schauspielers Hugo Thimig. Er
1721 2358 3375 2426 seine bürgerlichen Schüchterlinge erweckten Heiterkeit und Laube, der au
501 2394 1678 2459 hatte einen bürgerlichen Handschuhmacher zum Vater
1711 2405 2888 2466 oder Mitgefühl, und alles kam aus dem Innern eine
2913 2412 3375 2487 Meister kann auch v.
501 2451 1682 2505 der selbst schon Vereinsgröße war und seinem
1711 2451 2888 2516 Menschen von junger Froheit, verläßlicher Freude
2999 2462 3378 2544 Ueberhaupt muß
501 2502 1678 2552 Podiumsglück seine Gattin, eine Seitenverwandte des
1707 2505 2884 2566 kraft und fleckenreiner Seele, kurz aus einer Endymion
2913 2534 3378 2584 zu können, die Figur
501 2552 1678 2609 großen Dresdner Musiktheoretikers Moritz Haupt¬
1707 2559 2895 2612 natur. Das entschied. Dem jungen Künstler hatte Zeus
2913 2584 3378 2648 dem inneren Auge,
501 2587 1678 2648 mann, verdankte. Als nun August Thimig eines Tages
1707 2605 2884 2659 die Gabe ewigen Jungseins verliehen. Nur wa
497 2641 1675 2698 hört, daß sein guter Sohn Hugo weder zum Material
1711 2627 3371 2706 Thimig kein Schläfer, sondern ein Erweckter, ein geschaute Gestalten
2910 2677 3375 2748 die Gebärde der Fi¬
501 2698 1678 2752 warenhändler, noch zum Kommerzialrat und künftigen
1707 2691 2892 2763 Morgengeschöpf und Gramwolkenverscheucher, lebendig
2913 2723 3375 2806 Gebärde dann die sti
494 2745 1678 2802 Handelsminister Lust habe, sondern unter „Theater¬
1707 2745 2884 2806 munter, queck. Er bleibt am Burgtheater, er bleibt nich
2995 2774 3378 2852 „Rosenkranz.
494 2791 1675 2849 velkchn“ wolle, war er völlig ahnungslos und voll¬
1707 2791 2902 2852 weniger als neunundvierzig Jahre, vom neunzehnten
1707 2820 3353 2927 bis zum achtundfünfzigsten Lebensjahr, er wird dessen Schmählich erschien
501 2838 1678 2895 kommen im Bilde. Nu äbn, da ließ sich nicht machen
494 2892 1675 2938 Hugo pilgert denn zu Ferdinand Dessoir; und Ferdinand
1707 2874 3300 2949 Regisseur, er wird dessen Direktor, und er durchläuft ist Schmählich,
505 2938 1682 2992 Dessoir, des großen Ludewig Sohn, erklärt nach zwölf
1707 2931 3382 2995 alle Chargengrade, die diese Kulturstätte zu vergeben vielmehr ein unverge
2913 2974 3375 3042 unnachahmlichen Ka¬
501 2985 1678 3035 Stunden: „Ich habe dir gezeigt, was du nicht machen
1707 2992 2892 3046 hatte, vom Novizen bis zum Leiter, um dann als
2913 3024 3378 3088 kommen instrument
501 3035 1678 3096 sollst; was du machen sollst, wird die der liebe Got¬
1700 3042 2895 3103 deutscher Mann, echt goethisch, noch einmal von vorn
2913 3071 3378 3128 Thimig auf die Ges¬
487 3088 726 3164 zeigen.
1711 3092 2892 3149 zu beginnen: als Meister Lehrling zu werden, bei Rein¬
1711 3128 3382 3189 hardt in Freiheit, bei Reinhardt mit seiner Familie zu sogar den großen Ad
587 3099 1678 3192 Außer dieser Lehre gibt er ihm ein paar Ritter¬
1711 3171 3353 3242 spielen und heute mit achtzig Jahren auf dem Rücken nicht tadeln ließ,
501 3167 1686 3246 stiefel, ein violettes Trikot und eine Pleureuse und
2913 3221 3350 3289 Henschel auf der
501 3232 2888 3328 schickt ihn zu Schimangen, das ist Direktor Schimang, derselbe zu sein, der er vor sechzig war. Ein wunder¬
2906 3275 3378 3339 nahm das Branntwe
494 3282 2219 3364 der der Max Reinhardt von Sachsen war, soweit es bares Los: Endymion.
2920 3310 3382 3378 Finger, Hoftheaterm
501 3335 1682 3393 zwischen Bautzen, Zittau, Kamenz und Freiberg liegt
2040 3332 2573 3439 Gesehene Rollen.
2913 3364 3357 3428 schlesische Fuhrmann
501 3382 1682 3443 Von dort kommt Hugo Thimig nach Breslau, und von
2913 3411 3375 3493 Realismus fehlte die
1793 3396 2888 3493 Aber auch für einen gebornen Meister ist des
501 3432 1686 3518 Breslau umweglos nach Wien, von Schimang also
3003 3464 3378 3550 Thimigs eigene
505 3453 2892 3543 stracks zu Dingelstedt, vom Lobe ans Burgtheater. Lernens kein Ende, und so lernte Hugo Thimig von
2913 3504 3375 3611 Sittig, sein Biblioth
497 3521 2892 3607 Es muß ein köstliches Gefühl gewesen sein, unter den seinen großen Kollegen, namentlich von Helene Hart¬
