3344 4352
1283 234 1725 342 box 44/8
245 249 1104 342 13. Miscellaneous
580 967 1394 1071 „OBSERVER
665 1059 1349 1112 1. österr. behördl. konzessioniertes
636 1097 1375 1178 Unternehmen für Zeitungs-Ausschnitte
706 1156 1305 1245 WIEN, I., WOLLEILE 11
781 1219 1245 1279 TELEPHON R-23-0-43
576 1331 929 1442 Ausschnitt aus
572 1565 721 1654 vom
881 1599 1335 1747 1935
2773 1673 3331 1762 ihnen wohnte ein funger,
1546 1677 2751 1762 Währinger Grund, und die Siedlung schob sich immer
1554 1758 3335 1825 weiter ins Wein= und Ackergelände vor. Bei der Feld= ebenfalls bald von Erfol¬
1554 1803 3327 1866 gasse, die heute Gymnasiumstraße heißt, fing es an. Da Thimig. Als er heiratet
651 1729 1227 1900 Feuilleton
1554 1848 3335 1915 wuchsen sie wie Pilze aus der Erde, diese Villen, deren kurze Zeit, doch kehrte er
2766 1896 3331 1963 die liebgewordene Gege
1554 1900 2744 1963 Stil zwischen Schweizerhäuschen und falscher Goti¬
784 1892 1115 2004 Cottage.
1558 1952 3327 2019 und Renaissance schwankte (begann doch damals eigenes Haus mit einem
565 1970 1305 2059 Von Anna Katharina Rehmann.
2777 1996 3294 2082 heute noch selbst pflegt.
1550 2000 2751 2059 Makarts Stern zu strahlen), mit Erkern, Türmchen und
2773 2045 3323 2115 jungen Jahren die fr
431 2007 2747 2119 Das war an einem schönen Frühlingstag, zu Balkons geschmückt, gegen Süden und Osten ab¬
1565 2093 2740 2167 geschlossen. Denn es war die Zeit der Schleier und
2777 2093 3323 2156 geübt, sein Leben zwisch
331 2100 1535 2171 Anfang der siebziger Jahre, als sich der Architekt Ferstel
1561 2141 3312 2208 Sonnenschirme, der Butzenscheiben und Garten dankbaren Beschäftigung
335 2156 1539 2212 entschloß, einen Ausflug ins Grüne zu machen. Ueber
1565 2193 3327 2260 häuschen —, die Zeit der Sonnenangst. Und in diese künstlerischen Arbeit zu
331 2197 1535 2271 die Währinger Hauptstraße und die Feldgasse wanderte
1561 2249 3327 2312 etwas zu feierlichen Häuser mit den etwas zu schattigen Haus gewissermaßen ein
335 2253 1539 2312 er, an alten Heurigenschenken und jungen Gärten
2770 2286 3323 2361 wachsen ist, braucht nich
327 2294 2744 2364 vorbei, bis hinüber zum Döblinger Spitz, und dann Gärten zogen alsbald die Mitglieder des neuen Cottage¬
1558 2338 3290 2398 vereines. Zunächst Menschen, die nicht mehr im Beruf Auch eine Tochter des
327 2342 1532 2409 weiter, gegen Westen, ins freie Land hinaus. Felder
2770 2387 3297 2454 Cottage treu geblieben.
1565 2379 2751 2446 standen — denn wer konnte täglich den weiten Weg in
327 2398 1539 2457 Weinberge, Weinberge, Felder, dazwischen ein paar
1565 2428 3331 2494 die Stadt zurücklegen? Also Rentner — und es gab Industriellen Max v. G
327 2439 1524 2506 Wiesenstücke, auf denen Ziegen weiden, und gelbe Sand
2770 2483 3331 2543 aneinanderstießen, zu sei¬
1561 2483 2747 2539 damals noch Rentner —, pensionierte Offiziere und
335 2487 1539 2558 gruben, deren seltsame Formationen sich vergebens be¬
2766 2532 3301 2595 zum Mittelpunkt eines
327 2532 2740 2595 mühen, der lieblichen Gegend etwas Wildes zu Beamte, die relativ leicht zu einem eigenen Haus und
2773 2584 3327 2651 machte. — Dem Beispiel
1565 2573 2744 2639 Grund gelangten. Sie entrichteten anstatt der Miet¬
331 2580 1535 2654 verleihen. Freilich, dort im Norden, die Türkenschanze
2773 2628 3327 2688 v. Sonnenthal. Er üb¬
335 2628 2747 2695 mit den Pulvermagazinen, sieht recht wehrhaft aus. Zur eine regelmäßige Abzahlung an den Verein, und nach
2777 2677 3331 2744 schauspielerin Straßmann
1554 2677 2747 2736 einer gewissen Reihe von Jahren war der Besitz ih¬
331 2688 1532 2751 Zeit der Truppenübungen ist der alte Kampfplatz
2777 2725 3323 2781 seine Nachbarn sahen
1565 2725 2744 2784 Eigentum. Sie konnten in guter Luft und ländlichen
342 2729 1532 2792 erfüllt von Kommandorufen, vom Gerassel und Ge¬
1554 2773 3323 2833 Ruhe einem friedlichen Lebensabend entgegengehen und Hofequipagen bei ihm v.
331 2773 1535 2840 trappel, und die Soldaten bringen mit ihrer Ein¬
2770 2822 3331 2900 und Erzherzoge scheuten¬
1565 2825 2744 2881 sich außerdem noch daran freuen, daß hier draußen alles
338 2814 1543 2888 quartierung ein lautes, lustiges Leben in die
2770 2874 3327 2941 ort nicht, um den bew¬
1561 2870 2747 2933 so viel billiger war als diesseits des Linienwalles, der
331 2862 1528 2937 verträumten Gassen von Währing und Weinhaus. be¬
2781 2918 3323 2996 freundschaftlich verbund
1565 2922 2751 2978 Wiens neun Bezirke einschloß und an dessen Schranken
338 2915 1543 2985 heute herrscht Ruhe und Gottesfriede. Herr Ferstel hat
2781 2970 3323 3033 suchen. Als nächster zog
1561 2970 2751 3045 die nicht unbeträchtliche Lebensmittelsteuer eingehoben
331 2967 1535 3037 die Schanze erstiegen, blickt hinüber zu den zauberhaft
2766 3015 3327 3097 den heute noch die Ged
338 3019 1714 3115 weichen Linien des Wiener Waldes, atmet die reine, süße wurde.
2766 3063 3323 3130 innert, dass von seiner
331 3063 1539 3138 Luft und wendet den Blick dann dorthin, wo hinter
1654 3045 2747 3138 Außer den Rentnern und Pensionisten gab es
2762 3119 3323 3186 bekannten Professor Ant¬
335 3108 1532 3182 grün schimmernden Bodenwellen, von grauem Dunst
1558 3123 2654 3186 noch eine andre Art von Pionieren des Cottage,
2833 3167 3323 3242 Babette Reinholdt ha
342 3156 1528 3223 bedeckt, die Großstadt lauert. Ihre fernen Geräusch,
1561 3160 2747 3231 von der Sehnsucht nach Ruhe und Natur aus der
989 3204 1543 3275 saugendes Summen an
2773 3208 3327 3286 Karl Ludwig=Straße (je
342 3216 944 3275 dringen wie ein gieriges,
1565 3216 2744 3283 Großstadt getrieben wurden. Es waren die Künstler
342 3257 1535 3323 Ferstels Ohr — der Baumeister vernimmt und versteht
1554 3260 3323 3331 und unter ihnen vor allem die Schauspieler des nach ihrer Verheiratung
335 3301 1528 3375 den Ruf seiner Stadt: eine Erkenntnis, ein Entschluß
2766 3312 3323 3372 um eine Villa in der Ha¬
1554 3312 2740 3383 k. k. Burgtheaters. Dieses Institut konnte sich damals
342 3353 1532 3450 erwacht in ihm, als er den Weg zurückeilt, und form
1554 3361 3323 3431 noch die Großzügigkeit leisten, seine Mitglieder mit gefähr um dieselbe Zei
342 3402 1033 3513 sich bald zu realster Wirklichkeit.
1558 3405 3320 3483 Fiakern abholen und heimbringen zu lassen, so daß die pädagog Leschetizky sein
2766 3457 3286 3509 Straße auf. Er war
1558 3465 2736 3524 Entfernung von ihrer Arbeitsstätte bei diesen Schau
2777 3506 3323 3565 Pianistin Essipoff verhei¬
1565 3509 2740 3584 spielern keine Rolle spielte. Unter den ersten, die heraus
431 3487 1535 3595 Kurz darauf wurde auf Ferstels Anregung der
2770 3554 3323 3632 eine große internationale
338 3561 2747 3643 Cottageverein gegründet. Und noch ehe der Bau der zogen, war das Ehepaar Ernst und Helene Hartmann,
338 3602 3331 3695 Votivkirche, Ferstels größtes Werk, vollendet war, das hier in einer selbst erbauten Villa ein arbeits seine Schüler wurden
349 3651 3323 3807 standen schon etliche Landhäuser und Villen auf dem reiches und von Erfolg gekröntes Leben führte. Bei Weg zum Weltruhm an
