3344 4352
1315 220 1734 329 box 447
256 223 1128 335 13. Miscellaneous
443 1140 2862 1237 im „Veilchenfresser, der Camouflet in der „Tasse tragen und dafür ein vorstellungsfähiger Frack ein¬
3179 1149 3318 1237 Die
443 1203 2853 1264 Tee", aber auch ernste Rollen, wie der Dienstmann getauscht. Später, schon in Wien, spielt er den
2968 1203 3327 1297 Thimig spricht
443 1249 1641 1312 Löffler im „Kollegen Crampton“, der Etchépare in der
1668 1255 2847 1312 Schummrich in einer, wie man theaterhaft sagt, stink¬
2881 1276 3330 1360 aber er ist längst W
446 1303 2826 1363 „Roten Robe“, alle waren jene Benachteiligten des vornehmen Garderobe. „Wo lassen Sie denn arbeiten?
2874 1330 3273 1397 kommt's nicht an,
1668 1348 2856 1406 forscht Dingelstedt. — „Bei Ebenstein!" erwidert
443 1345 1647 1412 Lebens, die das Publikum so gern sieht, weil es sich
2878 1375 3327 1448 nach Wien kam, führ
1662 1406 2850 1457 zurückgeworfenen Hauptes der Mime. — „Und ist
440 1394 1638 1457 in ihnen wiedersieht. Jeder stand einmal in einem ein¬
2878 1424 3327 1496 „Fledermaus" auf, fi
449 1448 2832 1514 schüchternd schönen Zimmer vor weiß Gott wie ein der Anzug auch bezahlt?" — „Er wird's, er wird's!
2881 1478 3333 1541 ihre Sprachenstreite
1752 1493 2850 1565 „Gewiß, er wird's," beschließt der Direktor das
449 1496 1641 1559 schüchternden Menschen und konnte nicht mehr hinaus.
2881 1520 3330 1596 vor, denn es gab no
1662 1541 2850 1611 Interview, „aber nicht von Ihnen, sondern von der
443 1547 1638 1611 Jeder ist einmal über seine eigenen Unzulänglichkeiten
2881 1574 3318 1647 im Reich begannen
1665 1599 2853 1656 Hoftheaterkasse..." Es waren märchenhafte Zeiten,
449 1596 1638 1659 gestolpert und sieht sich nun da oben wiederholt, in
2881 1626 3330 1692 kamen auch nach Wi¬
452 1644 2229 1725 seiner Treuherzigkeit verraten und dem allgemeinen unvorstellbar märchenhaft
2277 1647 2850 1725 Theaterjahre, denen noch
2878 1674 3330 1734 denn hier blühte M
446 1698 1641 1755 Mitleid ausgesetzt. Es ist zum Lachen, manchmal auch
1804 1698 2157 1768 Wortbildungen
2229 1683 2847 1758 Abbau, Sparmaßnahmen
2881 1728 3330 1795 Wiens in farbenreic
446 1749 1635 1825 zum Heulen schön, und die Aesthetik nennt es: den
1662 1749 2850 1807 Kürzungen nicht geläufig waren, in denen Schulden
2878 1777 3327 1843 der Kunst. Noch gib
1662 1801 2850 1873 eine fröhliche Angelegenheit und Sorgen himmelblau
446 1801 820 1876 Identitätsrausch.
2881 1819 3333 1894 die alten Linienwall
1653 1840 2280 1930 zerflatternde Wolken waren.
543 1846 1632 1924 Gern spielte Thimig damals den Chlestakow in
3098 1876 3336 1939 wo Thimi
2881 1870 3061 1933 gründet,
443 1909 1641 1982 Gogols „Revisor", er spielte ihn so natürlich, daß der
2878 1918 3330 2000 Das Burgtheater ist
1752 1900 2850 1985 Aus dieser Zeit lächelte Hugo Thimig stilvoll
3252 1973 3342 2039 M.
446 1976 2847 2033 russische Schriftsteller Boborkin auf ihn zustürzte und heraus. Er war einer Gesellschaft zugeboren, deren oft
2878 1970 3043 2033 theater,
3083 1976 3224 2042 dessen
446 2015 1635 2069 ihn fragte, wie lange er in Rußland gelebt habe.
2874 2021 3068 2084 während
3107 2021 3239 2087 später
1659 2027 2847 2078 unterschätzte Harmlosigkeit ihren Grund in einer heute
443 2066 1632 2123 Thimig aber hatte gar nicht in Rußland, er hatte bloß
2878 2072 3330 2148 hardt=Bühnen werde
1659 2072 2850 2132 sehr geschätzten Sicherheit fand. Und diese Gesellschaft
446 2120 1638 2178 in der Anschauung der Figur gelebt, und daraus wurde
2878 2117 3306 2184 Wilbrandt, Förster,
1662 2126 2850 2184 der sicheren Existenz sah im hurlebuschnen Komiker, im
446 2160 1635 2226 er der hochstaplerisch=flunkernde, echt russische Mensch
2884 2172 3312 2235 Haus wird eröffnet
1656 2172 2847 2229 hurtigen Jongleur das Gegenbild zu ihrer eigenen
437 2217 1629 2286 Chlestakows. Man kann sagen: es war Intuition, oder
2878 2214 3089 2280 Direktors
3119 2223 3333 2283 als Doye
1659 2223 2841 2286 Festigkeit. Wenn er ihr dann sein Erlebnis vom kurzer
440 2265 1191 2344 der liebe Gott hat es ihm gezeigt.
2871 2256 3122 2329 neue Kunst
3149 2268 3306 2332 kommt
1662 2277 2850 2329 sächsischen Registrator vortrug, der für seine lange
2881 2301 3333 2380 dinavier, Ibsen, St.
1662 2326 2850 2380 Frau einen langen Sarg bauen ließ, jedoch selbst
694 2335 1375 2434 Graziosos Abenteuer.
1656 2365 3330 2431 früher „abkratzte", worauf die Frau den jahrelang mit Naturalisten erschein¬
2878 2416 3261 2479 ihm bleibt der
1662 2428 2844 2479 geschleppten langen Sarg aus Ersparungsgründen ein¬
534 2410 1635 2482 Hugo Thimig ist ein geborner Grazioso, und er
2881 2455 3333 2537 Stunde in Wien. Er
1668 2473 2850 2534 fach abschneiden ließ, so konnten diese Zeitgenossen
431 2449 1635 2534 besitzt die seltenste aller deutschen Eigenschaften,
2868 2513 3333 2585 gelegt, eine der größ
1659 2522 2811 2600 selbst über Sarg und Tod und Bahre Tränen lachen.
440 2525 1632 2582 graziös zu ein: Seine Figuren, ob Zettel, Dromio,
2878 2564 3016 2624 schenkt
3110 2564 3327 2624 er aber
440 2573 1632 2624 Bleichwang, Holzapfel, Schmack, Bellmaus, Lanzelot
1752 2585 2850 2651 Hugo Thimig hat mit seinem Sohn Hermann zu¬
2878 2615 3333 2672 kuriosestes Kuriosum
437 2621 1641 2675 Gobbo, Busch (in den „Pagenstreichen"), sind alle mit
1659 2651 2847 2709 sammen in der Guitryschen Komödie „Mein Vater hat
2871 2666 3327 2736 man den Zwanzig
440 2672 1632 2736 Lustspielanmut gesegnet. Und wie es schon kommt, wie
1656 2700 2844 2754 recht gehabt" gespielt, und einmal haben alle vier
2878 2706 3089 2781 redivivus.
437 2724 1632 2775 es die höhere Regiekunst des Schicksals einrichtet, er¬
1662 2742 2850 2796 Thimigs zugleich in der Josefstadt, in der Friedellschen
2962 2742 3330 2826 Er hat einmal
437 2769 1632 2826 lebt der Grazioso auch meistens graziöse Dinge. Sein
1662 2796 2850 2847 Bearbeitung von „Alles oder Nichts gespielt. Zwei
2871 2787 3336 2884 von Philippi, „Das¬
440 2823 1638 2881 Leben ist von Anekdoten umflattert, und wie der große
1662 2844 2844 2899 Generationen spielten Theater, Grazioso sen, samt
2881 2856 3330 2914 figur gespielt, den
437 2874 1632 2929 Alexander Girardi mitten in der Nacht aufwachen und
1662 2893 2844 2950 Tochter und Söhnen, und Julius Bab vermerkt es
2871 2908 3330 2983 schweigend zuzuhörer
446 2920 1635 2983 sagen konnte: „Mir hat eben was furchtbar Lustiges
1650 2935 2847 3010 als Ereignis in seinen Porträts moderner Schauspieler.
2881 2959 3330 3025 Sartorius auszufüh¬
443 2971 1623 3034 träumt...", so spielte sich Thimigs Leben in Lustig
2874 3001 3327 3068 interessierte nun di
1752 3001 2850 3080 Gehört nun Thimigs Kunst einer alten oder neuen
437 3025 1635 3089 keiten hinein. Dingelstedt will ihn in Breslau sehen.
2874 3046 3288 3119 hörenkönnen, sein
1653 3065 2841 3134 Schauspielergeneration an oder ist sie zeitlos, hat der
440 3077 1620 3134 Der Theaterdiener kommt: Dingelstedt wartet, Herr
2865 3104 3330 3161 mehr als die vortrei
1662 3122 2841 3176 Hans Narr auf der Mysterienbühne, hat der Mime auf
437 3125 1614 3182 Thimig solle sich schleunigst vorstellen. Aber Her
2874 3152 3327 3218 Thimig heute: er ste
440 3170 2823 3239 Thimig hat keinen Frack, er wohnt zu zweien mit der Aristophanes=Bühne ebenso gespielt — wie immer
2865 3206 3330 3270 akteure reden, befehl
1659 3221 2835 3282 jedenfalls hat Thimig zeitlebens fürs Licht geschaffen
434 3218 1638 3282 einem Kollegen, der zwar viel Talent, aber auch keinen
2871 3249 3321 3333 interessiert in seiner
1671 3273 2847 3348 sein Name ist ein fröhlicher Akkord und weckt in jedem
440 3273 1635 3336 Frack hat. Was tun? Also wird der rote Zwischen¬
434 3318 2603 3423 vorhang der gemeinsamen Bude ins Leibhaus ge- seiner Zuhörer ein Lächeln der Beglückung.
