3344 4352
1213 207 1642 320 box 447
154 234 1024 328 13. Miscellaneous
331 1081 1126 1296 OBSERVER
414 1284 1077 1333 I. österr., behördl. konzessioniertes
395 1326 1111 1401 Unternehmen für Zeitungs-Ausschnitte
452 1378 1039 1454 WIEN, I., WOLLEILE 11
531 1446 979 1499 TELEPHON R-23-0-43
328 1567 701 1653 Ausschnitt aus:
471 1619 1088 1797 seine
335 1778 960 1906 vom 7 SEP. 1934
1198 1913 3088 1970 ein paar steingebaute Wohnstätten dicht um den gen beiderseits an der Längswand des Kirchen¬
3118 1909 3265 1977 Ein an
399 1936 1024 2022 Brief aus Steiermark
2158 1966 3269 2007 schiffes schen sich ausgezeichnet. Vor jedem von wie ein
1198 1966 2135 2007 stämmigen Kirchturm zusammen, der sie be¬
2162 1992 3262 2045 ihnen brennt eine überlange Wachskerze, wogegen litterari
1190 1992 2132 2049 schützend überragt wie der wachsame Hirte die
411 2007 1032 2083 Von Raoul Auernheimer
1198 2034 3265 2087 Herde. Dort ist das eigentliche Dorf, und dort ist die vorm Altar erst etwas später von rotbäckigen Hofman
1198 2075 3096 2124 es auch schon seit dem 15. Jahrhundert. Die Ministranten mit weißen Spitzenkragen sachkundig
3115 2079 3265 2124 Wasser.
305 2079 1175 2158 Lieber Freund, vor allem: was ich Dir hier
1201 2109 3243 2162 Kirche in ihrer jetzigen Form ist kaum viel entzündet werden. Einstweilen spricht noch der Arthur
245 2143 1171 2192 schreibe, hat nichts zu tun mit einer gewissen
2173 2151 3224 2211 junge Pfarrer oben auf der seitlich angebrachten
1209 2151 2132 2203 jünger. Die Uhr muß uralt sein, denn ihre Zeiger
249 2184 1179 2233 Fremdenverkehrspropaganda, die auf die Reize des
1201 2184 3081 2237 sind verkehrt dimensioniert, der Stundenzeiger ist Kanzel. Er spricht von der „Gottesverheerung
3115 2192 3265 2237 des ein
241 2218 1171 2271 „Vaterlandes mit einer Gründlichkeit und Ent¬
2158 2203 3265 2275 womit er die Gottesverehrung meint, und verlaut¬ aufrech
1198 2226 2135 2275 lang, der Minutenzeiger kurz, was das Entziffern
241 2252 1179 2309 schlossenheit aufmerksam macht, als ließe sich,
2158 2264 3085 2309 bart auch die Begünstigungen, die die Bundes
1201 2271 2139 2312 der Zeit für den nicht Eingeweihten zu einer kost¬
3115 2271 3254 2316 dierten
245 2297 1171 2343 was in Jahrhunderten versäumt wurde, in einem
2158 2301 3088 2350 bahnen anläßlich des Katholikentages gewähren
1198 2301 2135 2350 lichen Schwierigkeit macht. Aber der Schaden,
3118 2309 3265 2350 Hebbel¬
245 2335 1171 2384 einzigen Sommer nachholen. Wenn man dieser
2162 2339 3085 2384 Unter der Woche kann man dem braven Gottes
1198 2343 2139 2388 der daraus entstehen könnte, ist gering, da die
3115 2346 3273 2395 spondien
237 2373 1175 2429 gutgemeinten, wiesengrünen Reden traute, gäbe
2166 2373 3258 2429 mann auch beim Heuen zusehen. Im schwarzen sischen
1201 2377 2139 2425 hoch angebrachte Uhr meist nicht geht. Hingegen
245 2414 2132 2459 es Berge, Wälder, Gletscher, Matten und malerisch klingen die Glocken sehr melodisch, in verschie¬
2158 2414 3269 2467 Predigerrock, dessen Schöße im Sommerwind weit fried K
241 2452 1171 2493 gelegene Alpenhotels nur in Oesterreich. Aber
1198 2452 2135 2501 denen Tonstufen; sie sind die Stimme des Dorfes,
2158 2448 3265 2501 auseinanderflattern, schwingt er die Heugabel und als
249 2478 1168 2531 wer, der die Schweiz kennt, wüßte nicht, daß es
2162 2493 3269 2538 türmt das mühsam getrocknete Gras in mächtigen schwarz
1198 2489 2135 2538 mit der es in Freud und Leid seine Bewohner
249 2520 1171 2565 derlei, und in noch höherem Maße, auch ander¬
2158 2527 3254 2587 Schwungen um den in den Wiesengrund geramm¬ Dichter
1198 2531 2135 2576 anredet. Vor ein paar Jahren wurde für eine neue
249 2561 1171 2602 wärts gibt? O morgenfrisches Lauterbrunnental
1198 2561 3269 2618 Glocke unter den Sommergästen gesammelt. Eine ten Pfahl, wo es die ihm behilfliche Magd mit ein ihnen w
252 2599 1179 2644 o nächtliches Luzerner Seeufer, o himmlisches
2166 2606 3273 2655 paar liebevollen Umarmungen zu einem wolken¬ der eine
1201 2602 2139 2651 aufgeklärte alte Dame fügte ihrer Spende den
241 2629 1179 2678 Rosenleu, o Riffelalp, o Gornergrat, o Genfersee
1209 2636 3088 2689 Wunsch bei, man möge lieber die Uhr, die nie artigen Gebilde zusammendrückt. Später legt er
3115 2648 3269 2704 Ort ges
249 2670 1171 2734 in Abendfarben! Was es anderwärts nicht gibt
2162 2682 3092 2727 warm geworden, den Rock ab und arbeitet in der
1205 2674 2143 2734 ginge, wieder instandsetzen. Man kehrte sich nicht
3118 2685 3269 2734 Vers be¬
249 2704 1171 2761 das ist die österreichische Sommerfrische. Bei ihr
1198 2715 1891 2764 daran und kaufte eine neue Glocke
2166 2712 3273 2768 Weste und Hemdärmeln rüstig weiter. Ich gehe, vom Fre
249 2749 968 2806 laß mich einen Augenblick verweilen
2162 2757 3269 2810 aus meinem Haus tretend, an ihm vorüber, und da Bild von
1250 2731 2135 2802 Sonntags ruft sie mit geläuterter Stimme die
305 2779 2132 2840 Die Sommerfrische, wie wir sie verstehen, ist Gläubigen von allen Seiten, weit über See und
2162 2795 3273 2851 er freundlich aufblickt, spinnt sich ein kleines Sonder
241 2798 1179 2870 keine Bodenform, sondern eine Lebensform. Ein
1205 2828 3092 2877 Anger, zum Gebet. Sie sammeln sich langsam, Gespräch an. „Herr Pfarrer geben Ihrer Gemeinde
3115 2840 3262 2892 hat, sei
245 2866 1179 2911 geruhsames Sommerfrischenideal voraussetzend,
2158 2870 3096 2915 ein gutes Beispiel.“ Worauf er, fast erschrocken
1201 2870 2139 2915 gleichsam nur tropfenweise, und während der Pre¬
3118 2877 3273 2926 Eine
249 2896 1175 2945 ist sie in dieser automobilhastigen Zeit ein Ueber¬
1198 2889 3085 2957 digt, die zu versäumen unter den Frommen für und indem er jede erzieherische Absicht ablehnt
3115 2911 3265 2968 Nichten
249 2941 1175 2983 bleibsel aus der Biedermeierzeit, aber ein erhal¬
2166 2949 3088 3005 plötzlich Hochdeutsch sprechend, mit christlichen
1205 2945 2124 2990 fein gilt, füllt sich das Gestühl mit einer gemisch
3115 2957 3265 3002 haus zu
252 2979 1175 3024 tungswürdiges. Regellos auseinandergestreut, in
1205 2987 2132 3032 ten Gesellschaft. Kopftuchweiber sitzen aufrecht
2158 2983 3269 3058 Bescheidenheit erwidert: „Die Arbeit macht mir und See
2166 3013 2380 3073 Vergnügen.
249 3021 2135 3066 ihrer örtlichen Lage scheinbar durch nichts be- die schwieligen Hände gefaltet, in den schmalen,
3115 3028 3262 3077 eine Ta¬
245 3051 1175 3103 stimmt als die Laune, liegen die auf einen Mieter
1201 3066 2139 3111 unwirtlichen Bänken: Sommergäste schieben sich
2211 3036 3088 3130 Etwas freundlich Vertracktes wie die verstellte
3115 3066 3269 3118 gleichba
249 3085 3262 3152 wartenden Holzhäuser — nur das Erdgeschoß ist unsicher ein, vorn nimmt der ortsansässige Adel Kirchenuhr haben auch die Namen der Orts¬ auffind¬
249 3118 1175 3179 meist aus Stein gebaut und verrät in seinen
1201 3137 3273 3186 fast vollzählig Platz. Vor Gott sind alle gleich, ansässigen. Jeder heißt ungefähr so, wie sein Unterbe¬
249 3164 1175 3213 Grundrissen das ehemalige Bauernhaus — in den
1201 3171 2132 3216 aber ein Unterschied muß sein, und darum ist das
2162 3179 3085 3231 Nachbar heißen müßte. Wir haben einen Bäcker
3111 3182 3269 3231 als uns
252 3201 2135 3254 Falten des vielfach gestuften Geländes, dessen Betpult der Adelsbank oben rot gepolstert. Ihr
2162 3216 3085 3265 Bretterebner, was kein übler Name für einen
3115 3216 3269 3273 wohnt,
249 3239 1179 3288 Täler und Talchen, mannigfach gekreuzt und
1201 3250 2120 3292 gegenüber, dicht beim Altar, grüßen ein paar Erb
2166 3254 3088 3307 Tischler wäre, einen Schuster Krug, wie der Wirt
3115 3258 3273 3311 in Puol
249 3280 1179 3326 überschnitten, kelchartig gegen den See zu ab¬
1205 3292 2132 3329 begräbnisse die noch lebenden Angehörigen der¬
2162 3295 3273 3344 sich nennen dürfte, und einen Wirt Denkscherz, in „Fisch
241 3322 3269 3424 fallen. Nur drunten an seinem Ufer drängen sich selben Familien. Auch die holzgeschnitzten Heili¬ wie ein hier weilender Schriftsteller heißen könnte, zudem
