3344 4256
1265 217 1679 321 box 447
207 214 1083 314 13. Miscellaneous
296 1341 1124 1482 OBSERVER
393 1445 1065 1510 1. österr. behördl. konzessioniertes
359 1489 1100 1582 Unternehmen für Zeitungs-Ausschnitte
431 1551 1020 1631 WIEN, I., WOLLEILE 1
514 1617 962 1675 TELEPHON R-23-0-43
307 1727 665 1844 Ausschnitt, aus
555 1775 1055 1900 Prager Presse, Prag
507 1900 779 2024 27.
324 1975 441 2037 vom
1251 2072 3086 2134 tron, VI. Drnak mit dem Van Gogh-Ro- Männern der Literatur und Kunst genannt
334 2079 762 2155 FEUILLETON
2182 2124 3092 2168 von dem bedeutenden katholischen Theologen
1248 2120 2158 2172 man „Hlavou proti zd, Franz Werfel mit
1258 2162 3089 2220 der tschechischen Ausgabe seiner „Vierzig Dr. S. M. Braito, vom Armeegeneral Podháj¬
2182 2210 3086 2286 ský, vom Divisionsgeneral Votruba, von ho¬
1258 2206 2151 2268 Tage des Musa Dagh", VI. Vancura mi
348 2189 1207 2306 Das interessanteste Buch 1934
1255 2248 2803 2313 dem Roman „Konec starých času, der Histo- en Verwaltungsbeamten usw.
614 2272 955 2351 Von Paul Eisner
2224 2275 3089 2351 Die neben Werfel vorkommenden deutschen
1258 2293 2158 2358 riker Prof. J. Pekar mit seinem Wallen
369 2317 3092 2396 Die „Lidové Noviny“ vom 25. Novem- stein-Buch, neuerlich K. Capek mit dem Namen sind Feuchtwanger, Wasser¬
328 2382 3099 2441 ber veröffentlichen die Ergebnisse ihrer heu¬ Roman „Obyčejný život und gleichrangig mann, Th. Mann, J. Roth, H. Fallada,
1265 2430 3096 2486 der Stimmzahl nach der Publizist F. Pe- O. Wöhrle, B. Brecht, A. Schweit¬
321 2437 1238 2482 rigen Umfrage. Auch diesmal wurden ein paar
334 2472 3089 2530 hundert öffentlich Wirkende befragt (Poli-routka mit seiner politischen Geschichte zer, E. Kästner, A. Schnitzler, G.
1269 2520 3092 2572 der Tschechoslovakei „Budováni statu", J. Keller, A. Scholtis (das starke Buch
334 2520 1234 2575 tik, Verwaltung, Wissenschaft, Heer, Kuns
1265 2565 3092 2617 Hora mit dem lyrischen Band „Dve minut polnischen Fronvolks „Baba und ihre Kin¬
328 2568 1238 2627 aller Zweige, Wirtschaft); es versteht sich
2186 2599 3099 2661 der"), B. Brehm, O. Flake, L. Lewi¬
334 2606 2162 2661 daß eine andere kulturelle Schichtung der ticha", Pearl Buck mit dem Buch „Das gute
1265 2644 3092 2703 Land", der Surrealist V. Nezval mit der sohn, W. Hegemann und ein paar an-
334 2658 1238 2713 Befragten wesentlich andere Abstimmungs
2182 2689 3096 2741 dere; von Autoren böhmischer Abkunft mit
1269 2689 2062 2765 Lyrik des Buches „S bohem a čáteček".
334 2703 1245 2758 ergebnisse brächte und daß kein Plebiszit im
2193 2744 3086 2796 je einmaliger Nennung A. Stifter, F
1307 2730 2165 2792 Beträchtlich ist der Erfolg von Ottokar
334 2744 1248 2799 eigentlichen Sinne vorliegt; dafür spiegeln
2186 2775 3096 2834 Kafka, E. E. Kisch, J. Urzidil (das
1269 2779 2034 2855 Fischers Gedichtbuch „Poledne
338 2782 1238 2841 sich aber in den Resultaten die kulturellen
2182 2820 3092 2875 Goethe-Buch). Während ein agrarischer Po¬
1313 2820 2034 2879 ceps Prosabuch „Dravý plášť
338 2830 1234 2886 Strebungen und Konfessionen des nationale
1269 2868 3099 2927 E. Vacheks Kriegsroman von Blutschuld litiker eine Schrift des Ministers Darré als
334 2875 1245 2927 Oberbaues, und die Umfrage hatte noch jedes
2182 2917 3092 2968 fachmännische Lesung nennt, geht die recht¬
338 2917 1982 2972 Jahr einen bestimmenden Einfluß auf die und Sühne „Krey nevolá o pomstu
1300 2958 3096 3010 In der Kategorie der Auslandsliteratur tritt gläubige Kernbelletristik des Dritten Reichs
334 2968 1248 3017 Gestaltung des tschechischen Buchmarktes.
334 3006 3096 3068 Das macht auch diesmal ihre Bedeutung aus, auch diesmal die slavische Produktion weit in der Flut von Buchnennungen ohne eine
2189 3051 3099 3099 einzige Stimme aus, ein Ergebnis, wie es in
372 3044 2165 3103 Das hervorstechendste Gesamtmerkmal der zurück vor der westeuropäischen; slavische
2189 3092 3096 3158 Dingen der Kulturexpansion vernichtender
1269 3092 2162 3148 Abstimmungserfolge sind außer einigen Ein¬
334 3092 1234 3154 heurigen Abstimmung ist ein starkes Her
2182 3141 2768 3196 überhaupt nicht denkbar ist.
334 3134 2158 3196 vortreten der Originalproduk- zelnennungen eigentlich nur A. Avdejen
2224 3158 3092 3237 Die Abstimmung beweist auch ein außer¬
334 3185 2168 3254 tion und die parallele Zurückdrängung der ko und der Chirurgen- und Eifersuchtsroman
2182 3227 3096 3282 ordentliches Interesse für anspruchsvolle Bü¬
341 3227 1862 3285 Uebersetzungsliteratur. Die Erscheinung ist des Polen Choromański.
1313 3268 3092 3320 Gewaltig ist der Erfolg der erst vor fünf cher der Kunst-, Zeit- und Gesellschaftskritik.
334 3268 1245 3334 auf keinerlei autarkische Bewegung zurück¬
334 3313 3096 3375 zuführen, sondern einfach auf die Tatsache, Wochen erschienenen tschechischen Ausgabe Allen weitaus voran hält F. X. Salda mit
338 3354 3096 3416 daß von Uebersetzungen nur dann eine von Franz Werfels „Vierzig Tage des seiner kritischen Zeitschrift „Zapisnik und
341 3392 3096 3465 „Ueberfremdung" der Nationalkultur droht, Musa Dagh. Das Buch ist allen anderen mit seinen neuaufgelegten Kritiken aus den
2193 3444 3096 3503 Neunzigerjahren; eine wahrhaft erstaunliche
338 3448 2168 3506 wenn sie selbst kein vollwertiges Gegen weit voraus, Listenführer der gesamten Weit¬
338 3492 3092 3547 gewicht hervorzubringen vermag; heuer aber literatur, während bisher alle Jahre hindurch Anzahl von Nennungen bewährt ihn als den
1265 3537 3092 3613 deutsche Autoren aus der Tschechoslovakei regierenden Fürsten in den Hochlagen der
334 3541 1076 3603 hat es solche Gegengewicht gegeben.
2196 3582 2624 3651 tschechischen Kultur.
383 3585 2175 3634 Der absoluten Zahl der abgegebenen Stim¬ sich nicht einmal im Vordertreffen der Ab¬
338 3623 2165 3675 men nach belegen die ersten zehn Stellen: stimmung placieren konnten. Die „Vierzig
334 3665 2179 3744 Karel Capek mit dem Fliegerror „Pove- Tage werden außer von vielen bekannten
