3344 4320
1009 120 2456 227 parrellero consentire, Infati quelcon vera encore meraviglia nie
1006 196 2452 263 la più recente tendenza del teatro collo scopire che era semplicen
1006 238 2450 312 desco, ch'egli definite della ante un bambino, la forza create
1007 290 2461 354 dividualità liberata e che ha todella maternità. Ad onta di tutto,
1015 327 2452 394 vato i suoi più espressivi rappredunque, l'opera di Weekin por-
1006 368 2452 428 sentanti in Carl Zuckmayer, in tava ad una affermazione morale.
1004 410 2456 490 Kurt Goetz, nel Billinger, nel-Per questo egli pote avere una es¬
1002 452 2459 519 l'Horwath, nel Neumeyer, se ha fettiva influenza sulle generazioni
1004 501 1712 554 un valore sintomatico perche indi¬
1742 515 2459 572 più giovani egli indicava la via
1000 552 2452 613 ca una rezione a quella rigida diverso un futuro pieno di verità mo¬
998 590 2452 650 sciplina, a quella manovra in ordi- rale; ed il suo teatro era cosi ricco
1004 632 2452 704 ne chiuso ch'era prima una carat- di idee, che basta nutrire per¬
1004 679 2450 757 teristica di quel teatro non gli la dieci anni tutti i dramaturghi ri¬
1015 719 2011 775 per altro apportato, finora almeno, voluzionari ».
1007 766 1717 813 un contributo realmente importan
1784 757 2447 822 In realta lo Schnitzler apparten¬
1006 806 1666 857 te dal lato artistico e spirituale.
1742 822 2443 866 ne, egli pure, alla suola naturali¬
1053 842 2456 920 Notiamo anche che la importantia; e se attribut più larga parte
998 895 2448 955 za eccessiva attribuita in Germania all'analisi picologica fin quas
1002 937 2447 998 all'opera del regista e allo « spet sempre per moversi sul terreno del¬
1011 978 2452 1038 tacolo puro », con la prevalenza sola picanalisi. La sua originalità
1006 1029 2450 1089 prafttrice data agli elementi este quindi più che dubbio, anche se la
1007 1073 2390 1133 riori e formali — scene, luci, costus efficacia non è contestabile.
1006 1113 1726 1162 mi, musiche, coreografie — in con¬
1788 1111 2448 1169 Quanto al Weekin, la sua va¬
1006 1156 2452 1212 fronto dell'opera d’arte verae pro-lutazione dal lato morale che fa lo
1015 1196 2450 1261 pria, ha finito col danneggiare que Spani, non soltanto è troppo be¬
1009 1243 2452 1305 stultima e col trasformare l’acces-nevola, ma è del tutto infondata.
1004 1285 2452 1356 sorio in principale e viceversa. Se Anche i suoi atteggiamenti rivolu¬
1007 1323 2454 1388 il teatro di Meininger e il passaggio zioni del resto non costituivano
1013 1369 2452 1447 di Otto Brahm al Deutsches Thea una novità : egli ebbe invece la non
1016 1410 2450 1472 tern possono avere esercitato una invidiabile prerogativa di una au¬
1011 1450 2450 1539 benefica influenza dissipando anti-dacia di espressione che spesso rag¬
1011 1497 2134 1559 tichi pregiudizii e procurando che giunse la brutalità.
1004 1537 1724 1612 l'opera del poeta fosse inscenata
1788 1535 2452 1614 Questo bisogna levare in
1004 1583 1652 1646 nella più conveniente cornice,
1742 1595 2448 1650 quanto, in genere, i giudizi dello
1007 1634 2452 1695 predominio assoluto di certi registi, Spaini sono improntati a un giusto
1007 1684 2443 1733 quali Max Reinhardt, e le bizarre equilibrio di idee e ad una ponde¬
1004 1721 2450 1793 futuristiche della nuova tecnica di rata valutazione dei fatti. Notevoli,
1013 1764 2450 1830 un Jessner e di un Piscator, non ad esempio, sono i suoi rilievi con¬
1006 1806 2447 1869 originali del resto, ma di evidente clusivi sul teatro naturalista tede¬
1004 1842 2450 1920 derivazione russa, non riuscirono sco: « Tutta una serie di sconfitte,
1011 1895 2447 1966 certo di vantaggio alle sorti della di pentiment, di tentativi di eva¬
1007 1926 1307 1995 scena tedesca.
1733 1938 2450 2000 sione da una cerchia di idee, da un
1045 1977 2447 2035 Di questo parere è anche lo Spaimondo rappresentativo che li ave¬
1007 2022 2448 2087 ni che a proposito delle innovazioni va fatti prigionieri, ecco la sorte
1007 2071 2448 2131 reinhardtiane osserua: « Ora co-comune di questi arbitri del natura¬
1007 2118 2450 2173 minciava una caccia affannossa alla lismo... La causa di questa con¬
1007 2165 2452 2211 ricerca di queste sottili sumatta, di questa inconsistenza, di
1007 2205 2452 2254 ture capacidi produrre effetto questa incapacità di amplare il
1006 2243 2438 2301 gli ammiratori del regista le chia proprio mondo, di trarre da uno
1007 2291 2458 2345 mavano « trovate deliziose ». In ra le promesse, le condizioni per la
1004 2332 1715 2389 breve di tutto il teatro di Reinhard
1744 2336 2452 2396 successive, sono nell'indole stessa
1007 2387 1715 2432 non doveva per rimanere altre
1744 2374 2443 2432 del naturalismo tedesco, nella sua i¬
1015 2427 2452 2474 che questo effetto dello spettacobrida origine : esso era nato su un
1011 2456 2452 2523 lo; la comunione di spirito fra por mondo ideologico, su una visione
1011 2507 2447 2566 ta e pubblico, che à l'essenza stessa di ambienti, di societa, di indivi¬
1742 2552 2447 2605 dui stranieri del tutto ed in Ger¬
1006 2556 1717 2605 e la ragione di esistere di ogni ten
1015 2592 2447 2643 tro, mancava », la proposito di mania insistente. Ecco il parados¬
1011 2634 2447 2686 lesser e Piscator anche più espli¬ so dei naturalisti tedeschi essi che
1006 2681 2456 2739 citamente scrive : « Sulle scene revolvano copiare la vita, la realta.
1007 2724 2439 2772 gna esclusivo lo spettacolo puro descrivevano invec un mondo con¬
1006 2768 2450 2822 l’anima della nazione non riesce avenzionale, un mondo che in Ger¬
1006 2808 2447 2859 ritrovarvi se stessa. Tutta la gente mania non esiste, un mondo che
1007 2857 2450 2902 che prima collaborava a creare il avevano un poco alla volta creato
1006 2891 2441 2953 teatro, il poeta, l’attore, il pittore, nella loro fantasia suggestionando¬
1006 2942 2365 2987 sono scompars; e su questa nuova si a vicenda sui libri di Zola ».
1781 2980 2441 3036 Il rilievo à sattissimo; e altret¬
1007 2987 1726 3040 e tragicomica zattera della Medusa
1006 3024 2443 3100 non è rimasto che il regista, il qua tanto esatti sono i giudizi comple¬
1011 3067 2447 3129 le ha divorato tutti i suoi compasivi sul movimento simbolista e su
1015 3116 2156 3169 gni ed or attende a sua volta di quello espressionista.
1004 3151 1372 3222 morire d’india ».
2300 3151 2418 3209 (m)
1049 3202 1717 3265 Sombrato il terreno dalle esage
1006 3229 2450 3305 razioni della regia e del ternicis La scoperta di una banda
1013 3298 1726 3360 tendenti a trasformare il teatro in
1751 3307 2432 3399 che esercita la tratta de galli¬
1006 3345 1722 3401 spetto puro e dalle tendenz
1016 3389 1722 3436 novissime della « individualità li¬
2044 3376 2414 3452 NEW YORK, 5 sera.
1016 3427 1726 3481 berata » restano, per la storia del
1779 3429 2439 3481 polisi la scoperto in cas
1006 3470 2441 3521 teatro desco in questi ultimi cinabandonata a Kansburg, nella Nuo
1006 3512 2432 3559 quant anni, le tre grandi fasi in cui la Jersey, dicassette eines et un no
1742 3548 2432 3599 gro, vite di una banda che ser
1016 3561 1715 3614 può essere distinta la sua evoluzio
1744 3588 2183 3630 cia la tratta del galli¬
1004 3606 1724 3661 ne: il periodo naturalistico, quello
1770 3605 2443 3675 alle indagini faite à risultate en¬
1006 3652 2434 3730 simistice infin l'expressionis or son abanda aveva im
1007 3683 1114 3739 stico.
1739 3704 2438 3750 barcato a Trinidad 39 cines, promet
1044 3728 2439 3782 Il primo, che trae le origini da tendo loro di farli entrare clandesti
1011 3766 2434 3824 Holze Schafe dal movimento del namente negii Statt Uniti mediante
1006 3812 2434 3866 la Freie Buehne », e ha i suoi pagamento di 1300 dollart. 1 disgra¬
1006 3851 2425 3911 più noti rappresentanti nello Hauptet vennero ammassati nella si-
1742 3900 2418 3942 di una nave mercantile. Durante
1006 3910 1713 3969 mann e nel Sudermann, revoca an
1744 3933 2414 3982 viaggio quattro di essi ammatarono
1006 3959 2425 4015 che i nomie l'opera di Max Halbe, furono gettat in mare. Gli altri ver
1006 3991 2425 4046 di Georg Hirschfeld, di Max Drenero trasportati a Kaensburg incul¬
1007 4037 2430 4087 ver, di Otto Ernst, dello Hartlent entro sacchi di patate ed eran
1007 4067 2432 4135 ben, del Ruederer e del Thoma. Il destinati ad essere vendus. Quand
1007 4124 1712 4171 recondo, che trasse le sue origin
1797 4120 2425 4204 la scoperti non ne rest
1007 4165 1717 4224 da influenze is seniane e del mondo
1748 4171 2060 4222 vano più che 17.
