<?xml version="1.0" encoding="UTF-8" standalone="yes"?>
<PcGts xmlns="http://schema.primaresearch.org/PAGE/gts/pagecontent/2013-07-15" xmlns:xsi="http://www.w3.org/2001/XMLSchema-instance" xsi:schemaLocation="http://schema.primaresearch.org/PAGE/gts/pagecontent/2013-07-15 http://schema.primaresearch.org/PAGE/gts/pagecontent/2013-07-15/pagecontent.xsd">
    <Metadata>
        <Creator>prov=READ-COOP:name=PyLaia@TranskribusPlatform:version=2.12.1:model_id=39995:lm=provided:date=28_03_2024_23:54</Creator>
        <Created>2019-10-07T20:38:20.052+02:00</Created>
        <LastChange>2024-03-28T23:54:55.855+01:00</LastChange>
        <TranskribusMetadata docId="224462" pageId="9579513" pageNr="56" tsid="156426080" status="IN_PROGRESS" userId="40391" imgUrl="https://files.transkribus.eu/Get?id=LEDTBAKTIDIRBIFIWOFEQLLY&amp;fileType=view" xmlUrl="https://files.transkribus.eu/Get?id=NWZDVVEORNFPLRTWQIHWWIAH" imageId="6208458"/>
    </Metadata>
    <Page imageFilename="224462_0056.jpeg" imageWidth="3296" imageHeight="4352">
        <ReadingOrder>
            <OrderedGroup id="ro_1712662293974" caption="Regions reading order">
                <RegionRefIndexed index="0" regionRef="tr_1"/>
            </OrderedGroup>
        </ReadingOrder>
        <TextRegion orientation="0.0" id="tr_1" custom="readingOrder {index:0;}">
            <Coords points="125,276 125,3494 2993,3494 2993,276"/>
            <TextLine id="tr_1_tl_1" custom="readingOrder {index:0;}">
                <Coords points="1236,339 1425,329 1453,307 1489,336 1568,332 1596,304 1632,336 1678,332 1678,232 1482,229 1375,257 1336,239 1314,261 1286,236 1236,243"/>
                <Baseline points="1256,301 1281,301 1306,301 1331,301 1357,302 1382,303 1407,303 1433,301 1458,303 1483,304 1508,304 1534,305 1559,306 1584,305 1610,302 1635,301 1660,301 1686,301"/>
                <TextEquiv>
                    <Unicode>box 44/8</Unicode>
                </TextEquiv>
            </TextLine>
            <TextLine id="tr_1_tl_2" custom="readingOrder {index:1;}">
                <Coords points="179,332 1050,336 1050,243 979,257 911,221 850,257 775,218 571,257 461,221 343,254 179,229"/>
                <Baseline points="199,298 241,304 284,304 327,307 370,307 413,307 456,307 498,311 541,313 584,312 627,311 670,308 713,307 756,307 798,308 841,311 884,313 927,313 970,314 1013,316 1056,319"/>
                <TextEquiv>
                    <Unicode>13. Miscellaneous</Unicode>
                </TextEquiv>
            </TextLine>
            <TextLine id="tr_1_tl_3" custom="readingOrder {index:2;}">
                <Coords points="1761,1418 2803,1407 2946,1396 2950,1332 1764,1354"/>
                <Baseline points="1779,1411 1841,1411 1903,1408 1965,1406 2027,1407 2089,1405 2151,1402 2213,1402 2275,1402 2337,1402 2399,1397 2461,1396 2523,1396 2585,1394 2647,1393 2709,1392 2771,1390 2833,1389 2895,1385 2958,1384"/>
                <TextEquiv>
                    <Unicode>Man kann zwar jahrelang nebeneinander leben, ohne</Unicode>
                </TextEquiv>
            </TextLine>
            <TextLine id="tr_1_tl_4" custom="readingOrder {index:3;}">
                <Coords points="550,1443 1736,1425 1736,1361 1653,1346 1004,1382 904,1325 554,1339"/>
                <Baseline points="570,1435 628,1438 687,1436 746,1432 805,1432 864,1429 922,1429 981,1429 1040,1426 1099,1424 1158,1423 1216,1423 1275,1422 1334,1420 1393,1417 1452,1418 1510,1416 1569,1414 1628,1414 1687,1414 1746,1417"/>
                <TextEquiv>
                    <Unicode>von festlich erregten jungen Mädchen beobachten</Unicode>
                </TextEquiv>
            </TextLine>
            <TextLine id="tr_1_tl_5" custom="readingOrder {index:4;}">
                <Coords points="125,1457 225,1464 311,1446 404,1461 525,1446 525,1389 479,1393 450,1379 346,1400 314,1382 275,1386 257,1404 207,1386 179,1404 125,1400"/>
                <Baseline points="143,1447 169,1449 195,1450 221,1450 247,1448 273,1447 299,1447 325,1446 351,1444 377,1444 403,1444 429,1442 455,1442 481,1443 507,1442 534,1438"/>
                <TextEquiv>
                    <Unicode>andre. Leschetizky</Unicode>
                </TextEquiv>
            </TextLine>
            <TextLine id="tr_1_tl_6" custom="readingOrder {index:5;}">
                <Coords points="1771,1468 2950,1443 2950,1396 2836,1386 1771,1418"/>
                <Baseline points="1790,1456 1848,1461 1906,1459 1965,1457 2023,1453 2082,1453 2140,1453 2198,1453 2257,1451 2315,1451 2374,1447 2432,1445 2490,1447 2549,1444 2607,1443 2666,1441 2724,1439 2782,1438 2841,1437 2899,1433 2958,1432"/>
                <TextEquiv>
                    <Unicode>sich zu kennen. Diejenigen aber, die durch Beruf oder</Unicode>
                </TextEquiv>
            </TextLine>
            <TextLine id="tr_1_tl_7" custom="readingOrder {index:6;}">
                <Coords points="554,1493 1593,1486 1739,1468 1743,1425 554,1443"/>
                <Baseline points="573,1483 631,1489 690,1483 749,1483 808,1483 867,1480 925,1478 984,1477 1043,1474 1102,1474 1161,1474 1219,1471 1278,1471 1337,1471 1396,1471 1455,1470 1513,1468 1572,1465 1631,1464 1690,1462 1749,1459"/>
                <TextEquiv>
                    <Unicode>die, Blumen in den Händen, sich in flüsternder</Unicode>
                </TextEquiv>
            </TextLine>
            <TextLine id="tr_1_tl_8" custom="readingOrder {index:7;}">
                <Coords points="125,1503 157,1514 179,1503 207,1514 282,1503 311,1514 325,1500 432,1507 475,1493 532,1503 532,1450 511,1446 368,1461 300,1439 271,1461 125,1457"/>
                <Baseline points="146,1498 172,1498 198,1498 224,1498 251,1496 277,1495 303,1493 329,1492 356,1492 382,1493 408,1495 434,1493 461,1491 487,1490 513,1489 540,1489"/>
                <TextEquiv>
                    <Unicode>Türkenschanzparks</Unicode>
                </TextEquiv>
            </TextLine>
            <TextLine id="tr_1_tl_9" custom="readingOrder {index:8;}">
                <Coords points="1775,1518 2953,1489 2953,1443 2846,1432 2764,1464 1775,1464"/>
                <Baseline points="1796,1507 1854,1510 1912,1508 1970,1507 2029,1504 2087,1503 2145,1501 2203,1498 2262,1498 2320,1498 2378,1495 2436,1494 2495,1494 2553,1492 2611,1491 2669,1489 2728,1491 2786,1486 2844,1485 2902,1481 2961,1480"/>
                <TextEquiv>
                    <Unicode>sonstige Zufälle miteinander bekannt wurden, bildeten</Unicode>
                </TextEquiv>
            </TextLine>
            <TextLine id="tr_1_tl_10" custom="readingOrder {index:9;}">
                <Coords points="557,1539 1743,1521 1721,1468 557,1493"/>
                <Baseline points="576,1534 634,1534 693,1534 752,1532 811,1534 870,1530 928,1528 987,1525 1046,1524 1105,1522 1164,1525 1222,1522 1281,1522 1340,1517 1399,1519 1458,1516 1516,1516 1575,1519 1634,1515 1693,1511 1752,1507"/>
                <TextEquiv>
                    <Unicode>Erwartung zusammendrängten, sich aber in atem¬</Unicode>
                </TextEquiv>
            </TextLine>
            <TextLine id="tr_1_tl_11" custom="readingOrder {index:10;}">
                <Coords points="114,1553 193,1564 225,1550 261,1564 300,1546 400,1561 425,1546 525,1550 529,1503 354,1496 211,1521 193,1503 154,1518 118,1493"/>
                <Baseline points="134,1549 159,1549 184,1549 209,1549 234,1548 259,1546 284,1545 309,1543 334,1543 359,1543 384,1541 409,1540 434,1540 459,1540 484,1540 509,1539 534,1537"/>
                <TextEquiv>
                    <Unicode>daß an Stelle der</Unicode>
                </TextEquiv>
            </TextLine>
            <TextLine id="tr_1_tl_12" custom="readingOrder {index:11;}">
                <Coords points="1768,1571 2936,1543 2936,1489 1768,1518"/>
                <Baseline points="1787,1555 1844,1558 1902,1558 1960,1552 2018,1552 2076,1550 2133,1549 2191,1548 2249,1546 2307,1546 2365,1546 2422,1543 2480,1543 2538,1543 2596,1540 2654,1538 2711,1537 2769,1540 2827,1536 2885,1532 2943,1531"/>
                <TextEquiv>
                    <Unicode>das, was man in der Wiener Gesellschaft ein „Krätzel</Unicode>
                </TextEquiv>
            </TextLine>
            <TextLine id="tr_1_tl_13" custom="readingOrder {index:12;}">
                <Coords points="557,1596 1736,1575 1736,1521 557,1539"/>
                <Baseline points="576,1584 634,1584 692,1580 751,1579 809,1582 867,1579 926,1577 984,1579 1042,1576 1101,1574 1159,1573 1217,1570 1276,1570 1334,1570 1392,1567 1451,1567 1509,1565 1567,1564 1626,1564 1684,1562 1743,1558"/>
                <TextEquiv>
                    <Unicode>loser Ehrfurcht zu einem Spalier formten, wenn</Unicode>
                </TextEquiv>
            </TextLine>
            <TextLine id="tr_1_tl_14" custom="readingOrder {index:13;}">
                <Coords points="107,1607 521,1593 521,1546 496,1543 421,1546 404,1564 357,1546 336,1561 311,1546 261,1561 211,1546 193,1564 107,1553"/>
                <Baseline points="125,1599 150,1598 175,1596 201,1596 226,1595 251,1594 277,1593 302,1593 328,1592 353,1590 378,1590 404,1589 429,1588 454,1587 480,1587 505,1586 531,1584"/>
                <TextEquiv>
                    <Unicode>rüche die blühend</Unicode>
                </TextEquiv>
            </TextLine>
            <TextLine id="tr_1_tl_15" custom="readingOrder {index:14;}">
                <Coords points="1768,1614 2957,1589 2957,1532 1771,1571"/>
                <Baseline points="1787,1605 1846,1605 1905,1602 1964,1600 2023,1599 2082,1599 2141,1597 2200,1596 2259,1593 2318,1593 2377,1590 2436,1590 2495,1590 2554,1590 2613,1587 2672,1587 2731,1585 2790,1584 2849,1582 2908,1580 2967,1576"/>
                <TextEquiv>
                    <Unicode>nennt. Eine feine, kultivierte Geselligkeit entwickelte sich</Unicode>
                </TextEquiv>
            </TextLine>
            <TextLine id="tr_1_tl_16" custom="readingOrder {index:15;}">
                <Coords points="107,1646 1736,1625 1739,1571 107,1611"/>
                <Baseline points="128,1644 209,1644 290,1643 371,1638 452,1638 533,1635 614,1634 695,1632 776,1629 857,1629 938,1626 1019,1626 1100,1621 1181,1620 1262,1617 1343,1617 1424,1614 1505,1614 1586,1611 1667,1611 1749,1605"/>
                <TextEquiv>
                    <Unicode>de Marmorbank, in ein jünglinghaft schlanker Herr mit nervöser Be¬</Unicode>
                </TextEquiv>
            </TextLine>
            <TextLine id="tr_1_tl_17" custom="readingOrder {index:16;}">
                <Coords points="1768,1661 2950,1632 2928,1589 1768,1611"/>
                <Baseline points="1787,1653 1845,1653 1904,1652 1962,1650 2021,1650 2079,1649 2138,1647 2196,1647 2255,1644 2313,1644 2372,1644 2431,1641 2489,1641 2548,1638 2606,1638 2665,1637 2723,1635 2782,1635 2840,1632 2899,1628 2958,1623"/>
                <TextEquiv>
                    <Unicode>in dem Cottagekrätzel von Haus zu Haus, man war auf</Unicode>
                </TextEquiv>
            </TextLine>
            <TextLine id="tr_1_tl_18" custom="readingOrder {index:17;}">
                <Coords points="554,1689 1739,1675 1736,1621 1650,1614 554,1643"/>
                <Baseline points="573,1686 631,1686 690,1682 749,1680 808,1680 867,1677 925,1677 984,1677 1043,1674 1102,1672 1161,1671 1219,1670 1278,1668 1337,1666 1396,1668 1455,1665 1513,1665 1572,1665 1631,1664 1690,1660 1749,1662"/>
                <TextEquiv>
                    <Unicode>weglichkeit aus dem Haus tritt, um in den bereitstehenden</Unicode>
                </TextEquiv>
            </TextLine>
            <TextLine id="tr_1_tl_19" custom="readingOrder {index:18;}">
                <Coords points="1764,1714 2961,1693 2961,1636 2875,1628 1768,1661"/>
                <Baseline points="1784,1704 1843,1704 1902,1700 1961,1698 2020,1698 2079,1697 2138,1695 2198,1692 2257,1692 2316,1692 2375,1690 2434,1689 2493,1689 2552,1687 2612,1686 2671,1683 2730,1683 2789,1680 2848,1680 2907,1678 2967,1674"/>
                <TextEquiv>
                    <Unicode>den Terrassen, in den Gärten beisammen, man traf sich</Unicode>
                </TextEquiv>
            </TextLine>
            <TextLine id="tr_1_tl_20" custom="readingOrder {index:19;}">
                <Coords points="107,1703 275,1703 314,1728 354,1696 525,1696 525,1643 486,1636 454,1653 404,1643 307,1657 111,1646"/>
                <Baseline points="131,1695 156,1695 181,1695 206,1695 231,1695 256,1695 282,1694 307,1692 332,1691 357,1689 382,1689 408,1689 433,1689 458,1688 483,1686 508,1686 534,1686"/>
                <TextEquiv>
                    <Unicode>eschetizkys befindet</Unicode>
                </TextEquiv>
            </TextLine>
            <TextLine id="tr_1_tl_21" custom="readingOrder {index:20;}">
                <Coords points="136,1764 1743,1721 1703,1668 139,1703"/>
                <Baseline points="155,1743 234,1743 314,1741 394,1738 474,1734 554,1733 634,1731 713,1731 793,1730 873,1728 953,1725 1033,1722 1113,1720 1193,1719 1272,1716 1352,1716 1432,1716 1512,1714 1592,1713 1672,1710 1752,1710"/>
                <TextEquiv>
                    <Unicode>dieses russischen Wagen zu springen. Seine leuchtenden braunen Augen</Unicode>
                </TextEquiv>
            </TextLine>
            <TextLine id="tr_1_tl_22" custom="readingOrder {index:21;}">
                <Coords points="1764,1757 2850,1743 2957,1732 2961,1689 1764,1714"/>
                <Baseline points="1784,1752 1843,1752 1902,1751 1961,1747 2020,1746 2079,1746 2138,1745 2198,1743 2257,1740 2316,1740 2375,1740 2434,1737 2493,1737 2552,1737 2612,1737 2671,1733 2730,1731 2789,1731 2848,1730 2907,1726 2967,1722"/>
                <TextEquiv>
                    <Unicode>auf Tennisplätzen und zu Radausflügen in den nahen</Unicode>
                </TextEquiv>
            </TextLine>
            <TextLine id="tr_1_tl_23" custom="readingOrder {index:22;}">
                <Coords points="557,1800 1739,1764 1739,1718 1582,1714 557,1743"/>
                <Baseline points="576,1781 634,1779 693,1778 751,1776 810,1776 869,1775 927,1773 986,1773 1045,1769 1103,1769 1162,1767 1221,1767 1279,1765 1338,1764 1397,1764 1455,1764 1514,1762 1573,1764 1631,1761 1690,1759 1749,1755"/>
                <TextEquiv>
                    <Unicode>gönnen den von hingebender Verehrung überstrahlter</Unicode>
                </TextEquiv>
            </TextLine>
            <TextLine id="tr_1_tl_24" custom="readingOrder {index:23;}">
                <Coords points="1764,1803 2961,1789 2957,1732 1768,1761"/>
                <Baseline points="1787,1796 1846,1799 1905,1798 1964,1796 2023,1793 2082,1793 2141,1791 2200,1790 2259,1789 2318,1787 2377,1787 2436,1787 2495,1784 2554,1784 2613,1781 2672,1780 2731,1779 2790,1779 2849,1778 2908,1776 2967,1770"/>
                <TextEquiv>
                    <Unicode>Wiener Wald. Die Verkehrsmittel, die das Cottage</Unicode>
                </TextEquiv>
            </TextLine>
            <TextLine id="tr_1_tl_25" custom="readingOrder {index:24;}">
                <Coords points="557,1843 1743,1814 1743,1764 561,1800"/>
                <Baseline points="576,1832 634,1826 693,1825 752,1823 811,1820 870,1820 928,1820 987,1820 1046,1817 1105,1815 1164,1814 1222,1816 1281,1814 1340,1812 1399,1811 1458,1814 1516,1810 1575,1808 1634,1808 1693,1806 1752,1799"/>
                <TextEquiv>
                    <Unicode>jungen Gesichtern keinen Blick, aber sogar die un¬</Unicode>
                </TextEquiv>
            </TextLine>
            <TextLine id="tr_1_tl_26" custom="readingOrder {index:25;}">
                <Coords points="554,1893 2957,1832 2957,1789 2657,1778 554,1846"/>
                <Baseline points="573,1880 692,1874 812,1868 932,1868 1051,1865 1171,1862 1291,1862 1410,1861 1530,1856 1650,1856 1770,1847 1889,1847 2009,1842 2129,1841 2248,1838 2368,1839 2488,1832 2607,1829 2727,1827 2847,1825 2967,1826"/>
                <TextEquiv>
                    <Unicode>geduldige Geste, mit welcher der Vergötterte allzu be¬ dichter zur Stadt rückten, gestatteten es mehr und mehr,</Unicode>
                </TextEquiv>
            </TextLine>
            <TextLine id="tr_1_tl_27" custom="readingOrder {index:26;}">
                <Coords points="107,1864 139,1878 175,1861 354,1861 382,1875 436,1857 532,1864 536,1803 479,1803 404,1775 375,1800 321,1782 286,1811 239,1775 193,1796 157,1764 111,1761"/>
                <Baseline points="128,1862 153,1863 179,1865 205,1863 231,1862 256,1860 282,1859 308,1859 334,1859 359,1859 385,1859 411,1859 437,1857 462,1855 488,1853 514,1850 540,1847"/>
                <TextEquiv>
                    <Unicode>die Weinberge, ver¬</Unicode>
                </TextEquiv>
            </TextLine>
            <TextLine id="tr_1_tl_28" custom="readingOrder {index:27;}">
                <Coords points="561,1932 2961,1882 2961,1836 2821,1828 561,1893"/>
                <Baseline points="582,1928 701,1919 820,1919 940,1917 1059,1914 1178,1913 1298,1909 1417,1907 1536,1904 1656,1902 1775,1897 1894,1895 2014,1892 2133,1889 2252,1889 2372,1884 2491,1882 2610,1877 2730,1876 2849,1873 2969,1868"/>
                <TextEquiv>
                    <Unicode>geisterte Huldigungen zurückweist, verrät so viel daß Gäste aus den inneren Bezirken herauskamen.</Unicode>
                </TextEquiv>
            </TextLine>
            <TextLine id="tr_1_tl_29" custom="readingOrder {index:28;}">
                <Coords points="118,1918 436,1921 536,1907 536,1868 518,1861 450,1868 439,1857 382,1875 179,1861 118,1878"/>
                <Baseline points="137,1907 162,1909 188,1910 213,1908 239,1907 264,1907 290,1907 315,1907 341,1905 367,1904 392,1904 418,1904 443,1904 469,1903 494,1901 520,1904 546,1907"/>
                <TextEquiv>
                    <Unicode>Lerchenjubel war;</Unicode>
                </TextEquiv>
            </TextLine>
            <TextLine id="tr_1_tl_30" custom="readingOrder {index:29;}">
                <Coords points="1775,1953 2911,1936 2961,1932 2964,1882 1775,1903"/>
                <Baseline points="1793,1943 1851,1946 1910,1943 1969,1941 2028,1940 2087,1938 2145,1940 2204,1937 2263,1934 2322,1934 2381,1934 2439,1931 2498,1931 2557,1929 2616,1928 2675,1925 2733,1925 2792,1922 2851,1921 2910,1917 2969,1916"/>
                <TextEquiv>
                    <Unicode>Glänzende Gesellschaften erfüllten die Räume so mancher</Unicode>
                </TextEquiv>
            </TextLine>
            <TextLine id="tr_1_tl_31" custom="readingOrder {index:30;}">
                <Coords points="111,1968 536,1957 536,1907 443,1921 339,1911 300,1925 164,1921 150,1907 111,1918"/>
                <Baseline points="131,1961 156,1958 182,1958 207,1956 233,1955 258,1955 284,1955 309,1955 335,1955 361,1955 386,1955 412,1955 437,1953 463,1951 488,1949 514,1950 540,1952"/>
                <TextEquiv>
                    <Unicode>lieber als in noch</Unicode>
                </TextEquiv>
            </TextLine>
            <TextLine id="tr_1_tl_32" custom="readingOrder {index:31;}">
                <Coords points="561,1978 1746,1961 1746,1911 1664,1900 561,1932"/>
                <Baseline points="582,1973 640,1973 699,1970 757,1968 816,1970 875,1967 933,1965 992,1967 1051,1966 1109,1962 1168,1961 1227,1961 1285,1959 1344,1958 1403,1955 1461,1955 1520,1955 1579,1952 1637,1952 1696,1952 1755,1949"/>
                <TextEquiv>
                    <Unicode>Schwung und Heinreißende Anmut, daß die kleine Schar</Unicode>
                </TextEquiv>
            </TextLine>
            <TextLine id="tr_1_tl_33" custom="readingOrder {index:32;}">
                <Coords points="568,2025 2961,1982 2928,1925 568,1982"/>
                <Baseline points="588,2020 707,2019 826,2014 945,2014 1064,2011 1183,2008 1302,2005 1421,2002 1540,2002 1659,2000 1778,1999 1897,1990 2016,1987 2135,1987 2254,1984 2373,1981 2492,1978 2611,1976 2730,1973 2849,1969 2969,1967"/>
                <TextEquiv>
                    <Unicode>sich trotz der Unfreundlichkeit ihres Helden für die lange gastfreien Villa, aus stillvertrautem Beisammensein</Unicode>
                </TextEquiv>
            </TextLine>
            <TextLine id="tr_1_tl_34" custom="readingOrder {index:33;}">
                <Coords points="118,2021 304,2003 536,2011 536,1961 511,1953 475,1964 443,1953 396,1971 357,1957 186,1975 118,1964"/>
                <Baseline points="137,2008 162,2005 187,2005 213,2005 238,2004 263,2003 289,2002 314,2002 340,2001 365,1999 390,2001 416,2002 441,2002 466,2001 492,1999 517,1996 543,1993"/>
                <TextEquiv>
                    <Unicode>in und für sich in</Unicode>
                </TextEquiv>
            </TextLine>
            <TextLine id="tr_1_tl_35" custom="readingOrder {index:34;}">
                <Coords points="561,2071 2107,2036 2271,2071 2575,2039 2678,2078 2728,2039 2953,2036 2957,1975 561,2025"/>
                <Baseline points="582,2068 701,2065 820,2062 939,2060 1058,2059 1177,2056 1296,2053 1415,2050 1534,2050 1653,2048 1773,2042 1892,2041 2011,2036 2130,2035 2249,2035 2368,2032 2487,2029 2606,2026 2725,2026 2844,2019 2964,2011"/>
                <TextEquiv>
                    <Unicode>Wartezeit reich belohnt fühlt, und als der Wagen sich in naher Freunde entstand kostbare Anregung zu unver¬</Unicode>
                </TextEquiv>
            </TextLine>
            <TextLine id="tr_1_tl_36" custom="readingOrder {index:35;}">
                <Coords points="118,2064 532,2053 532,2007 496,2003 464,2018 429,2007 329,2018 307,2003 293,2014 204,2003 164,2021 118,2014"/>
                <Baseline points="137,2056 162,2054 187,2053 212,2053 237,2052 262,2051 288,2050 313,2050 338,2049 363,2047 388,2047 414,2047 439,2047 464,2046 489,2044 514,2044 540,2044"/>
                <TextEquiv>
                    <Unicode>de Villenkolonie zu¬</Unicode>
                </TextEquiv>
            </TextLine>
            <TextLine id="tr_1_tl_37" custom="readingOrder {index:36;}">
                <Coords points="132,2096 279,2111 414,2100 436,2118 468,2096 539,2100 539,2057 500,2053 475,2064 168,2053 132,2071"/>
                <Baseline points="152,2095 178,2097 204,2098 230,2098 256,2098 282,2098 308,2098 334,2098 360,2098 386,2098 412,2098 438,2096 464,2094 490,2093 516,2090 543,2086"/>
                <TextEquiv>
                    <Unicode>Türkenschanze be¬</Unicode>
                </TextEquiv>
            </TextLine>
            <TextLine id="tr_1_tl_38" custom="readingOrder {index:37;}">
                <Coords points="564,2118 889,2153 1264,2111 1461,2153 1618,2107 1896,2136 2186,2093 2186,2046 2121,2039 564,2071"/>
                <Baseline points="585,2113 665,2113 745,2113 826,2110 906,2107 987,2110 1067,2105 1147,2102 1228,2101 1308,2098 1389,2098 1469,2098 1549,2098 1630,2100 1710,2095 1791,2095 1871,2092 1951,2087 2032,2085 2112,2083 2193,2080"/>
                <TextEquiv>
                    <Unicode>Bewegung setzt, begleitet ihn der jubelnde Ruf: „Hoch gänglichen Werken.</Unicode>
                </TextEquiv>
            </TextLine>
            <TextLine id="tr_1_tl_39" custom="readingOrder {index:38;}">
                <Coords points="121,2153 161,2164 275,2150 300,2161 329,2146 400,2161 418,2146 536,2150 536,2096 464,2096 432,2121 411,2100 121,2107"/>
                <Baseline points="140,2149 165,2147 190,2146 215,2146 240,2146 265,2146 291,2145 316,2143 341,2143 366,2143 391,2143 417,2143 442,2143 467,2142 492,2140 517,2139 543,2137"/>
                <TextEquiv>
                    <Unicode>Pötzleinsdorf zieh</Unicode>
                </TextEquiv>
            </TextLine>
            <TextLine id="tr_1_tl_40" custom="readingOrder {index:39;}">
                <Coords points="564,2196 582,2196 596,2182 614,2189 632,2171 639,2178 646,2171 657,2175 671,2164 707,2171 711,2128 693,2128 682,2121 679,2125 671,2118 657,2125 636,2118 621,2128 611,2121 568,2118"/>
                <Baseline points="585,2164 611,2162 638,2161 665,2161 692,2159 719,2155"/>
                <TextEquiv>
                    <Unicode>Kainz</Unicode>
                </TextEquiv>
            </TextLine>
            <TextLine id="tr_1_tl_41" custom="readingOrder {index:40;}">
                <Coords points="111,2203 536,2196 536,2150 461,2157 432,2143 404,2157 268,2150 200,2164 111,2143"/>
                <Baseline points="131,2193 156,2193 182,2193 208,2193 234,2193 260,2193 286,2193 312,2193 338,2192 364,2190 390,2190 416,2190 442,2188 468,2186 494,2184 520,2184 546,2184"/>
                <TextEquiv>
                    <Unicode>der Hohen Wart¬</Unicode>
                </TextEquiv>
            </TextLine>
            <TextLine id="tr_1_tl_42" custom="readingOrder {index:41;}">
                <Coords points="650,2214 1753,2200 1757,2118 1461,2153 1264,2111 1189,2150 775,2125 650,2168"/>
                <Baseline points="671,2205 725,2205 779,2205 834,2204 888,2202 942,2202 997,2202 1051,2199 1105,2198 1160,2196 1214,2196 1268,2196 1323,2195 1377,2193 1431,2191 1486,2190 1540,2190 1594,2189 1649,2187 1703,2187 1758,2187"/>
                <TextEquiv>
                    <Unicode>Vom ersten Jahre seines Engagements am Burg¬</Unicode>
                </TextEquiv>
            </TextLine>
            <TextLine id="tr_1_tl_43" custom="readingOrder {index:42;}">
                <Coords points="1864,2228 2971,2203 2971,2136 2914,2121 2253,2161 2028,2111 1971,2150 1868,2136"/>
                <Baseline points="1889,2214 1943,2214 1997,2211 2051,2211 2106,2211 2160,2209 2214,2208 2269,2205 2323,2205 2377,2205 2432,2205 2486,2202 2540,2201 2594,2199 2649,2197 2703,2196 2757,2196 2812,2195 2866,2193 2920,2193 2975,2190"/>
                <TextEquiv>
                    <Unicode>Das ist heute freilich vielfach anders geworden. Die</Unicode>
                </TextEquiv>
            </TextLine>
            <TextLine id="tr_1_tl_44" custom="readingOrder {index:43;}">
                <Coords points="111,2261 139,2250 193,2261 211,2246 536,2243 536,2196 489,2189 450,2207 404,2189 286,2211 250,2196 111,2203"/>
                <Baseline points="131,2241 156,2241 182,2241 208,2240 234,2238 260,2240 286,2240 312,2239 338,2238 364,2238 390,2236 416,2235 442,2233 468,2232 494,2232 520,2231 546,2229"/>
                <TextEquiv>
                    <Unicode>baches wurde ein¬</Unicode>
                </TextEquiv>
            </TextLine>
            <TextLine id="tr_1_tl_45" custom="readingOrder {index:44;}">
                <Coords points="561,2264 1753,2246 1757,2200 729,2228 564,2189"/>
                <Baseline points="579,2256 641,2256 703,2253 765,2253 827,2252 889,2250 951,2250 1013,2247 1075,2247 1137,2244 1199,2244 1261,2244 1323,2241 1385,2239 1447,2238 1509,2238 1571,2236 1633,2235 1695,2233 1758,2238"/>
                <TextEquiv>
                    <Unicode>theater wohnte Josef Kainz hier im Cottage bis kurz</Unicode>
                </TextEquiv>
            </TextLine>
            <TextLine id="tr_1_tl_46" custom="readingOrder {index:45;}">
                <Coords points="1782,2271 2968,2250 2968,2203 2893,2196 1896,2232 1786,2196"/>
                <Baseline points="1802,2262 1860,2265 1919,2262 1977,2260 2036,2259 2095,2262 2153,2260 2212,2259 2271,2256 2329,2256 2388,2256 2447,2252 2505,2251 2564,2253 2623,2250 2681,2247 2740,2245 2799,2241 2857,2243 2916,2241 2975,2238"/>
                <TextEquiv>
                    <Unicode>ehemals so festgefügten Kreise sind gelockert, zerfallen.</Unicode>
                </TextEquiv>
            </TextLine>
            <TextLine id="tr_1_tl_47" custom="readingOrder {index:46;}">
                <Coords points="2886,2300 2903,2300 2907,2296 2925,2303 2943,2303 2950,2296 2953,2300 2971,2300 2968,2253 2943,2253 2939,2257 2936,2253 2932,2257 2928,2253 2925,2257 2918,2250 2882,2250"/>
                <Baseline points="2904,2286 2939,2288 2975,2289"/>
                <TextEquiv>
                    <Unicode>der</Unicode>
                </TextEquiv>
            </TextLine>
            <TextLine id="tr_1_tl_48" custom="readingOrder {index:47;}">
                <Coords points="118,2318 196,2328 243,2307 271,2332 321,2307 386,2336 432,2332 504,2303 532,2307 536,2243 279,2243 193,2261 121,2250"/>
                <Baseline points="137,2292 162,2295 187,2295 213,2293 238,2292 263,2292 289,2292 314,2292 340,2291 365,2289 390,2289 416,2288 441,2287 466,2286 492,2286 517,2285 543,2283"/>
                <TextEquiv>
                    <Unicode>hrt jetzt geradeweg¬</Unicode>
                </TextEquiv>
            </TextLine>
            <TextLine id="tr_1_tl_49" custom="readingOrder {index:48;}">
                <Coords points="564,2318 1746,2293 1746,2243 1646,2236 564,2264"/>
                <Baseline points="585,2301 643,2303 702,2301 760,2301 819,2298 877,2298 936,2296 994,2295 1053,2293 1111,2293 1170,2289 1228,2291 1287,2289 1345,2286 1404,2286 1462,2286 1521,2286 1579,2283 1638,2282 1696,2280 1755,2280"/>
                <TextEquiv>
                    <Unicode>vor seinem Tod, der ihn seinem künstlerischen Schaffen</Unicode>
                </TextEquiv>
            </TextLine>
            <TextLine id="tr_1_tl_50" custom="readingOrder {index:49;}">
                <Coords points="1778,2318 2857,2303 2857,2253 2768,2243 2425,2278 1778,2268"/>
                <Baseline points="1799,2313 1852,2313 1905,2313 1958,2311 2012,2310 2065,2310 2118,2307 2172,2307 2225,2307 2278,2304 2332,2304 2385,2301 2438,2301 2491,2299 2545,2298 2598,2298 2651,2296 2705,2297 2758,2293 2811,2292 2865,2289"/>
                <TextEquiv>
                    <Unicode>Das Leben hat die Freunde auseinandergeführt,</Unicode>
                </TextEquiv>
            </TextLine>
            <TextLine id="tr_1_tl_51" custom="readingOrder {index:50;}">
                <Coords points="568,2361 1582,2353 1743,2336 1746,2293 568,2318"/>
                <Baseline points="588,2358 646,2354 704,2352 763,2352 821,2349 879,2348 938,2346 996,2343 1054,2343 1113,2343 1171,2343 1229,2340 1288,2338 1346,2337 1404,2334 1463,2334 1521,2332 1579,2334 1638,2331 1696,2329 1755,2325"/>
                <TextEquiv>
                    <Unicode>grausam früh entriß. Ein stiller, kleiner Park auf der</Unicode>
                </TextEquiv>
            </TextLine>
            <TextLine id="tr_1_tl_52" custom="readingOrder {index:51;}">
                <Coords points="1782,2364 2878,2350 2882,2296 1786,2318"/>
                <Baseline points="1802,2361 1856,2361 1910,2361 1965,2360 2019,2358 2073,2358 2128,2358 2182,2356 2236,2358 2291,2356 2345,2352 2399,2352 2454,2351 2508,2348 2562,2346 2617,2343 2671,2346 2725,2343 2780,2341 2834,2340 2889,2340"/>
                <TextEquiv>
                    <Unicode>Tod ihre Reihen arg gelichtet. Die Schwierigkeit</Unicode>
                </TextEquiv>
            </TextLine>
            <TextLine id="tr_1_tl_53" custom="readingOrder {index:52;}">
                <Coords points="568,2414 1746,2386 1718,2332 568,2368"/>
                <Baseline points="588,2405 646,2399 704,2397 763,2396 821,2396 879,2395 938,2393 996,2393 1054,2390 1113,2390 1171,2387 1229,2389 1288,2387 1346,2384 1404,2383 1463,2381 1521,2381 1579,2381 1638,2380 1696,2376 1755,2373"/>
                <TextEquiv>
                    <Unicode>Höhe der Türkenschanze ist seinem Andenken geweih</Unicode>
                </TextEquiv>
            </TextLine>
            <TextLine id="tr_1_tl_54" custom="readingOrder {index:53;}">
                <Coords points="1789,2414 2968,2403 2968,2350 2928,2343 1793,2368"/>
                <Baseline points="1814,2402 1872,2406 1930,2408 1988,2405 2046,2405 2104,2405 2162,2403 2220,2402 2278,2402 2336,2400 2394,2399 2452,2398 2510,2396 2568,2393 2626,2393 2684,2393 2742,2391 2800,2390 2858,2389 2916,2387 2975,2387"/>
                <TextEquiv>
                    <Unicode>Wirtschaftskrise hat den lauten, fröhlich unbeschwerten</Unicode>
                </TextEquiv>
            </TextLine>
            <TextLine id="tr_1_tl_55" custom="readingOrder {index:54;}">
                <Coords points="114,2414 221,2421 246,2400 314,2421 354,2400 411,2414 529,2403 532,2321 439,2346 407,2325 364,2339 311,2314 271,2332 211,2314 182,2336 118,2318"/>
                <Baseline points="134,2408 159,2405 184,2405 210,2405 235,2404 260,2403 286,2402 311,2402 337,2401 362,2399 387,2399 413,2399 438,2399 463,2399 489,2399 514,2396 540,2393"/>
                <TextEquiv>
                    <Unicode>ung des Cottage</Unicode>
                </TextEquiv>
            </TextLine>
            <TextLine id="tr_1_tl_56" custom="readingOrder {index:55;}">
                <Coords points="564,2453 1375,2443 1503,2486 1757,2436 1757,2389 1596,2378 564,2411"/>
                <Baseline points="585,2447 643,2447 702,2447 761,2445 820,2444 879,2443 937,2441 996,2441 1055,2438 1114,2438 1173,2435 1231,2435 1290,2434 1349,2432 1408,2432 1467,2431 1525,2429 1584,2429 1643,2426 1702,2426 1761,2423"/>
                <TextEquiv>
                    <Unicode>und umschließt das schlichte Standbild, das die Freunde</Unicode>
                </TextEquiv>
            </TextLine>
            <TextLine id="tr_1_tl_57" custom="readingOrder {index:56;}">
                <Coords points="1778,2464 2868,2453 2971,2446 2975,2400 1782,2414"/>
                <Baseline points="1799,2456 1858,2459 1917,2456 1976,2454 2035,2453 2094,2453 2153,2452 2212,2450 2271,2450 2330,2450 2390,2450 2449,2447 2508,2447 2567,2445 2626,2441 2685,2440 2744,2440 2803,2438 2862,2437 2921,2435 2981,2435"/>
                <TextEquiv>
                    <Unicode>Gästeschwarm aus den üppigen Halls und Salons der</Unicode>
                </TextEquiv>
            </TextLine>
            <TextLine id="tr_1_tl_58" custom="readingOrder {index:57;}">
                <Coords points="121,2468 161,2475 182,2457 304,2471 318,2457 475,2461 536,2446 536,2403 407,2414 357,2396 304,2425 254,2400 221,2421 121,2414"/>
                <Baseline points="140,2459 165,2455 190,2453 216,2455 241,2455 266,2454 292,2452 317,2450 343,2450 368,2450 393,2450 419,2449 444,2448 469,2447 495,2447 520,2446 546,2444"/>
                <TextEquiv>
                    <Unicode>heistigen und künst¬</Unicode>
                </TextEquiv>
            </TextLine>
            <TextLine id="tr_1_tl_59" custom="readingOrder {index:58;}">
                <Coords points="557,2528 696,2496 1254,2493 1254,2443 561,2453"/>
                <Baseline points="579,2495 613,2495 647,2495 681,2495 715,2493 749,2492 783,2493 818,2495 852,2492 886,2490 920,2489 954,2489 988,2489 1022,2487 1057,2486 1091,2486 1125,2486 1159,2486 1193,2485 1227,2482 1262,2480"/>
                <TextEquiv>
                    <Unicode>dem Unvergeßlichen setzen ließen.</Unicode>
                </TextEquiv>
            </TextLine>
            <TextLine id="tr_1_tl_60" custom="readingOrder {index:59;}">
                <Coords points="1775,2514 2843,2493 2968,2543 2968,2443 1775,2464"/>
                <Baseline points="1796,2507 1855,2507 1914,2506 1973,2504 2032,2504 2091,2501 2150,2501 2209,2501 2268,2498 2327,2498 2387,2496 2446,2495 2505,2494 2564,2492 2623,2489 2682,2489 2741,2489 2800,2486 2859,2486 2918,2484 2978,2483"/>
                <TextEquiv>
                    <Unicode>Villen verscheucht, von denen viele heute entweder zum</Unicode>
                </TextEquiv>
            </TextLine>
            <TextLine id="tr_1_tl_61" custom="readingOrder {index:60;}">
                <Coords points="125,2511 536,2503 536,2443 514,2439 475,2461 411,2446 382,2461 318,2457 304,2471 204,2457 175,2457 157,2475 125,2468"/>
                <Baseline points="146,2498 171,2500 196,2501 221,2501 246,2501 271,2501 296,2501 321,2501 346,2499 371,2498 396,2496 421,2496 446,2497 471,2497 496,2495 521,2492 546,2489"/>
                <TextEquiv>
                    <Unicode>ihren gesellschaft</Unicode>
                </TextEquiv>
            </TextLine>
            <TextLine id="tr_1_tl_62" custom="readingOrder {index:61;}">
                <Coords points="661,2546 1750,2532 1739,2461 1421,2486 1379,2446 1261,2493 661,2500"/>
                <Baseline points="680,2540 733,2540 787,2537 841,2537 895,2535 949,2534 1003,2534 1057,2533 1111,2531 1165,2533 1219,2528 1272,2528 1326,2525 1380,2525 1434,2523 1488,2522 1542,2525 1596,2524 1650,2522 1704,2517 1758,2513"/>
                <TextEquiv>
                    <Unicode>An der Ecke des Kainzplatzes und der Hasenauer</Unicode>
                </TextEquiv>
            </TextLine>
            <TextLine id="tr_1_tl_63" custom="readingOrder {index:62;}">
                <Coords points="1782,2571 2871,2550 2846,2493 1786,2514"/>
                <Baseline points="1802,2555 1855,2555 1909,2555 1963,2553 2017,2552 2070,2552 2124,2551 2178,2549 2232,2549 2285,2547 2339,2546 2393,2544 2447,2545 2500,2543 2554,2541 2608,2540 2662,2539 2715,2538 2769,2540 2823,2538 2877,2537"/>
                <TextEquiv>
                    <Unicode>Verkauf stehen oder deren Inhaber bemüht sind,</Unicode>
                </TextEquiv>
            </TextLine>
            <TextLine id="tr_1_tl_64" custom="readingOrder {index:63;}">
                <Coords points="121,2557 179,2546 189,2561 268,2564 282,2550 339,2550 418,2568 486,2546 539,2553 539,2503 336,2514 307,2500 182,2521 157,2503 121,2511"/>
                <Baseline points="140,2552 165,2549 191,2549 216,2549 242,2549 267,2549 293,2548 318,2546 344,2546 370,2546 395,2546 421,2546 446,2544 472,2542 497,2540 523,2541 549,2543"/>
                <TextEquiv>
                    <Unicode>t eine Atmosphäre</Unicode>
                </TextEquiv>
            </TextLine>
            <TextLine id="tr_1_tl_65" custom="readingOrder {index:64;}">
                <Coords points="575,2600 1753,2575 1746,2528 575,2536"/>
                <Baseline points="593,2590 651,2590 710,2590 768,2588 827,2584 885,2584 944,2584 1002,2581 1061,2578 1119,2578 1178,2578 1237,2577 1295,2575 1354,2572 1412,2572 1471,2572 1529,2570 1588,2570 1646,2570 1705,2568 1764,2567"/>
                <TextEquiv>
                    <Unicode>straße steht das Haus von Richard Beer=Hofmann</Unicode>
                </TextEquiv>
            </TextLine>
            <TextLine id="tr_1_tl_66" custom="readingOrder {index:65;}">
                <Coords points="1775,2614 2971,2593 2943,2539 1775,2564"/>
                <Baseline points="1796,2605 1855,2602 1914,2602 1973,2601 2033,2599 2092,2599 2151,2599 2210,2597 2270,2596 2329,2595 2388,2593 2447,2593 2507,2590 2566,2590 2625,2587 2684,2587 2744,2585 2803,2584 2862,2584 2921,2582 2981,2575"/>
                <TextEquiv>
                    <Unicode>ehemals weitläufigen Räume in Kleinwohnungen um¬</Unicode>
                </TextEquiv>
            </TextLine>
            <TextLine id="tr_1_tl_67" custom="readingOrder {index:66;}">
                <Coords points="125,2603 189,2614 271,2600 300,2614 314,2600 339,2611 411,2593 536,2600 536,2550 500,2546 418,2568 382,2550 282,2550 264,2564 125,2557"/>
                <Baseline points="146,2596 171,2598 196,2598 221,2597 246,2597 271,2599 296,2596 321,2593 346,2591 371,2590 396,2592 421,2592 446,2591 471,2590 496,2590 521,2589 546,2587"/>
                <TextEquiv>
                    <Unicode>ihnen zählte auße¬</Unicode>
                </TextEquiv>
            </TextLine>
            <TextLine id="tr_1_tl_68" custom="readingOrder {index:67;}">
                <Coords points="571,2646 1603,2646 1753,2621 1757,2571 571,2600"/>
                <Baseline points="591,2641 649,2638 708,2637 766,2633 825,2632 884,2631 942,2629 1001,2629 1060,2629 1118,2627 1177,2626 1236,2624 1294,2626 1353,2624 1412,2623 1470,2622 1529,2620 1588,2620 1646,2619 1705,2615 1764,2614"/>
                <TextEquiv>
                    <Unicode>Arthur Schnitzler erwarb von Hedwig Bleibtreu die</Unicode>
                </TextEquiv>
            </TextLine>
            <TextLine id="tr_1_tl_69" custom="readingOrder {index:68;}">
                <Coords points="107,2653 539,2646 543,2596 314,2600 300,2614 111,2603"/>
                <Baseline points="128,2647 154,2647 181,2645 207,2644 234,2644 260,2643 287,2641 313,2641 340,2641 366,2641 393,2641 419,2641 446,2639 472,2638 499,2638 525,2638 552,2638"/>
                <TextEquiv>
                    <Unicode>meister der Wiener</Unicode>
                </TextEquiv>
            </TextLine>
            <TextLine id="tr_1_tl_70" custom="readingOrder {index:69;}">
                <Coords points="1775,2671 2975,2639 2975,2593 1775,2614"/>
                <Baseline points="1796,2659 1855,2654 1914,2650 1974,2649 2033,2649 2093,2647 2152,2647 2211,2647 2271,2644 2330,2644 2390,2642 2449,2641 2508,2641 2568,2639 2627,2635 2687,2635 2746,2635 2805,2635 2865,2634 2924,2630 2984,2629"/>
                <TextEquiv>
                    <Unicode>zuwandeln oder zimmerweise an Untermieter zu ver¬</Unicode>
                </TextEquiv>
            </TextLine>
            <TextLine id="tr_1_tl_71" custom="readingOrder {index:70;}">
                <Coords points="571,2693 1753,2675 1753,2621 1693,2614 571,2646"/>
                <Baseline points="591,2686 649,2686 708,2686 766,2682 825,2678 884,2680 942,2680 1001,2680 1060,2678 1118,2680 1177,2677 1236,2677 1294,2674 1353,2674 1412,2674 1470,2672 1529,2668 1588,2668 1646,2666 1705,2662 1764,2662"/>
                <TextEquiv>
                    <Unicode>Villa in der Sternwartestraße, und gegenüber führt</Unicode>
                </TextEquiv>
            </TextLine>
            <TextLine id="tr_1_tl_72" custom="readingOrder {index:71;}">
                <Coords points="107,2700 207,2718 236,2693 329,2707 354,2693 404,2721 436,2693 550,2696 550,2650 529,2646 107,2653"/>
                <Baseline points="125,2692 150,2695 175,2693 200,2692 226,2690 251,2690 276,2691 302,2692 327,2692 352,2691 377,2689 403,2687 428,2686 453,2686 479,2686 504,2686 529,2687 555,2689"/>
                <TextEquiv>
                    <Unicode>hard Wagners war,</Unicode>
                </TextEquiv>
            </TextLine>
            <TextLine id="tr_1_tl_73" custom="readingOrder {index:72;}">
                <Coords points="571,2743 2975,2693 2975,2639 2878,2632 575,2696"/>
                <Baseline points="591,2734 710,2734 830,2731 949,2731 1069,2728 1189,2725 1308,2722 1428,2719 1548,2719 1667,2714 1787,2707 1907,2698 2026,2698 2146,2695 2266,2690 2385,2690 2505,2687 2625,2683 2744,2686 2864,2682 2984,2671"/>
                <TextEquiv>
                    <Unicode>der Malerradierer Ferdinand Schmutzer ein herrliches geben. Prachtvolle Privatparks sind zu Handels¬</Unicode>
                </TextEquiv>
            </TextLine>
            <TextLine id="tr_1_tl_74" custom="readingOrder {index:73;}">
                <Coords points="196,2746 250,2764 321,2739 350,2750 386,2736 407,2750 543,2739 546,2693 439,2693 421,2707 239,2693 200,2711"/>
                <Baseline points="217,2740 243,2737 269,2737 295,2737 321,2737 347,2737 373,2737 399,2735 425,2734 451,2734 477,2733 503,2731 529,2731 555,2731"/>
                <TextEquiv>
                    <Unicode>Kralik, dessen</Unicode>
                </TextEquiv>
            </TextLine>
            <TextLine id="tr_1_tl_75" custom="readingOrder {index:74;}">
                <Coords points="1786,2761 2986,2739 2986,2689 2678,2682 1786,2718"/>
                <Baseline points="1805,2755 1864,2750 1923,2749 1983,2746 2042,2748 2102,2746 2161,2742 2220,2740 2280,2740 2339,2740 2399,2738 2458,2737 2517,2734 2577,2734 2636,2734 2696,2734 2755,2732 2814,2731 2874,2731 2933,2729 2993,2725"/>
                <TextEquiv>
                    <Unicode>gärtnereien geworden, und wenn jemand von den alten</Unicode>
                </TextEquiv>
            </TextLine>
            <TextLine id="tr_1_tl_76" custom="readingOrder {index:75;}">
                <Coords points="564,2789 1757,2771 1757,2725 1714,2718 564,2743"/>
                <Baseline points="585,2781 644,2781 703,2781 762,2781 821,2781 880,2778 939,2778 998,2775 1057,2778 1116,2775 1176,2773 1235,2772 1294,2769 1353,2769 1412,2767 1471,2767 1530,2765 1589,2764 1648,2765 1707,2761 1767,2761"/>
                <TextEquiv>
                    <Unicode>Wohnhaus auf, das er mit seltenem Geschmack in allen</Unicode>
                </TextEquiv>
            </TextLine>
            <TextLine id="tr_1_tl_77" custom="readingOrder {index:76;}">
                <Coords points="118,2800 214,2811 268,2778 307,2800 396,2793 468,2807 496,2789 536,2800 536,2739 518,2736 411,2746 386,2732 361,2750 271,2746 250,2761 193,2736 168,2753 118,2753"/>
                <Baseline points="137,2793 162,2790 188,2790 213,2790 239,2790 264,2782 290,2782 315,2784 341,2785 367,2787 392,2785 418,2784 443,2782 469,2781 494,2781 520,2780 546,2778"/>
                <TextEquiv>
                    <Unicode>unkt Oesterreich¬</Unicode>
                </TextEquiv>
            </TextLine>
            <TextLine id="tr_1_tl_78" custom="readingOrder {index:77;}">
                <Coords points="1775,2811 2978,2789 2978,2736 1775,2761"/>
                <Baseline points="1796,2796 1855,2797 1915,2796 1974,2793 2034,2793 2093,2793 2153,2790 2212,2790 2272,2787 2331,2790 2391,2788 2451,2787 2510,2783 2570,2781 2629,2781 2689,2782 2748,2782 2808,2778 2867,2780 2927,2778 2987,2778"/>
                <TextEquiv>
                    <Unicode>Villenbewohnern seinen Haushalt im einstigen Umfang</Unicode>
                </TextEquiv>
            </TextLine>
            <TextLine id="tr_1_tl_79" custom="readingOrder {index:78;}">
                <Coords points="571,2839 1753,2821 1753,2771 1636,2764 571,2789"/>
                <Baseline points="591,2829 649,2832 708,2831 766,2831 825,2829 883,2826 942,2824 1000,2823 1059,2823 1117,2823 1176,2820 1234,2819 1293,2817 1351,2817 1410,2814 1468,2814 1527,2816 1585,2814 1644,2813 1702,2809 1761,2808"/>
                <TextEquiv>
                    <Unicode>Räumen zu einer künstlerischen Kostbarkeit gestaltete</Unicode>
                </TextEquiv>
            </TextLine>
            <TextLine id="tr_1_tl_80" custom="readingOrder {index:79;}">
                <Coords points="1775,2857 2778,2832 2975,2868 2950,2786 1778,2811"/>
                <Baseline points="1799,2847 1858,2847 1917,2847 1977,2843 2036,2841 2096,2841 2155,2840 2214,2838 2274,2838 2333,2838 2393,2836 2452,2835 2511,2832 2571,2830 2630,2829 2690,2829 2749,2829 2808,2829 2868,2828 2927,2826 2987,2823"/>
                <TextEquiv>
                    <Unicode>noch aufrechterhalten kann, so geschieht dies meist nur</Unicode>
                </TextEquiv>
            </TextLine>
            <TextLine id="tr_1_tl_81" custom="readingOrder {index:80;}">
                <Coords points="118,2846 454,2846 454,2800 304,2796 286,2782 200,2814 182,2796 118,2796"/>
                <Baseline points="137,2841 163,2841 190,2841 217,2837 244,2835 271,2835 298,2835 324,2835 351,2835 378,2835 405,2835 432,2834 459,2832"/>
                <TextEquiv>
                    <Unicode>im Cottage</Unicode>
                </TextEquiv>
            </TextLine>
            <TextLine id="tr_1_tl_82" custom="readingOrder {index:81;}">
                <Coords points="125,2900 1421,2893 1753,2875 1757,2821 125,2846"/>
                <Baseline points="143,2889 224,2887 305,2885 386,2883 467,2883 549,2880 630,2880 711,2880 792,2877 873,2877 955,2871 1036,2874 1117,2871 1198,2868 1279,2868 1361,2868 1442,2863 1523,2862 1604,2860 1685,2859 1767,2853"/>
                <TextEquiv>
                    <Unicode>der hervorragende Ebenfalls in der Sternwartestraße wohnte Dr. Sieg¬</Unicode>
                </TextEquiv>
            </TextLine>
            <TextLine id="tr_1_tl_83" custom="readingOrder {index:82;}">
                <Coords points="1782,2911 2868,2896 2868,2839 2732,2832 1782,2857"/>
                <Baseline points="1802,2898 1855,2894 1909,2892 1963,2892 2017,2892 2070,2892 2124,2889 2178,2888 2232,2886 2285,2886 2339,2886 2393,2885 2447,2883 2500,2883 2554,2881 2608,2880 2662,2880 2715,2880 2769,2878 2823,2875 2877,2874"/>
                <TextEquiv>
                    <Unicode>unter den äußersten Einschränkungen und Opfern.</Unicode>
                </TextEquiv>
            </TextLine>
            <TextLine id="tr_1_tl_84" custom="readingOrder {index:83;}">
                <Coords points="579,2939 1757,2918 1757,2871 1646,2861 579,2889"/>
                <Baseline points="599,2928 657,2928 715,2928 774,2928 832,2925 891,2925 949,2925 1007,2922 1066,2922 1124,2922 1183,2919 1241,2918 1299,2914 1358,2913 1416,2913 1475,2912 1533,2910 1591,2910 1650,2907 1708,2905 1767,2907"/>
                <TextEquiv>
                    <Unicode>fried v. Strakosch, ausgezeichnet als bahnbrechenden</Unicode>
                </TextEquiv>
            </TextLine>
            <TextLine id="tr_1_tl_85" custom="readingOrder {index:84;}">
                <Coords points="121,2953 550,2939 550,2886 364,2886 268,2903 229,2886 125,2900"/>
                <Baseline points="140,2940 165,2937 191,2937 217,2937 243,2937 269,2937 295,2936 321,2935 347,2934 373,2934 399,2934 425,2934 451,2932 477,2931 503,2931 529,2930 555,2928"/>
                <TextEquiv>
                    <Unicode>latt" und Biograph</Unicode>
                </TextEquiv>
            </TextLine>
            <TextLine id="tr_1_tl_86" custom="readingOrder {index:85;}">
                <Coords points="1878,2961 2982,2943 2982,2871 2943,2861 2828,2907 1878,2903"/>
                <Baseline points="1898,2949 1952,2949 2006,2949 2061,2948 2115,2946 2170,2946 2224,2946 2279,2943 2333,2943 2388,2941 2442,2940 2496,2940 2551,2939 2605,2937 2660,2937 2714,2937 2769,2937 2823,2937 2878,2935 2932,2934 2987,2931"/>
                <TextEquiv>
                    <Unicode>Doch die Gartenstadt des Cottage steht nun einmal</Unicode>
                </TextEquiv>
            </TextLine>
            <TextLine id="tr_1_tl_87" custom="readingOrder {index:86;}">
                <Coords points="571,2996 1757,2964 1757,2918 1703,2911 571,2939"/>
                <Baseline points="591,2981 649,2978 708,2977 767,2975 826,2975 885,2972 943,2972 1002,2972 1061,2969 1120,2969 1179,2967 1237,2965 1296,2966 1355,2962 1414,2961 1473,2961 1531,2959 1590,2958 1649,2958 1708,2956 1767,2952"/>
                <TextEquiv>
                    <Unicode>Forscher, als Landwirt und Begründer der Oester¬</Unicode>
                </TextEquiv>
            </TextLine>
            <TextLine id="tr_1_tl_88" custom="readingOrder {index:87;}">
                <Coords points="118,2996 214,2989 268,3003 286,2986 436,2996 479,2982 543,2993 543,2939 529,2936 379,2946 339,2932 282,2950 232,2939 204,2957 118,2950"/>
                <Baseline points="137,2987 162,2987 188,2987 214,2986 240,2984 266,2984 292,2983 318,2982 344,2980 370,2978 396,2978 422,2978 448,2978 474,2977 500,2975 526,2975 552,2975"/>
                <TextEquiv>
                    <Unicode>og ein Alt=Wiener</Unicode>
                </TextEquiv>
            </TextLine>
            <TextLine id="tr_1_tl_89" custom="readingOrder {index:88;}">
                <Coords points="571,3036 2975,2989 2946,2939 2439,2939 575,2996"/>
                <Baseline points="596,3026 715,3026 834,3025 954,3020 1073,3018 1193,3016 1312,3011 1431,3011 1551,3008 1670,3008 1790,3000 1909,2999 2028,2996 2148,2993 2267,2993 2387,2990 2506,2987 2625,2984 2745,2984 2864,2984 2984,2981"/>
                <TextEquiv>
                    <Unicode>reichischen Zuckerindustrie. Nicht weit davon schafft da, und wenn wir an einem schönen Frühlingstag müde</Unicode>
                </TextEquiv>
            </TextLine>
            <TextLine id="tr_1_tl_90" custom="readingOrder {index:89;}">
                <Coords points="125,3050 164,3039 193,3057 218,3039 279,3036 339,3050 382,3036 446,3043 464,3028 479,3043 550,3036 550,2986 286,2986 271,3000 196,2989 175,3007 125,2993"/>
                <Baseline points="146,3035 171,3035 197,3035 223,3033 249,3032 274,3032 300,3032 326,3032 352,3031 377,3029 403,3029 429,3029 455,3029 480,3028 506,3026 532,3025 558,3023"/>
                <TextEquiv>
                    <Unicode>früher dastand. Da¬</Unicode>
                </TextEquiv>
            </TextLine>
            <TextLine id="tr_1_tl_91" custom="readingOrder {index:90;}">
                <Coords points="1778,3061 2971,3046 2971,2993 2900,2986 1778,3011"/>
                <Baseline points="1799,3050 1858,3050 1917,3050 1976,3048 2035,3044 2094,3044 2153,3043 2212,3041 2271,3038 2330,3040 2390,3038 2449,3038 2508,3035 2567,3033 2626,3032 2685,3032 2744,3032 2803,3032 2862,3032 2921,3032 2981,3026"/>
                <TextEquiv>
                    <Unicode>und abgehetzt aus der Stadt herauskommen, umfang</Unicode>
                </TextEquiv>
            </TextLine>
            <TextLine id="tr_1_tl_92" custom="readingOrder {index:91;}">
                <Coords points="575,3086 1753,3064 1753,3018 1707,3011 575,3036"/>
                <Baseline points="593,3074 651,3077 710,3074 768,3074 827,3074 885,3071 944,3071 1002,3071 1061,3070 1119,3068 1178,3065 1237,3064 1295,3062 1354,3059 1412,3059 1471,3059 1529,3057 1588,3056 1646,3056 1705,3054 1764,3056"/>
                <TextEquiv>
                    <Unicode>der Maler Tom v. Dreger. Professor Dr. Gustat</Unicode>
                </TextEquiv>
            </TextLine>
            <TextLine id="tr_1_tl_93" custom="readingOrder {index:92;}">
                <Coords points="118,3093 554,3078 554,3036 479,3043 468,3028 329,3053 275,3036 214,3039 193,3057 179,3043 118,3050"/>
                <Baseline points="137,3080 163,3083 190,3083 216,3083 243,3083 269,3082 296,3080 322,3080 349,3079 375,3077 402,3077 428,3077 455,3077 481,3076 508,3075 534,3073 561,3071"/>
                <TextEquiv>
                    <Unicode>des Haus mit einem</Unicode>
                </TextEquiv>
            </TextLine>
            <TextLine id="tr_1_tl_94" custom="readingOrder {index:93;}">
                <Coords points="1782,3111 2978,3086 2978,3046 2868,3036 1782,3064"/>
                <Baseline points="1802,3098 1861,3098 1920,3095 1979,3095 2039,3093 2098,3092 2157,3092 2216,3090 2276,3089 2335,3086 2394,3086 2453,3086 2513,3083 2572,3083 2631,3080 2690,3080 2750,3080 2809,3080 2868,3080 2927,3078 2987,3071"/>
                <TextEquiv>
                    <Unicode>uns wie eh und je die reine Luft, die schon Ferstel be¬</Unicode>
                </TextEquiv>
            </TextLine>
            <TextLine id="tr_1_tl_95" custom="readingOrder {index:94;}">
                <Coords points="118,3139 1618,3121 1757,3114 1761,3064 118,3096"/>
                <Baseline points="137,3131 218,3130 300,3128 381,3125 463,3126 545,3122 626,3123 708,3122 790,3122 871,3122 953,3120 1035,3117 1116,3116 1198,3115 1280,3110 1361,3110 1443,3107 1525,3106 1606,3104 1688,3103 1770,3101"/>
                <TextEquiv>
                    <Unicode>der Patrizierfamilie Gartner zog hier heraus, einer der Pioniere der heute</Unicode>
                </TextEquiv>
            </TextLine>
            <TextLine id="tr_1_tl_96" custom="readingOrder {index:95;}">
                <Coords points="1778,3161 2978,3139 2978,3089 2893,3078 1782,3107"/>
                <Baseline points="1802,3149 1861,3146 1920,3143 1979,3142 2039,3142 2098,3140 2157,3140 2216,3138 2276,3137 2335,3137 2394,3135 2453,3134 2513,3131 2572,3131 2631,3131 2690,3131 2750,3131 2809,3131 2868,3130 2927,3128 2987,3122"/>
                <TextEquiv>
                    <Unicode>glückt und erquickt hat, und heute wie damals grüßen die</Unicode>
                </TextEquiv>
            </TextLine>
            <TextLine id="tr_1_tl_97" custom="readingOrder {index:96;}">
                <Coords points="575,3182 1657,3164 1753,3157 1757,3114 575,3128"/>
                <Baseline points="593,3172 651,3172 710,3169 768,3169 827,3166 885,3166 944,3165 1002,3164 1061,3164 1119,3164 1178,3161 1237,3158 1295,3160 1354,3158 1412,3158 1471,3155 1529,3155 1588,3152 1646,3152 1705,3152 1764,3146"/>
                <TextEquiv>
                    <Unicode>so verbreiteten Diättherapie. — In einer Villa in der</Unicode>
                </TextEquiv>
            </TextLine>
            <TextLine id="tr_1_tl_98" custom="readingOrder {index:97;}">
                <Coords points="118,3186 375,3182 400,3196 429,3171 471,3186 554,3175 554,3132 518,3128 354,3143 321,3132 236,3146 196,3132 118,3139"/>
                <Baseline points="137,3175 163,3178 190,3178 216,3177 243,3175 269,3175 296,3175 322,3173 349,3172 375,3172 402,3172 428,3172 455,3170 481,3169 508,3169 534,3168 561,3166"/>
                <TextEquiv>
                    <Unicode>tert; während vieler</Unicode>
                </TextEquiv>
            </TextLine>
            <TextLine id="tr_1_tl_99" custom="readingOrder {index:98;}">
                <Coords points="114,3253 2986,3189 2986,3139 2878,3132 114,3182"/>
                <Baseline points="134,3232 276,3224 419,3220 562,3217 705,3220 848,3217 990,3216 1133,3211 1276,3208 1419,3204 1562,3202 1704,3199 1847,3195 1990,3188 2133,3190 2276,3184 2418,3181 2561,3178 2704,3178 2847,3176 2990,3175"/>
                <TextEquiv>
                    <Unicode>Festlichkeiten. Kienzl, Anton Frank=Gasse spielt der letzte Akt der Tragödie zauberhaft weichen Linien des Wiener Waldes das Auge</Unicode>
                </TextEquiv>
            </TextLine>
            <TextLine id="tr_1_tl_100" custom="readingOrder {index:99;}">
                <Coords points="1786,3250 2986,3232 2986,3186 2846,3182 1786,3207"/>
                <Baseline points="1805,3244 1864,3244 1923,3241 1983,3238 2042,3238 2102,3238 2161,3237 2220,3235 2280,3232 2339,3231 2399,3229 2458,3229 2517,3229 2577,3229 2636,3226 2696,3227 2755,3227 2814,3226 2874,3226 2933,3224 2993,3226"/>
                <TextEquiv>
                    <Unicode>mit sanften Trost, und der Blick auf dieses liebliche</Unicode>
                </TextEquiv>
            </TextLine>
            <TextLine id="tr_1_tl_101" custom="readingOrder {index:100;}">
                <Coords points="582,3278 1753,3261 1732,3203 586,3232"/>
                <Baseline points="602,3271 660,3268 718,3268 776,3268 834,3267 892,3263 950,3262 1008,3262 1066,3264 1124,3262 1183,3259 1241,3259 1299,3257 1357,3253 1415,3253 1473,3253 1531,3251 1589,3250 1647,3249 1705,3247 1764,3244"/>
                <TextEquiv>
                    <Unicode>des Erzherzogs Otto, eines der schönsten und lebens</Unicode>
                </TextEquiv>
            </TextLine>
            <TextLine id="tr_1_tl_102" custom="readingOrder {index:101;}">
                <Coords points="118,3282 554,3278 554,3232 536,3228 436,3239 329,3228 257,3243 193,3228 118,3243"/>
                <Baseline points="137,3271 163,3274 190,3274 216,3274 243,3274 269,3273 296,3271 322,3271 349,3271 375,3271 402,3271 428,3271 455,3269 481,3267 508,3266 534,3265 561,3265"/>
                <TextEquiv>
                    <Unicode>vielen andern nam¬</Unicode>
                </TextEquiv>
            </TextLine>
            <TextLine id="tr_1_tl_103" custom="readingOrder {index:102;}">
                <Coords points="1793,3296 2986,3282 2986,3232 1793,3246"/>
                <Baseline points="1811,3292 1873,3289 1935,3289 1997,3287 2059,3286 2121,3286 2183,3283 2245,3283 2307,3281 2369,3280 2431,3279 2493,3280 2555,3277 2617,3275 2679,3274 2741,3274 2803,3274 2865,3276 2927,3272 2990,3271"/>
                <TextEquiv>
                    <Unicode>Stück Heimat träufelt in unser Herz die Gewißheit: das</Unicode>
                </TextEquiv>
            </TextLine>
            <TextLine id="tr_1_tl_104" custom="readingOrder {index:103;}">
                <Coords points="582,3325 1757,3343 1757,3257 1714,3253 582,3278"/>
                <Baseline points="602,3319 660,3319 718,3319 776,3314 835,3318 893,3315 951,3315 1009,3316 1068,3313 1126,3311 1184,3310 1242,3310 1301,3308 1359,3304 1417,3304 1475,3304 1534,3302 1592,3301 1650,3300 1708,3298 1767,3295"/>
                <TextEquiv>
                    <Unicode>sprühendsten Prinzen, der hier eines frühen</Unicode>
                </TextEquiv>
            </TextLine>
            <TextLine id="tr_1_tl_105" custom="readingOrder {index:104;}">
                <Coords points="121,3339 168,3357 232,3328 286,3346 321,3332 339,3350 364,3336 389,3353 432,3336 454,3357 507,3357 525,3339 554,3350 554,3275 121,3282"/>
                <Baseline points="140,3325 166,3322 193,3322 219,3322 246,3322 272,3322 299,3322 325,3320 352,3319 378,3319 405,3319 431,3319 458,3317 484,3317 511,3318 537,3317 564,3313"/>
                <TextEquiv>
                    <Unicode>sängerinnen hier zu</Unicode>
                </TextEquiv>
            </TextLine>
            <TextLine id="tr_1_tl_106" custom="readingOrder {index:105;}">
                <Coords points="1786,3346 2978,3332 2961,3278 1786,3296"/>
                <Baseline points="1805,3337 1864,3340 1923,3337 1982,3337 2041,3337 2100,3336 2159,3334 2218,3332 2277,3331 2336,3330 2396,3328 2455,3325 2514,3325 2573,3325 2632,3325 2691,3325 2750,3327 2809,3325 2868,3324 2927,3322 2987,3319"/>
                <TextEquiv>
                    <Unicode>Schöne kann nicht vergehen und aus jedem noch so</Unicode>
                </TextEquiv>
            </TextLine>
            <TextLine id="tr_1_tl_107" custom="readingOrder {index:106;}">
                <Coords points="575,3382 621,3386 632,3378 643,3386 654,3378 668,3386 693,3371 821,3378 850,3371 854,3325 811,3332 754,3321 729,3336 721,3328 575,3325"/>
                <Baseline points="596,3369 622,3369 648,3368 674,3366 701,3365 727,3363 753,3365 780,3365 806,3364 832,3363 859,3363"/>
                <TextEquiv>
                    <Unicode>Todes starb.</Unicode>
                </TextEquiv>
            </TextLine>
            <TextLine id="tr_1_tl_108" custom="readingOrder {index:107;}">
                <Coords points="1789,3396 2186,3389 2278,3425 2968,3396 2968,3328 2921,3321 1789,3346"/>
                <Baseline points="1808,3387 1866,3389 1925,3385 1983,3379 2042,3381 2100,3384 2159,3384 2217,3381 2276,3380 2334,3378 2393,3378 2451,3378 2510,3376 2568,3375 2627,3375 2685,3377 2744,3378 2802,3375 2861,3374 2919,3372 2978,3366"/>
                <TextEquiv>
                    <Unicode>langen Wintergrau muß das junge Blühen des Früh¬</Unicode>
                </TextEquiv>
            </TextLine>
            <TextLine id="tr_1_tl_109" custom="readingOrder {index:108;}">
                <Coords points="675,3421 1768,3400 1732,3336 1600,3357 1475,3314 1250,3368 1068,3328 675,3371"/>
                <Baseline points="695,3414 749,3411 803,3413 857,3411 911,3409 965,3408 1019,3405 1073,3405 1127,3403 1181,3402 1235,3402 1289,3402 1343,3399 1397,3397 1451,3396 1505,3396 1559,3396 1613,3393 1667,3391 1721,3390 1776,3393"/>
                <TextEquiv>
                    <Unicode>Der gesellige Verkehr nahm auch, im Cottage die</Unicode>
                </TextEquiv>
            </TextLine>
            <TextLine id="tr_1_tl_110" custom="readingOrder {index:109;}">
                <Coords points="157,3432 200,3443 275,3421 318,3439 404,3425 564,3432 564,3368 457,3357 439,3339 325,3371 282,3339 161,3350"/>
                <Baseline points="176,3426 202,3426 228,3425 254,3423 281,3421 307,3420 333,3420 359,3420 386,3420 412,3419 438,3417 464,3417 491,3417 517,3417 543,3416 570,3414"/>
                <TextEquiv>
                    <Unicode>der Lannerstraße</Unicode>
                </TextEquiv>
            </TextLine>
            <TextLine id="tr_1_tl_111" custom="readingOrder {index:110;}">
                <Coords points="125,3493 582,3514 864,3471 1054,3528 1154,3471 1514,3464 1857,3528 1936,3475 2196,3482 2193,3386 129,3421"/>
                <Baseline points="146,3483 248,3480 351,3476 454,3471 557,3469 660,3468 762,3465 865,3463 968,3462 1071,3458 1174,3456 1276,3453 1379,3453 1482,3450 1585,3448 1688,3447 1790,3441 1893,3438 1996,3435 2099,3435 2202,3435"/>
                <TextEquiv>
                    <Unicode>Tag eine Gruppe Formen an, die ihm nun einmal in Wien eigen sind. lings uns erlösen!</Unicode>
                </TextEquiv>
            </TextLine>
            <TextEquiv>
                <Unicode></Unicode>
            </TextEquiv>
        </TextRegion>
    </Page>
</PcGts>
