3392 4352
308 286 449 382 13.
495 281 1176 382 Miscellaneous
770 880 1134 1010 GRATIS
377 1014 1166 1101 „OBSERVER
458 1101 1121 1155 I. österr. behördl. konzessioniertes
433 1152 1152 1216 Unternehmen für Zeitungs-Ausschnitte
498 1205 1082 1284 WIEN, I., WOLLEILE 11
570 1262 1013 1318 TELEPHON R-23-0-43
374 1393 727 1474 Ausschnitt aus:
789 1494 1150 1602 Die Stunde,
655 1588 1099 1703 5 JUNI 1934
372 1618 503 1689 vom
612 1760 1002 1869 Ausstellung
498 1837 1125 1944 Das Burgtheater¬
414 1923 1235 1994 Im Künstlerhaus eröffnete Unter¬
374 1989 1243 2032 richtsminister Dr. Schuschnigg Samstag eine
382 2029 1246 2077 kleine Ausstellung der Bildnisse von
387 2075 1236 2120 W. V. Kraus, die für Rudolf Lothars
377 2117 1233 2169 Buch „Das Burgtheater“ bestimmt sind. Die
379 2166 1232 2214 Bildnisse, die Kraus, diesmal der Publikums¬
382 2206 1240 2259 besichtigung übergibt, gehören in die große
380 2251 1240 2307 Reihe seiner Arbeiten, die in der Wiener Ge¬
379 2294 1236 2342 sellschaft bekannt und ganz besonders be¬
379 2336 1240 2388 liebt sind — es gehört zum Cachet jeder
379 2382 1241 2436 Persönlichkeit, „von der man spricht, und
382 2428 1243 2489 erst recht eines Künstlers und namentlich
385 2473 1232 2518 einer Künstlerin, daß die nächste erreich¬
382 2518 1240 2562 bare Künstlerhaus-Ausstellung ihr Bildnis
379 2562 1240 2610 von der Hand des Professors Krausz bringt.
382 2604 1240 2653 Es versteht sich von selbst, daß dem Maler
382 2645 1232 2701 und Graphiker Kraus nicht alle Modelle
382 2692 1243 2746 gleich weit entgegenkommen. Auch diesmal
380 2746 1230 2792 scheinen etliche eher zufällig seinen Weg ge¬
379 2775 1233 2832 kreuzt zu haben. In der übergroßen Mehr¬
377 2823 1233 2880 zahl der Fälle aber hat sich das Temperament
377 2872 1243 2914 und der brillante Vortrag des Porträtisten
382 2914 1232 2959 über alle Hemmungen hinweggesetzt. Dafür
379 2955 1232 3011 ist ihm diesmal nicht nur die Anerkennung
379 3002 1233 3053 seiner zahlreichen Bewunderer sicher, son¬
372 3037 1235 3096 dern auch die Belohnung, die darin liegt,
382 3091 1243 3137 daß er als Porträt-Helfer eines so wichtigen
374 3134 1240 3198 historischen Werkes auftreten konnte, wie es
379 3174 1240 3233 Lothars neues Burgtheater-Buch geworden
379 3222 1233 3273 ist. Im Bilde festgehalten sind: von der In¬
372 3270 1232 3321 tendanz Sektionschef Perner, Ministerialrat
374 3312 1235 3360 Eckmann, Professor Schreyvogl, Direktor
382 3353 1235 3412 Röbbeling; von Schauspieler Kainz, Werner
374 3399 1233 3449 Krauß, Balser, Thimig, Hennings, Treßler,
377 3447 1232 3514 Aslan, die Damen Eis, Nora Gregor, Janssen,
375 3546 1240 3626 Pünkösdy, Kramer, Wohlgemuth, Wagener,
374 3598 629 3669 Abach-Retty,
689 3609 1240 3668 Marberg, Roland, Mayen,
385 3645 1222 3695 Wilke; von Autoren Hauptmann, Schnitzler
375 3690 1233 3769 Sil-Vara, Ortner, Saßmann, Ernst und Rudolf
377 3733 796 3788 Lothar, Julius Bauer.
409 3778 1233 3842 Auch zwischen einer guten Reproduktion
372 3820 1228 3885 und dem Original gibt es natürlich Unter¬
374 3871 1238 3923 schiede. Wer also das Buch erwirbt, wird
377 3909 1233 3962 erst recht den Wunsch haben, die Originale
367 3955 1233 4011 zu sehen und darum recht rasch (denn diese
367 4002 1235 4053 Bilder bleiben nicht lang ausgestellt) den
374 4042 1232 4098 Weg durch den Seiteneingang des Künstler¬
371 4082 1129 4149 hauses in der Akademiestraße nehmen.
1046 4130 1190 4193 P. St.
1363 286 1780 382 box 447
2366 212 2970 307 ERVER
2297 286 2952 366 I. österr. behördl. konzessioniertes
2264 332 2978 409 Unternehmen für Zeitungs-Ausschnitte
2326 390 2907 474 WIEN, I., WOLLEILE 11
2398 449 2847 506 TELEPHON R-23-0-43
2189 554 2543 644 Ausschnitt aus:
2444 617 2971 741 Das Echo, Wien
2939 746 3045 851 34
2181 784 2321 858 vom
2401 1094 3371 1214 Burgtheater 193.
2272 1260 3376 1353 Die Spielzeit des Burgtheaters geht zu Ende. Noch ei¬
2107 1326 3377 1396 Weiber“ von Shakespeare, die seit vielen Jahren nicht mehr ge¬
2276 1364 3379 1443 Aus diesem Anlaß haben wir uns an Direktor Röbbeli
2102 1412 3380 1519 des letzten Spieljahres zu entwerfen und über seine Pläne für
2590 1494 3376 1605 Direktor Röbbeling über
2113 1550 2868 1649 Direktor Röbbeling hatte die
2922 1577 3376 1676 seines Herrn", „Der
2048 1599 2863 1695 Liebenswürdigkeit, unseren Mitarbeiter
2912 1641 3376 1709 von Calderon, „Wil
2080 1682 2864 1748 empfangen und einen ausführlichen
2914 1689 3344 1748 „Braut von Messina
2062 1733 2861 1791 Rückblick auf das vergangene Spieljahr
2922 1735 3377 1802 Shakespeare wird m
2069 1783 2860 1842 sowie die sich daraus ergebende künst¬
2914 1781 3377 1858 „Wie es euch gefällt v.
2059 1829 2864 1907 lerische und materielle Bilanz des
2914 1839 3385 1904 Hebbel wird „Agnes
2050 1877 2860 1951 Theaters zu geben. Gleichzeitig sprach
2911 1879 3385 1965 Raimund „Der Versch¬
2051 1930 2861 1997 Direktor Röbbeling in großen Zügen
2917 1936 3281 2013 führung gelangen.
2045 1968 2863 2040 über die Pläne der kommenden Saison.
2952 1987 3376 2059 An Novitäten werden
2911 2040 3318 2107 von Mussolini
2102 2026 2861 2117 „Aus der Aufführungszahl geht her¬
2911 2086 3304 2155 „Das ferne Schiff"
2053 2101 2861 2157 vor, daß von klassischen Stücken an erster
2914 2141 3384 2203 Bartsch und von Bi
2061 2147 2860 2209 Stelle Grillparzer mit „König Otto¬
2907 2187 3385 2270 Lange und Thora P
2048 2192 2858 2256 kars Glück und Ende“ und „Bruder¬
2914 2238 3198 2302 führt werden.
2051 2238 2858 2315 zwist im Hause Habsburg“ steht. Shake¬
2960 2278 3384 2358 Im Zyklus „Stimme
2062 2296 2861 2344 peare mit „Julius Cäsar“ und
2907 2331 3385 2411 Drama" wird für Pol
2053 2340 2842 2398 „Richard III..“, Goethe mit „Iphigenie"
2050 2398 2855 2470 und „Faust" und Schiller mit „Deme¬
2043 2439 2698 2518 trius" und „Wallenstein“ folgen.
2101 2506 2858 2567 Das Programm der Novitäten im
2042 2542 2855 2621 letzten Jahre wurde fast ausschließlich
2038 2615 2860 2674 von österreichischen Dichtern be¬
2050 2655 2856 2714 stritten. Da ist an erster Stelle Hermann
2038 2713 2861 2772 Bahr mit seinem „Meister" und seinem
2045 2759 2855 2821 „Kingelspiel zu nennen. Ihm folgt Max
2038 2810 2860 2869 Mell mit dem Stück „Sieben gegen
2042 2853 2858 2914 Theben", Karl Schönherr mit dem
2042 2906 2336 2971 „Passionsspiel
2420 2904 2858 2970 Friedrich Schrey¬
2042 2952 2863 3014 vogel mit „Habsburgerlegende“ und
2042 3000 2776 3082 Richard Billinger mit „Rosse“.
2104 3054 2853 3128 Im Zyklus der „Stimmen der Völker
2042 3115 2855 3179 im Drama" hat die „Tragödie des Men¬
2048 3163 2855 3225 schen“ von Madach für Ungarn die
2042 3217 2855 3272 höchste Aufführungszahlen aufzuweisen.
2042 3264 2840 3318 Ihm folgt für die Schweiz „Der Bürger
2042 3305 2855 3361 meister von Zürich" von Ferdinand
2048 3358 2834 3417 Schell und „Der Verrat von Novarra
2035 3407 2856 3462 von Caesar von Arx. Einen großen
2045 3454 2852 3514 Publikumserfolg haben die Stücke „So
2038 3507 2855 3558 war Herr Brummel“ von Penzoldt
2032 3551 2861 3607 und „Tenodorus“ von Biedermann
2045 3606 2855 3655 in der Bearbeitung von Gregor aufzu¬
2042 3653 2863 3709 weisen. — Von alten Stücken ist noch
2043 3697 2299 3761 Freytags
2775 3705 2853 3757 und
2393 3701 2679 3762 „Journalisten
2050 3737 2752 3808 Shaws „Kaiser von Amerika
2035 3799 2198 3871 nennen.
2101 3853 2844 3911 Von den Novitäten im Akademie¬
2032 3903 2848 3960 theater haben folgende Stücke in abstei¬
2042 3952 2847 4008 gender Reihe den größten Erfolg gehabt:
2042 3999 2847 4058 „Jugend voran“ von Vulpius,
2038 4043 2848 4101 „Caprice“ von Silvara, „Weißer
2032 4091 2853 4149 Flieder“ von Lennox, „Frau ohne
2038 4139 2844 4193 Bedeutung“ von Oskar Wilde, „Die
2038 4185 2836 4245 Insel“ von Bratt, „Die Majorische
