3344 4320
1256 243 1671 341 box 447
209 232 1078 348 13. Miscellaneous
941 1169 1766 1340 OBSERVER
1021 1262 1701 1371 1. österr. behördl. konzessioniertes
993 1319 1731 1423 Unternehmen für Zeitungs-Ausschnitte
1056 1375 1662 1484 WIEN, I., WOLLZELLE 1
1119 1440 1582 1527 TELEPHON R-23-0-43
915 1547 1271 1649 Ausschnitt aus:
1219 1714 1566 1827 Die Stunde, la
904 1775 1038 1857 vom
1047 1808 1351 1920 4.
778 2046 2483 2170 Prater" und „Heuriger auf der Bühne der Staatsoper
782 2181 2474 2262 Am Samstag den 8. d. hat die Staatsoper 1855, einer Zeit also, die wohl historisch
745 2229 2474 2294 wieder einmal Premierentag. Es gelangt schon etwas entrückt ist, aber wieder nicht
743 2279 2468 2333 Julius Bittners Oper „Das Veilso weit, daß der gefühlsmäßige Zusammen¬
741 2322 2472 2375 chen“ zur Uraufführung. Die musikalische hang, das Verständnis für ihre Mentalität
741 2359 2477 2425 Leitung hat Direktor Clemens Krauß bereits verlorengegangen wäre. Man lernt
741 2409 1582 2464 übernommen, während die Inszenierung
1619 2414 2474 2470 im „Veilchen“ dieses eigentümliche, im
741 2453 1582 2505 Oberregisseur Professor Dr. Waller
1619 2457 2466 2509 Ausland eigentlich nie ganz verstanden
732 2496 1188 2568 stein anvertraut ist.
1625 2503 1788 2559 Offiziers
1892 2505 2477 2548 kennen, das sich aus den
1627 2546 1777 2596 verschie¬
1862 2546 2474 2614 ten Nationen ergänzte und
780 2540 1592 2607 Damit wird der Spielplan der Staatsoper
736 2577 2244 2644 durch ein musikalisch und textlich fesseln, selbst doch übernational war.
1660 2624 2472 2685 Um allen Anforderungen der Milieutreue
743 2635 1588 2690 des Werk bereichert, für das es besonders
736 2677 2468 2726 charakteristisch ist, daß es im besten Sinn zu genügen, hat die Staatsoper sogar Sach¬
734 2720 2472 2768 das österreichertum repräsentiert. Einmal verständige berufen. Dabei wurde auch
1625 2761 2464 2811 daran gedacht, daß die Handlung des „Veil¬
734 2768 1592 2822 durch den Autor und den Komponisten, die
1619 2805 2474 2852 chen“ in der Mitte des vorigen Jahrhunderts
736 2807 1582 2855 beide in eine Person zusammenfallen: Julius
732 2848 2472 2896 Bittner, der wie ja kaum ein anderer in spielt und gewisse Gepflogenheiten und
1625 2885 2474 2942 Reglementpunkte seither manche einschnei¬
734 2898 1588 2950 österreichischer Erde verwurzelt ist. Dann
1621 2935 2266 2989 dende Änderung erfahren haben.
732 2937 1582 2989 durch die Wahl des Schauplatzes: die Ope¬
1653 2970 2466 3031 Der mit besonderem Bühneninstinkt ge¬
732 2978 1586 3024 bringt in feinster Beobachtung Wiener
732 3024 2468 3070 Lokalkolorit auf die Bühne, die Hand- segnete Julius Bittner hat schon immer ge¬
734 3063 2470 3115 lung ist mit dem Schauplatz so verbunden, zeigt, daß er Rollen zu schreiben versteht.
734 3107 2461 3157 daß das Stück seinem innersten Wesen nach Diesmal ist ihm eine besonders schöne Rolle
736 3146 2483 3207 nur in Wien spielen kann. Es dürfte wohl für Richard Mayr gelungen, der einen hohen
734 3194 2470 3244 zum erstenmal sein, daß auf der Bühne der Offizier spielt. Adele Kern hat das zu sein,
1621 3235 2455 3309 was Arthur Schnitzler das süße Mädel
743 3241 1588 3291 Wiener Staatsoper zwei so typisch wiene=
734 3283 2466 3335 rische Lokalitäten zu sehen sein werden, genannt hat. Manowarda verkörpert die
1619 3324 2468 3370 Gestalt eines Ministerialbeamten. Einen
736 3328 1586 3378 wie es zum Beispiel der Prater und ein rich¬
732 3370 2468 3420 tiger Heuriger sind, die von Professor lyrisch-poetisch veranlagten Offizier singt
1612 3417 2461 3467 Charles Kullmann, sein Freund, eine
732 3417 1549 3472 Roller unerhört echt aufgebaut werden.
773 3454 2466 3509 Julius Bittner führt in das Milieu des aufbrausende, standesbewußte Natur, ist
721 3504 1851 3576 österreichischen Offizierskorps der Zeit um Hammes.
