3344 4352
154 368 256 451 1.
1175 363 1590 454 box 41/5
309 369 983 434 Miscellaneous
1011 464 1188 542 wahr)
481 522 1359 626 somit aus: Leipziger glatt,
665 607 1209 702 Leipzig
584 737 1513 823 Die geistige Waffenbrüderschaft
865 812 1253 870 Von Franz Servaes.
647 855 1538 906 Das Bund ist hier am engsten. Hier ist der Zwei¬
590 900 1542 947 bund für alle Zeiten unwiderruflich beschworen.
596 941 1536 987 Oder vielmehr, es gibt hier nur einen Einbund.
596 983 1397 1029 Allerdings mit verschiedenen Schattierungen.
641 1013 1544 1063 Und das soll so sein. Die Verschiedenheit ist
586 1052 1540 1110 uns nicht minder wichtig als die Einheit. Sie geben
592 1095 1532 1145 einander erst gegenseitig ihren Wert. Das Ge¬
590 1134 1536 1181 meinsame versteht sich im Grunde von selber die
586 1175 1536 1222 deutsche Seele, die deutsche Sprache, der deutsche
592 1213 1532 1257 Geist. Die Verschiedenheit aber besteht in der Form,
583 1247 1537 1297 durch die das jeweilige Volkstemperament sich seine
592 1294 1005 1349 Ausdrucksmittel schafft.
655 1327 1540 1380 In diesem Sinne, und nur in diesem, kann man
592 1363 1546 1416 von einer österreichischen Literatur reden. Sowie
592 1406 1540 1460 man von einer mecklenburgischen, rheinischen, schwei¬
596 1446 1537 1499 zerischen oder — berlinischen Literatur reden kann
602 1486 1542 1532 Zwar betrachtet sich Berlin gerne als Zentrum. Das
596 1525 1542 1572 ist es aber nur im Sinne der Organisation. In der
603 1568 1548 1612 Produktion ist es genau so gut eine Provinz für
598 1599 1544 1659 sich wie alle andern deutschen Landschaften (wenn
590 1643 1542 1686 ich Berlin hier für einen weiteren Kreis von Nord¬
602 1684 1542 1727 deutschland setze). Ein Zentrum für die deutsche
596 1723 1542 1767 Produktion, das gibt es nicht — kann es nach der
598 1761 1544 1807 Beschaffenheit des deutschen Geistescharakters nie¬
598 1799 1543 1849 mals geben. Hier ist alles Provinz — so hart das
598 1836 1546 1888 auch klingen mag. Es braucht aber nicht hart zu
598 1878 1438 1929 klingen, wofern man es nur richtig versteht.
649 1911 1540 1961 So steht das österreichische Schrifttum selbstbe¬
596 1955 1549 2001 rechtigt neben jedem anderen deutschen Schrifttum.
598 1996 1556 2037 Aber nicht starr=abgeschlossen und geschieden, sondern
590 2031 1548 2077 in lebendigster, fruchtbarster Wechselwirkung. Erst
592 2071 1546 2118 diese Wechselwirkung macht ja das Ganze, macht
592 2112 1248 2158 unseren unvergleichlichen Reichtum.
649 2137 1550 2200 Nord und Süd, indem sie einander beschenken,
592 2191 1551 2236 geben im Grunde nur gegenseitig zurück. Fast möchte
596 2227 1543 2271 ich, statt Nord und Süd, noch lieber Protestantis¬
598 2270 1546 2318 mus und Katholizismus sagen. Wenigstens erklärt
602 2309 1549 2356 dies am ehesten, weshalb der Norden in sich die
596 2346 1542 2396 Berechtigung fühlt, sich in mancher Hinsicht als gei¬
598 2386 1546 2434 stiger Fuhrer zu betrachten. Zweifellos ging ja die
597 2426 1546 2469 geistige Bewegung, die das gegenwärtige deutsche
598 2467 1550 2508 Kulturbewußtsein schuf, von protestantischer Seite
596 2507 1543 2554 aus. Fast alles, was das in dieser Hinsicht grund¬
602 2542 1548 2589 legende achtzehnte Jahrhundert schuf, wurzelt im
598 2586 1546 2633 protestantischen Gedanken. Lessing und Herder,
596 2620 1543 2668 Goethe und Schiller, auch Kleist und Hebbel konnten
598 2659 1540 2703 nur aus protestantischem Boden und in protestanti¬
596 2698 1548 2748 scher Atmosphäre erwachsen. Doch schon bei Hebbel
592 2743 1544 2789 machen wir die bedeutsame Beobachtung, daß er
592 2777 1544 2829 im katholischen Oesterreich die Blüte seiner Schaf¬
590 2819 1543 2867 fenskraft, die lang ersehnte innere Beruhigung fand.
589 2866 1542 2913 Es wäre nicht uninteressant, einmal festzustellen,
589 2897 1548 2948 was Hebbel Oesterreich zu verdanken hat. Und
591 2938 1544 2988 man könnte dann auch auf die eigentümliche Paral¬
581 2970 1549 3026 lele hinweisen, die Johannes Brahms hierzu bietet.
592 3008 1540 3063 Und bei Brahms wiederum hätte man auf Beet¬
592 3053 1540 3102 hoven zu verweisen. Vielleicht käme man dann zu
590 3094 1543 3142 dem Grundresultat, daß der Norddeutsche und Pro¬
590 3131 1542 3181 testant in Oesterreich die Heimat der Musik suchen
592 3174 1544 3224 geht. Musik als Symbol und im weitesten Sinne
590 3210 790 3260 genommen.
649 3241 1549 3294 Was aber suchte der Katholik und Oesterreicher
598 3288 1550 3336 Grillparzer im Norden? Ich meine hier natürlich
596 3328 1543 3376 nicht seinen kurzen körperlichen Besuch in Weimar,
598 3368 1540 3411 sondern sein bewußtes und gläubiges Wohnen in
592 3406 1544 3458 der ihm von Goethe und Schiller bereiteten geistigen
592 3446 1544 3488 Heimat. Mit Grillparzer jedenfalls trat der bis
592 3480 1544 3532 dahin abseits stehende österreichisch-südliche Katholi¬
590 3525 1543 3579 zismus in die große deutsche, bis dahin vorwiegend
598 3564 1546 3610 protestantische Geistesbewegung ein. Hierdurch be¬
590 3603 1543 3648 deutet dieses Eintreten nicht mehr und nicht weniger
596 3644 1542 3688 als ein Niederreißen hemmender Schranken. Grill¬
598 3678 1544 3729 parzer, der in einer Fülle von Einzelzügen so ty¬
602 3721 1548 3761 pisch=österreichisch ist, in seinem Besten wie in seinem
596 3761 1543 3806 Schlechtesten, er ist doch in Wahrheit unter seinen
590 3796 1542 3847 Landsleuten der erste starke großdeutsche Poet. Bis
596 3833 1536 3885 dahin besaß Wien eigentlich bloß eine Lokallite¬
592 3878 1540 3926 ratur. Von jetzt ab wandte es sich mit mächtiger
592 3918 1538 3959 Stimme und voll inbrünstigen Werbens an das
598 3948 1534 3999 großdeutsche Gesamtpublikum. Es hatte seinen
598 3994 1534 4037 Willen und zugleich seinen Beruf bekundet, mitzu¬
590 4036 1542 4080 tun. Das gelang ihm in solchem Maße, daß in
592 4074 1538 4115 der Folgezeit selbst eine aufs schärfste herausgear¬
590 4111 1536 4176 beitete, bis ins Mundartliche gehende lokale Eigen¬
691 4164 1534 4234 Aus dem Aprilheft der Zeitschrift „Der Kunst¬
758 4229 1528 4275 Zeitschrift der Vereinigung der Kunst¬
597 4229 725 4273 freund“
1653 651 2426 727 -
1598 720 2532 777 art den Anschluß an die großdeutsche Literatur be¬
1608 765 2531 814 starken Talenten nicht zu hindern vermochte. Die
1598 806 2532 855 beweisen allein schon die drei Namen: Raimund
1598 847 2532 896 Nestroy, Anzengruber. Man möchte diesen dre
1604 882 2532 935 gegenüber sagen; je österreichischer, desto deutscher
1659 923 2532 966 Das ist es wohl, was Oesterreich unserer Dicht
1596 961 2542 1010 kunst in besonderem Maße gebracht hat; das voller
1596 1000 2537 1043 und innigere Aufgehen im Volkstum, das festere
1602 1039 2542 1088 Wurzeln im Volksboden. Ist nicht schon Grillparzer
1602 1070 2530 1121 ein viel entschiedener Oesterreicher als etwa Goethe
1602 1115 2548 1160 Franke oder Schiller Schwabe? Wir haben seitdem
1602 1153 2543 1197 begonnen, uns landschaftlich feiner und bewußter zu
1598 1192 2544 1235 differenzieren. Einkehr ins Volkstum war schon
1602 1230 2543 1271 eine Forderung der Romantiker. Doch es wurde bei
1602 1268 2542 1310 ihnen meist eine Einkehr ins Wolkenkulkuasheim.
1602 1305 2548 1352 Das Romantische mit dem Wahrhaft=Volksmäßigen
1602 1344 2549 1397 zu verbinden, gelang erst dem Genie Raimunds. Er
1602 1391 2538 1433 ist in dieser Hinsicht ein Vorläufer Gerhart Haupt¬
1598 1421 2544 1461 manns und vielleicht dessen organischster Widerpart.
1608 1462 2531 1510 In „Hannele", „Schluck und Jau“, „Pippa tanzt
1607 1499 2554 1546 schimmert Raimundsches Gold. Doch auch die andere
1610 1532 2538 1583 Seite bei Hauptmann, das Volkshaft=Realistische
1610 1575 2544 1622 findet in Oesterreich Vorbild und Ebenbild. Man
1604 1610 2546 1671 braucht nur an Anzengruber, Rosegger, Schönherr
1603 1656 1792 1713 zu denken.
1659 1669 2550 1741 Eine zweite Linie österreichischer Wortkunst geht
1598 1732 2550 1777 auf das Artistisch=Verfeinerte. Altklassische und
1598 1771 2544 1815 romanische Einflüsse verschlingen sich hier und wer¬
2361 1802 2554 1854 In Saars
1602 1806 2292 1855 den schon bei Grillparzer bemerkbar.
1608 1844 2549 1891 Lyrik finden sie ihre Fortsetzung: bei Hofmannsthal
1604 1884 2550 1930 erhalten sie ihre programmatische Prägung; den
1604 1919 2556 1969 feinsten Extrakt gab dann Rilte. Wie schulbildend
1602 1963 2548 2006 diese Richtung gerade in Oesterreich, bis ins
1610 1994 2550 2051 Feuilleton hinein, gewirkt hat, lehrt uns jeder Tag.
1609 2039 2549 2083 Auch die norddeutsche Prosa und Lyrik sind davon in¬
1614 2072 2555 2124 filtriert worden; nicht immer zu ihrem Vorteil
1614 2115 2549 2163 („die Dichter, welche österreicheln"). Das stärkere
1608 2152 2554 2198 Gefühl für Form, das geschärftere Ohr für Wohl¬
1604 2191 2556 2236 klang und Rhythmik sind südliche Elemente, die auf
1604 2227 2550 2277 dem Weg über Oesterreich hoffentlich noch einmal zu
1608 2269 2555 2321 deutschen Tugenden werden. Fand doch dafür die
1604 2299 2568 2356 nordische Psychologie eines Ibsen durch Schnitzer /
1607 2346 2560 2397 Heimatrecht auf Wiener Boden und, mit pariserischen
1604 2386 2551 2432 Einschlägen vermischt, eine höchst charakteristische
1614 2422 2554 2467 lokale Gestaltung. Als Vermittlernatur schärfster
1614 2460 2555 2510 Prägung, hüben und Prüben und in aller Welt
1614 2497 2560 2557 heimisch, läßt Hermann Bahr seine Stimme er¬
1614 2539 2555 2586 schallen, ein wirksamster Sauerteig=Umrührer. Er
1610 2575 2557 2627 lehrte Oesterreich österreichisch sein und hat gleich¬
1610 2615 2558 2666 zeitig die Fäden, die zu Deutschland führen, aufs
1614 2655 1920 2725 festeste geknüpft.
