3344 4256
1128 291 1558 387 box 41/6
279 306 952 389 Miscellanos
532 1342 1208 1432 .........
758 1454 1877 1523 Deutschland und wir wissen nichts davon." Je mehr unsere
121 1492 719 1540 istentum; und verdanken nicht
749 1500 1882 1573 Literatur von den Modernen, den Modemächten boykottiert
123 1527 713 1583 sie beiden Schlegel und sämtliche
754 1553 1881 1613 wird, um so mehr muß sie von uns ins Licht gestellt und ver¬
135 1582 716 1635 ihres Poesievorrates christlichen
753 1590 1882 1653 breitet werden. Im Interesse unserer ganzen kulturellen Position¬
125 1615 721 1666 damit kam es ja zum Niedergang
749 1628 1879 1706 die von der allmächtigen Literatur, wie schon hervorgehoben
128 1656 714 1716 der Kultur überhaupt, daß sie sich
754 1671 1886 1739 wesentlich bestimmt wird. Im Interesse auch der Entwicklung
135 1699 706 1754 den großen Ueberzeugungen und
758 1718 1886 1784 unseres Schrifttums, die um so reicher sein wird, je größer das vor¬
121 1739 714 1807 Religion löste, und, einmal dem
758 1766 1889 1831 stehende Publikum und das fördernde Mäenatentum. Genies singen
143 1786 724 1859 auch aller Enge und Ver¬
754 1804 1886 1872 ihr Lied unbekümmert um Beifall oder Boykott, singen noch
211 1829 714 1902 sieben Jahren hat ein
761 1856 1886 1922 auf dem Mithauen, wie Job. Der Entwicklungsgang der
145 1869 718 1940 der bekannte Literal Karl
761 1894 1876 1964 Talente aber läuft nicht unabhängig von äußeren Erfahrungen
128 1912 718 1974 interessantes Geständnis abgelegt,
766 1940 1891 2015 So manche la ente, noch ringend und suchend, noch nicht fertig
126 1960 716 2025 Modeschwätzern und ihren Nach¬
761 1990 1882 2058 in der Ueberzeugung, geraten ins Gegnerlager, wachsen in
131 2012 723 2067 tag: „Wer geht nicht, bei größtem
759 2028 1889 2106 fremde Welten und Glaubensbekenntnisse hinein, Talente, die
125 2050 719 2110 architektonische Kunst, schließlich
759 2078 1889 2150 sich positiv in unserm Sinn hätten entwickeln können, wenn
135 2098 719 2148 der Alten, die nicht nur gute
763 2118 1887 2190 ihnen nur auf Seite der Position nicht bloße Verständnis und
128 2133 724 2195 bietet, sondern lebendig amende
769 2168 1886 2239 Interesselosigkeit entgegengegähnt hätten. Es ließe sich da
131 2186 731 2233 in uralten Traditionen erzogene
766 2211 1887 2278 manch Interessantes über Typen wie Rosegger und Bartsch er¬
128 2219 721 2276 Italien nicht mit temperamen¬
766 2244 1887 2324 zählen Die Gegner schnappen nach jedem Talent, suchen
128 2266 728 2322 eigenen Landes! Wem impo¬
769 2294 1891 2362 das Werden seiner Weltanschauung in ihrem Sinn zu
121 2312 728 2372 sche Gottgläubigkeit mehr als der
1047 2332 1887 2412 füttern es im Fall des Gelingen
121 2344 729 2409 nasch ganz moderner Philosophie
766 2359 985 2424 beeinflussen,
1548 2381 1892 2442 ist auf unserer
761 2386 1435 2455 reichlich mit Gold und Ruhm
166 2394 733 2454 hundert Vorurteilen durchsetzte
774 2422 1889 2494 Seite nicht dasselbe werktätige Interesse für werdendes Lite¬
130 2439 736 2499 nehr Freude als die moralinfreie
766 2472 1895 2542 ratentum nötig? Müssen unsere Literaten prinzipiell Märtyrer
125 2487 731 2545 ! Der Ewigkeitssinn
774 2512 1897 2585 sein, Märtyrer, wie Eichert, Pfenner, Gangl Wie weiter
121 2523 728 2592 meration getrübt und
774 2550 1897 2626 könnten wir am Ende in unserem gesellschaftlichen, staatlichen,
128 2565 733 2625 ndige Zeitsinn. Die vom
772 2607 1894 2670 auch wirtschaftlichen Sein fortgeschritten, wie gesünder könnten
154 2611 734 2680 Chaos außer sich, weil es
769 2650 1899 2714 wir sein, wenn wir ebenso ein Schrifttum zu unseren Gunsten
130 2651 728 2723 en nicht zur höheren Freiheit,
774 2686 1897 2764 gefördert hätten wie die Geldbourgeoisie, die Kapitalistenwelt
131 2698 734 2769 in Freidenkerei, die Furcht vor der
772 2726 1894 2811 eines in ihrem Sinne? Wäre Oesterreichs Kraft heute nicht noch
128 2741 729 2799 daher diese epidemisch grassierenden
772 2781 1902 2841 viel stärker, wenn in seiner Presse und Literatur immer minde¬
143 2788 733 2842 denen doch ebensoviel Vorurteil
781 2817 1897 2891 stens ebenso stark der Heldengedanke und Heimatglaube als das
135 2827 741 2892 Philistermeinen. Darum ist aus
781 2859 1899 2937 seichte Weltbürger- und „Fremdtum" sich durchgesetzt hätten?
128 2872 741 2932 seine Geheimkultur hervorgegangen,
771 2902 1899 2982 Wäre es z. B. nicht auch wirtschaftlich besser um
135 2917 743 2989 die Tiefe und nicht zur Höhe des
769 2940 1902 3023 uns bestellt, wenn wir Dichter des sozialen Ge¬
150 2970 312 3037 vermag."
772 2994 1904 3082 dankens, der sozialen Gerechtigkeit gefördert hätten? Wären
131 3004 738 3083 steht auf christlicher Seite, man
781 3042 1904 3117 gewisse Ausschreitungen der Plutokratie der letzten Jahrzehnte
133 3067 744 3131 Sie wird zwar von der in der
776 3082 1904 3156 möglich, wenn in der Literatur und im Theater die
136 3108 739 3170 en Kritik fast ganz totgeschwiegen
782 3123 1905 3206 Plutokraten ebenso aufs Korn genommen worden wären, wie
135 3155 741 3218 ich praktisch weithin ganz bewußt
777 3166 1902 3241 von ihren Literaten die Junker und Pfaffen; wenn die Pluto¬
158 3196 739 3266 Literaturreferenten an — aber
781 3210 1905 3283 kraten die Ueberzeugung hätten, daß die Sonne der Literatur
135 3236 743 3306 en Tatsachen knechten lassen?
776 3256 1910 3336 ihre Schandaten beleuchtet, daß Literaten bereit stehen, nicht
140 3281 739 3347 das Catholica non leguntur,
779 3296 1910 3374 minder gegen sie ihr in Tyrannos in glühenden Bildern vor
136 3337 738 3397 (Katholika werden nicht gelesen,
781 3347 1907 3412 den Massen zu predigen, als es seinerzeit Schiller gegen die
135 3374 746 3434 dich. Maximilian Harden kon¬
135 3396 1469 3479 roße katholische Literatur lebt in Tyrannen auf den Thronen predigte
1990 1435 3035 1495 Tausende und Tausende Bücher werden in diesen Tagen
1925 1475 3047 1543 als Weihnachtsgaben gekauft und versandt. Mögen die Bekenner
1925 1520 3047 1585 des Christentums bei der Auswahl derselben jenes Selbstbewußt¬
1930 1563 3050 1635 sein, jenen Stolz und Freiheitssinn, jene vornehme Verachtung
1919 1621 3045 1678 von Modemächten an den Tag legen, wie sie Christen geziemen.
1927 1653 3050 1719 Wir sind nicht nur in Hinsicht auf die Vergangenheit überreich,
1922 1699 3045 1766 wir sind auch reich an bester Gegenwartsliteratur. Wenn man
1919 1736 3048 1804 nur wahrhafte Literatur will, d. h. nicht bloßen seichten, ledig¬
1922 1778 3043 1849 lich den Wortprunk suchenden und die Stimmung pflegenden
1925 1824 3050 1894 Feuilletonismus und Nervenästhetizismus, sondern Literatur voll
1925 1866 3048 1937 Geist, Charakter und Ideen. (Selbst wenn Hugo von Hoffmanns¬
1925 1907 3057 1980 thal schöner singen können sollte als Richard v. Kralik, so ist
1932 1952 3053 2020 doch ein einziges Bändchen von letzterem mehr wert als die
1930 1992 3048 2072 sämtlichen Werke von zehn Hoffmannsthal zusammen,
1930 2033 3055 2113 weil Kralik überreich an Ideen ist, in jeder Zeile
1925 2085 3055 2155 etwas sagt, während Hoffmannsthal in ganzen
1930 2130 3060 2204 Bänden nichts sagt.) Leider lassen sich die Durchschnitts¬
1925 2175 3050 2233 menschen allzusehr vom bloßen Stil packen, anstatt die Inhalte,
1932 2209 3055 2279 die Ideen zu werten. Schon Hebbel llagte: „Die Poesie des
1932 2254 3062 2322 Ausdrucks findet weit mehr Bewunderer als die Poesie der
1930 2293 3055 2369 Idee. Und doch ist sie nichts." Wir sind überreich an eigener
1930 2344 3062 2409 Literatur und sollten mit ihrer Förderung nicht immer erst
1930 2386 3060 2452 warten, bis das Lob der Andersdenkenden kommt. Vor zehn
1930 2420 3060 2497 Jahren schrieb, anläßlich eines deutschen Katholikentages, der
1929 2470 3060 2540 Liberale Max Lorenz im Berliner „Tag“ also über modernen
1930 2515 3062 2580 und katholischen Literatur= und Kunstgeist: „Wie, es sollte
1929 2562 3060 2636 dieser in der Tiefe von Jahrtausenden wurzelnden und in un¬
1932 2598 3062 2680 geheuren Schicksalen erprobten katholischen Weltmacht
1930 2640 3060 2718 nicht gelingen, das bißchen modernen Geist unserer Tage zu
1932 2691 3058 2756 verschlingen? Man nehme einmal einen von den hyper¬
1930 2724 3063 2798 modernsten Lyrikern, einem dieser in Mystizismus
1935 2778 3072 2852 schwelgenden Stimmungskünstler, und man vergleiche einmal,
1934 2817 3072 2886 wessen Stimmungsgehalt und wessen Kunstkönnen mit dem der
1935 2857 3067 2934 katholischen Kirche wetteifern kann, wie es sich in Jahrhun¬
1942 2901 3062 2974 derten angehäuft und wie es in unsere Zeit aus dem Abgrund
1937 2950 3067 3018 von Jahrhunderten herübergekommen ist! Erscheint dann der
1935 2990 3067 3068 naturalistisch-romantische Geist unserer Tage mit seinen mysti¬
1945 3038 3075 3108 schen Spielereien in seiner Kleinlichkeit nicht lächerlich?“ Mögen
1945 3093 3075 3151 sich die Christen, die in diesen Tagen Weihnachtsbücher kaufen,
1944 3130 3068 3196 bewußt sein, daß eine große christliche und wahrhaft patriotische
1942 3163 3073 3231 Literatur besteht und daß es immer, nach der blutigen Kriegs¬
1945 3218 3075 3278 heimsuchung zwiefach, Verrat am Credo und am Vaterland,
1945 3268 3072 3318 Verrat an der besseren Kultur von morgen und ihren Grund¬
1942 3298 3083 3374 lagen bedeutet — wenn diese Literatur zugunsten zweifelhafter
2832 3341 3043 3412 Dr. Eberle,
1942 3359 2504 3435 Modeware vernachlässigt wird.
