3392 4352
203 274 1026 393 Miscellanes
1201 261 1634 372 box 41/6
1877 136 3048 208 unseren vieljährigen Langmut und durch unsere Schafsgeduld,
1878 187 3042 258 nicht daran denkt, die Bretter, welche die Welt bedeuten und
1877 230 3038 305 die sie so lange behauptete, ohneweiters freizugeben. Bühne
1878 294 3042 354 und Presse soll ihnen, wie so vieles andere, allein gehören;
1881 334 3039 394 wissen sie doch, welche Macht das gedruckte und das von der
1878 381 3038 442 Bühne gesprochene Wort auf die breiten, an Herdenbewegungen
1883 430 3035 494 gewohnten Massen ausübt. — Aschylos, Calderon und So¬
1872 483 3044 540 phokles werden im „Sechsuhrblatt" gegen den neuen arischen
1877 526 3044 597 Mann ins Treffen geführt, womit natürlich Schnitzler,
1871 574 3042 642 Salten und andere „Dichter“ dieses Schlages gemeint sind.
1875 620 3044 682 Selbstredend blasen alle „liberalen Blätter in dasselbe
1875 670 3047 734 Horn. Alle! Die der Provinz nicht ausgenommen. Hier eine
1881 718 3045 786 Probe: „Der Bürgermeister begrüßte das christlich germanische
1869 775 3044 841 Schönheitsideal, das Herr von Milenkovich unter Ausschluß
1875 804 3038 870 der „quälenden" und „langweiligen Stücke zu pflegen ver¬
1887 858 3038 925 sprach. Damit ist die gewiß literarisch gemeinte Programmrede
1871 916 3041 984 in — jetzt kommt der Hiebt — eine parteipolitische (!)
1875 956 3041 1035 Beleuchtung gerückt, die besser vermieden worden wäre
1926 1021 2937 1059 wir leben doch in den Zeiten des Burgfriedens¬
1869 1036 3047 1124 u. s. f. Ja, der „Burgfrieden!“ über diesen schimpflichsten
1865 1121 3044 1180 aller Frieden schrieb ich gerade vor einem Jahre an dieser
1872 1156 3039 1223 Stelle: In unserer großen Zeit spricht man viel und gerne
1869 1198 3035 1278 vom „Burgfrieden“ — Schonzeit also für jenes ver¬
1872 1253 3038 1321 kappte Gelichter, das unter den verschiedensten
1864 1300 3038 1364 Masken im sicheren Hinterlande sein Unwesen
1866 1358 3035 1414 treibt, dessen schleichendes Gift nicht weniger Schaden an¬
1861 1399 3035 1466 richtet, als die vernichtenden Bomben des erklärten Feindes
1932 1453 3032 1508 das Kino mit seinem nervenaufpeitschenden Lasterdarstel¬
1859 1499 3035 1564 lungen (zumeist noch immer welsche Filme!), wie nicht minder
1861 1552 2648 1625 das moderne Stück (Schnitzlerschul¬
2677 1555 3039 1623 — gegen diese
1861 1611 3035 1654 „Kunst nichtungen General¬
1864 1653 3033 1702 sturm geblasen werden. Krieg dem alles Heilige ver¬
1869 1702 3035 1755 höhnenden Geiste der Ich, Hab- und Genußsucht, Krieg dem
1869 1749 3029 1821 Pharisertum, Krieg überhaupt jener — Richtung, die das
1869 1795 3029 1859 große Unheil über die Welt gebracht hat. Erst mit der Nieder¬
1872 1846 3032 1917 zwingung der Gesellschaftslaster wird der Weg frei werden
1866 1896 3030 1963 für eine bessere Zukunft. Die gute Presse und eine reine
1859 1949 3032 2010 Kunst können viel dazu beitragen. Es hat beinahe den An¬
1864 1995 3030 2055 schein, als ob mein frommer Wunsch, wenigstens teilweise, de¬
1864 2041 3026 2108 Verwirklichung entgegenginge. Jedenfalls stünde es weit besser,
1853 2087 3041 2153 wenn der „Burgfrieden“ sowie das Zensurhemmnis schon längst
1856 2141 3047 2207 ausgeschaltet wären. Wo der Burgfrieden nicht neu¬
1853 2194 3032 2253 reicht, tritt die Unverschämtheit in ihre Rechte. Das Unglaub¬
1859 2234 3035 2308 lichste an Unverschämtheit leistet sich der Wiener Mitarbeiter
1852 2285 3041 2353 des „Prager Tagblattes“ mit dem Schimpfartikel: „Der
1853 2328 3026 2396 Burgtheaterskandal“. Der saubere „Schornalist be¬
1858 2390 3018 2449 zeichnet die Berufung Morolds, dieses „Amateur-Schriftstel¬
1858 2436 3020 2491 lers, zur Leitung des Burgtheaters als — „Skandal." Kleri¬
1861 2480 3030 2538 kals und deutschradikale Blätter im Bunde hätten an dieser
1861 2526 3020 2597 Berufung keinen geringen Anteil, bekenne sich doch Mar Mo¬
1861 2575 3020 2639 d (dem Himmel sei Dank) zur „neuen Zeit", zu jenem
1866 2634 3038 2688 Neusterreichertum, das in der Tapezierung des optimistischen
1858 2676 3023 2738 Untalents seine Mission sieht. „Er liebt heißt es weite¬
1866 2731 3021 2786 „jenen Positivismus, der sich architektonisch in der Fassade des
1862 2778 3021 2840 Kriegsministeriums, belletristisch in den Romanen der Herren
1853 2836 3020 2888 Ginzkey und Hans Michael Schöps, dramatisch in den Schöp¬
1861 2870 3020 2934 sungen der Herren Kralik, Keim und Csokor und politisch in
1853 2922 3020 2978 den Namen Hummer und Pacher ausdrückt (von offizielleren
1859 2971 3014 3036 nicht zu reden). Man spürt, daß ihn der „frische Hauch
1858 3026 3014 3078 mit hereingeweht hat. (Endlich!) Er riecht nach Reform (glück¬
1853 3064 2542 3130 licherweise nicht nach Judoform
2677 3069 3024 3140 an Haupt und
1853 3121 3015 3176 die Glieder..." Schöner internationaler Sprachstil
1853 3173 3017 3236 — Wer den tiefgründigen Künstler Max Morold kennt, wird
1850 3220 3014 3267 empört sein über Schmacks gemeine Absicht, einen Hochstehen¬
1846 3270 3017 3330 den, dessen Geistesadel anerkannt ist, aus reinem Rassenhaß
1850 3321 3017 3385 vor aller Welt bloßstellen. „Gäbe es in Wien noch mann¬
1850 3364 3020 3433 baren Geist“ (!) — mit diesem Satze beschließt der Wiener
1847 3414 3017 3472 Preßjude seinen gistsprühenden Schmähartikel — „man brauchte
1850 3460 3012 3516 jetzt das „christlich germanische und wie die nebulosen Ge¬
1841 3516 3014 3577 hirnbilder des Herrn Morold noch lauten mögen, nicht ernst
1844 3559 2076 3629 zu nehmen."
1935 3595 3018 3688 Das Gegeifer gegen ein offenes Bekenntnis zum Deutsch¬
1835 3671 3015 3731 tum und zum Christentum zeigt die Internationalen in ihrer
1837 3718 3007 3779 waschechten Wesenheit. Deutlicher denn je tut sich vor uns
1843 3760 3008 3834 der endlose Abgrund auf, der zwischen christlichem Germanentum
1844 3817 3008 3872 und jüdischer Rassenart besteht. Diese Offenbarung, ein
1853 3859 3011 3948 Segen des furchtbaren Weltkrieges, wird und muß zur Er¬
1841 3908 2222 3989 kenntnis führen.
2575 3912 2977 3995 Franz Goldhann.
