3344 4320
172 235 258 337 1
1171 227 1621 333 box 41/6
313 235 998 341 Miscellaneous
2091 1233 3026 1343 er von gegen erweise sorte deue¬
3058 1237 3320 1347 gliedern des
1135 1265 2071 1374 Auffassung, daß Herr v. Bethmann Wilson und
2098 1312 3018 1362 flaute in den Abendstunden wieder ab. In
3062 1319 3206 1382 schusses.
1135 1343 1601 1409 Gerard getäuscht habe.
2091 1355 3026 1405 Ludowagebiet beiderseits des Oito= und
3097 1331 3332 1425 Zum Schlu¬
1174 1382 2071 1456 Das gegenseitige Nichtverstehen beruhte auf
2095 1402 3030 1449 des Stanic-Tales lebhaftes feindliches Störungs¬
3054 1378 3332 1468 das es leider
2098 1449 3332 1503 feuer und vereinzelte Patrouillentätigkeit. An des internati¬
1112 1437 2071 1507 der Verschiedenheit der Mentalität. In demo¬
2102 1539 3026 1597 Oesterreich in der Schweiz mit seinem geistigen
1135 1543 2071 1605 Mischung abgeben kann. So müßte Wien Pro¬
3054 1546 3332 1613 blicklich Franz
2098 1589 3034 1648 Besitz werden müsse, und habe zur Unterstützung
3058 1589 3308 1652 den Völkern
1135 1589 2071 1652 paganda in Deutschland machen, wenn Deutsch¬
2102 1636 3018 1695 folgendes Gespräch erzählt, das ich mit einen
3062 1644 3332 1707 den ungalan
1131 1640 2075 1715 land das nicht von selber verstehen lernen will.
2102 1691 3030 1742 Schweizer an dem Tage hatte, an dem die ersten
3058 1691 3328 1754 einer meist so
1171 1683 2071 1762 Aber Wien geht nach Neutralien. Im Krieg
3069 1738 3332 1805 vert choux!
1139 1734 3018 1809 sind die Neutralen ja auf einmal in Hausse deutschen Internierten in Zürich an der Uni
2098 1785 2701 1844 versität immatrikuliert wurden
3105 1785 3336 1856 Gewiß hatt
1135 1785 2063 1844 geraten, besonders solche, die, wie die Schweiz
388 1762 810 1895 Die Zeit, Wien
2134 1805 3030 1895 Als wir eine Gruppe solcher Offiziere sahen,
3058 1824 3328 1899 thal wurde el
1135 1836 2067 1922 ihre Sprache zwischen drei Völker teilen. All¬
2102 1871 3324 1946 sagte der Schweizer, in Mann von Namen: um eine Sch
1139 1883 2075 1942 Nationen, die geistigen Besitz haben, werden
262 1887 529 2012 19
3058 1934 3328 2012 einige Blut¬
2098 1938 3034 1997 „Hätten wir doch auch österreichische Offiziere an
1131 1934 2075 2001 hier, und alles wird doppelt blau und rot
2098 1977 2506 2055 unserer Universität!
3054 1969 3328 2044 das Theater¬
1131 1985 2067 2044 unterstrichen. Die Deutschen brachten ihre Musik
2142 2028 2474 2091 Ich: „Weshalb
3054 2020 3328 2102 Leblanc-Mae
1139 2036 2071 2095 ihr Kunstgewerbe, ihren Reinhardt hin. Die
3105 2087 3336 2142 Denn es ist
2142 2048 3018 2134 Der Schweizer: „Wissen Sie, die Oester
1139 2079 2075 2142 Franzosen warben zunächst, in der irrtümlichen
2102 2126 3030 2188 reicher haben mehr das, was wir an den
3062 2110 3328 2196 Kunst gehört
1135 2134 2063 2185 Auffassung, daß auch dem Charakter andere
333 2008 916 2228 Feuilleton
3065 2177 3336 2243 Volkes in se¬
2098 2177 3026 2259 Deutschen lieben; die Deutschen mehr das, was
1135 2181 2071 2239 Völker die verheerende Verleumdungsfreude
2098 2224 2643 2282 wir an ihnen fürchten.
3062 2228 3324 2286 Masse eines
1135 2232 2071 2314 innewohne, die den ihrigen stempelt, mit den
290 2204 994 2318 Wiener Propaganda.
2138 2247 3034 2333 In demselben Vortrag legte ich den Wienern
3062 2282 3332 2345 Aeußerungen
1143 2282 2059 2333 Greueln der Deutschan in Belgien un
215 2294 1112 2384 Man liebt Wien, begeistert sich drum, spottet
2098 2322 3022 2392 nahe, ihre Philharmoniker, Schnitzler und Hof
3062 2329 3324 2396 solchen Prop¬
1139 2326 2075 2388 der Oesterreicher und Ungarn in Serbien.
168 2345 1104 2416 drüber, erbost sich dagegen, so wie es ist...
2102 2369 3030 2431 mannsthal und das Burgtheater nach der
3054 2376 3332 2439 zu wirken,
1147 2372 2075 2439 Jetzt, wo sie erkannt haben, welchen Widerwillen
172 2408 1100 2470 wie es als Stadtlegende durch die deutsche
2102 2416 3030 2478 Schweiz zu schicken. Die Schauspieler sollten dor¬
3065 2431 3324 2494 die Nerven¬
1135 2427 2063 2490 die schmutzige Angelegenheit ihrer Greuel
168 2463 1108 2525 Länder besteht. Die Legende einer schönen Stadt
2098 2474 3034 2529 „Tell“, Grillparzer und Schnitzler spielen. Ja, ich
3101 2478 3312 2537 Aber das
1135 2474 2071 2533 kommissionen in der Schweiz hervorrief, haben
180 2510 1081 2560 in der alles verbindlich lächelt, statt „Morgen"
2098 2521 3034 2580 habe sogar mit Ministern diese Angelegenheit
3054 2517 3332 2592 erreicht. Es
1135 2529 2071 2584 sie sich auf Madame Bartet und die gestelte
180 2556 1108 2611 „Servus" sagt, und mit „Kiß die Hand!" nicht
2098 2572 3034 2623 beraten, und der damalige Ministerpräsident hat
3058 2572 3328 2639 und seine W
1143 2580 2059 2639 Comédie Française besonnen und sich geänder
180 2607 1104 2686 so sparsam umgeht, wie das reichsdeutsche
1171 2619 3026 2678 Ja, vor einer gewissen Zeit glaubte man, das sich zwei Tage vor seinem Abschied dafür ein¬
3062 2623 3324 2690 machten dor
180 2662 1104 2725 Ethos, das Wort und Tat nicht auseinander
2102 2666 3030 2725 setzen wollen... Nun, die Burg kam nach der
3062 2666 3324 2733 die Modehän
1143 2662 2071 2729 sei Propaganda. Ich selber habe im November
168 2709 744 2776 denken will, wünschen mag.
2098 2713 3026 2776 Schweiz. Sie spielte andere Dinge. Meinet¬
3058 2729 3328 2787 Wienerin in
1135 2729 2071 2780 1916 in einem Vortrag in der Wiener Urania
215 2737 1112 2823 Gut! Also man versteht Wien nicht. Nur
2102 2768 3026 2823 wegen: Zürich hat sich unter der Heroldrufer¬
3062 2772 3332 2850 teuer sind (
1139 2780 2075 2834 mitgeteilt, die Schweizer deutscher Zunge
168 2807 1108 2881 wenige Reisende wollten oder konnten in seine
2102 2819 3038 2874 schaft des tüchtigen Dr. Korrodi revanchiert. In
1135 2819 2071 2878 lechten nach Austausch von geistigem Verkehr
3058 2819 3324 2889 teurer, un
172 2862 1108 2940 wiespaltige Seele hineinblicken, in der sich neben
2098 2874 3026 2925 den Zeitungen an der Donau wie in denen am
3058 2866 3328 2936 der etwas
1135 2866 2063 2925 mit ihren Sprachgenossen im deutschen und
176 2913 1112 2975 Oestlichem Bajuvarisches, neben Weichheit Un¬
2102 2909 3026 2971 Limmatkai erschien ein Austausch allerverbind
3058 2917 3328 2991 mittägigen
1135 2921 2071 2979 österreichischen Reich Deutschland habe bis jetzt
180 2960 1108 3018 erbittlichkeit, neben hönigsüße Münder Vorstadt¬
2106 2968 3030 3018 lichster Gefühle. Die Neue Zürcher Zeitung war
1139 2971 2067 3026 eine Propaganda dort nur mit Dingen gemacht
3058 2964 3332 3050 die mitterna¬
176 3015 1112 3089 brutalität, neben Versagen steilstes Wollen so
2098 3018 3034 3077 fast wienerisch graziös geworden in diesen Tagen
3101 3015 3332 3077 Denn die
1143 3022 2067 3073 die die Schweizer an ihm fürchten: mit der auf¬
176 3058 1002 3136 bedrohlich manchmal zu stellen vermögen.
2098 3062 2490 3132 und unterm Strich
3058 3062 3328 3132 kamen nicht
1143 3069 2071 3140 saugenden Kraft seiner Industrie und seine
1147 3116 1378 3183 Handels.
2138 3085 3328 3175 Aber ich weiß nicht, Thalia hat sich doch als die Kleider
215 3116 1104 3183 Und Wien macht jetzt Propaganda um sich
3065 3167 3332 3234 hängten, sond
2098 3171 3038 3226 etwas zu eben Ausfließendes, als etwas zu
176 3163 1112 3226 Hat es das nötig? Liegt ihm das? Wohl! Wien
1178 3136 2075 3222 Ich habe auch, auf die Anschauung gestützt,
3062 3214 3324 3273 mit einer
1135 3210 3030 3277 daß die deutsche Montalität die österreichische überkommen Gleichmäßiges gezeigt. Sie kam,
180 3222 1108 3281 soll man in Deutschland als einen Hefeerzeugen
3062 3257 3312 3328 Bezeichnung
1143 3273 2071 3351 zur Ergänzung nötig habe, in jenem Vortrag in
2102 3265 3030 3324 wurde gesehen und vergessen. Einmal spricht
172 3273 1108 3324 ansehen, der dem germanischen Sauerteig da¬
180 3316 3328 3379 so notwendige Ferment zur Vollendung seiner Erlebnissen vorgezeichnet, weshalb gerade Thalia Deutsch, einmal Italienisch und augen die blonde M
