3344 4384
144 313 230 405 1
1153 310 1584 411 box 41/6
305 312 983 434 Miscellaneous
245 950 1332 1073 und uns
901 1035 1131 1125 Sondio.
253 1051 408 1117 vom
699 1221 1205 1322 Der Morgen Wien
250 1352 1345 1474 Karitate der Woche.
424 1459 1179 1551 Hofrat Max von Milenkovich
462 1541 1166 1613 der neue Direktor des Burgtheaters
642 1598 1350 1655 erhielt anläßlich seiner Ernennung den
642 1649 1353 1727 Hofratstitel, der bisher den scheidenden
637 1686 1092 1771 Direktoren zu Teil wurde.
304 3590 1332 3691 „Hoffentlich ist dieses ein Anfang und kein Ende!“
424 3640 1197 3737 weh, jetzt hab' ich Schnitzler zitiert!
2168 1402 2891 1521 Ost. Illustrierte Rundschau
2462 1482 2617 1567 Wien
1773 1590 2955 1693 Das neue Burgtheater. Was Laube das Burg
1657 1649 2958 1711 healer, für das deutsche Theater gewesen in, das ist wohl
1657 1699 2955 1763 schon oft gesagt worden. Ihm verdanken wir den Begriff der
1660 1760 2956 1817 modernen Regie. Bei Laube gilt aber auch das, was von
1655 1801 2548 1866 den Klassikern galt. Kleinliche Epigenen
1657 1851 2547 1915 suchten ihm nachzustreben, sie vergaßen Zeit
1657 1902 2553 1956 und Raum und was unter Laube Revo¬
1657 1949 2553 2010 lution und Reform ward, wurde hier zur
1668 2001 2552 2075 Dekadenz. Die Burgtheaterkunst entwickelte
1667 2046 2552 2106 sich sehr einseitig, zum Blumenthal,
1660 2099 2548 2152 Auernheimer und Schnitzler. Wenn
1657 2148 2548 2202 es sehr hoch ging, so würde noch daneben
1662 2199 2547 2256 Schönherr gepflegt. Alles Herrschaften,
1660 2246 2548 2303 die unsichtbar untereinander verknüpft waren
1660 2294 2548 2349 und in die man hie und da, wie im Falle
1667 2346 2548 2403 Schönherr, einen Nichteliquegenossen
1657 2390 2553 2445 gegen seinen Willen hineintrug. Nun
1667 2442 2555 2496 kommt ein Mann, dessen Zukunft schon in
1664 2488 2555 2548 seinem Programme verankert liegt. Er will
1664 2539 2560 2599 das erste deutsche Nationaltheater
1664 2591 2555 2661 wieder seiner ursprünglichen Aufgabe zu¬
1667 2638 2548 2694 führen. Daß er da Gegnerschaften zu
2681 2641 2976 2715 Hauptmann. d.
1657 2684 2565 2751 bewältigen haben wird, das wird wohl
2607 2697 2986 2743 Besitzer der Militärverdienst
2604 2736 2984 2774 Anerkennung“ mit den Schwe¬
1667 2731 2552 2800 auch die Generalintendanz in ihr Kalkul
2597 2765 2984 2823 des Casernen Kreute, und des
2690 2798 2983 2860 dens mit der Krieg
1664 2788 2556 2847 gezogen haben. Vielleicht wird auch ein
1657 2832 2553 2894 ganz anderes Publikum ins Parterre ein¬
1668 2854 2966 2945 ziehen. Aber das Hoftheater braucht Gott sei Dank nicht die
1657 2935 2966 2989 Kunst vom Standpunkte des Kassenrapportes allein zu
1660 2979 2966 3046 betrachten. Es gilt viel gut zu machen. Kranewitter,
1668 3028 2956 3087 Gans=Ludássy, eine ganze Legion fähiger Deutsch¬
1664 3079 2968 3131 österreicher wartel darauf, im Burgtheater zu Worte zu
1664 3130 2968 3190 kommen. Ein Herr Schriftsteller Anton Kuh (wer kennt ihn
1672 3180 2968 3242 wohl beflegelte im „Prager Tagblatt“ Max Morold wegen
1675 3234 2973 3298 seines germanischen Kunstideals. Dem „Berliner Tagblatte“,
1668 3276 2976 3334 das Kuhs Auslassungen nachdrucken wollte, wurden von der
1672 3327 2970 3386 Zensur taktvoll diese Albernheiten gestrichen. Was solch ein harm¬
1667 3371 2971 3441 loses Bekenntnis zur Ehrlichkeit und liquefreien Arbeitsaus¬
1657 3423 2228 3515 ch alles anrichten kann.
