3344 4320
1168 292 1598 411 box 41/6
315 305 992 426 Miscellaneous
716 1243 857 1315 Heft 1
1974 1249 2148 1320 Seite 27
1208 1245 1571 1320 KRITIK
1423 1363 2064 1523 et de
1136 1486 1737 1617 Ein Experiment.
814 1610 2047 1678 Burgtheater: „König Lear", Dr. Ludwig Wüllner in der Titelrolle.
821 1728 2145 1836 Im Parterreraum, vielleicht in Logen, sitzen die Besucher der
736 1801 2145 1869 vierten Gallerie von damals. Sind um zwanzig Jahre älter ge¬
734 1861 2148 1927 worden, abwägender, haben böse Burgtheaterzeiten mitgemacht:
721 1929 2141 1999 ein Direktor, feinnervige Persönlichkeit, Reinbegriff des Litera¬
734 1983 2148 2047 turmenschen, erfüllt mit grossangelegten Plänen, ein Meister des
725 2041 2148 2105 Für und Wider, leider. Kein Zugreifen, kein Drauflosgeher. Die
734 2102 2148 2161 grossen Säulen geborsten, mangelhafter Ersatz am Werk, Dekla¬
723 2166 2139 2232 matoren statt Schauspieler. Eine weinerliche, schwächliche Burg¬
730 2221 2150 2280 theaterperiode. Man soll ihm nicht das Geringste nachsagen. Ein
730 2269 2148 2330 Edelmann. Umringt von vielen, vielen Beisitzer angeblich litera¬
734 2328 2150 2417 rischer Abende im Gartensalettl. (Man liest vor, es wird gestri¬
727 2378 2150 2467 chen es wird Rücksicht genommen auf dort und da, was der
729 2449 2148 2510 Dings sagt, muss auch berücksichtigt werden, er kann dann ehr¬
730 2508 2148 2570 lich loben, weil er die Mängel jetzt schon beseitigt weiss. Das will
734 2569 2150 2649 seinen Einfluss durchgesetzt sehen, bei Gott, sonst gibt Prügel.)
743 2624 2154 2693 Gibt es noch immer Leute, die nicht wissen, wie Literatur ge¬
730 2679 1015 2756 macht wird?
825 2741 2154 2811 Seit Thimigs Regierungsantritt: ein Stillstand sondergleichen,
721 2805 2150 2862 bedingt durch den Krieg, Rücksicht auf manchmal pathologische
730 2859 2154 2927 Forderungen (das pedantisch strenge Ausschalten der Dichter
730 2925 2148 2991 nicht österreichischer oder reichsdeutscher Staatsangehörigkeit)
734 2980 2154 3042 und Anderes. Ein Rückschritt — Nein. — Eine Reihe vorzügli¬
739 3042 2157 3090 cher Klassikeraufführungen, ohne Reklame ins Werk gesetzt, lei¬
736 3092 2154 3142 der von nur Wenigen bemerkt, ist hervorzuheben. Dieses Ver¬
736 3146 2154 3215 dienst entschädigt reichlich für die Unbilden einer Zeit, die tat¬
730 3208 2154 3279 sächlich aus den Fugen ist. Schnitzler, Schönherr und andere gu¬
739 3269 2161 3333 te oder mittelmässige Konstrukteure des Erfolges? — Man liest
736 3326 2159 3393 hier zu wenig deutsche Meinungen. Die literarische Grenzsperre,
736 3383 2162 3448 die Selbstzensur einer verwilderten Massenmeinung, hat auch im
736 3436 2161 3500 Reich schwere Repertoiresorgen gebracht. Die bundesfreundlich
739 3498 2162 3582 nur zu gerne gewährte Aushilfe ist von ernsten Leuten abgelehnt
2316 1568 2435 1769 1
