3392 4352
1144 306 1578 414 box 41/6
300 319 972 424 Miscellaneous
277 657 806 749 Börsenblatt f. d. Dohn. Buchhander.
1326 669 1546 759 Redaktion
226 787 1501 851 vielgestaltigen Bau Osterreichs kennen zu lernen. Wo können sie
226 838 1498 899 bessere Führer finden als in Österreichern selbst, die mit offenen
230 889 1501 944 Sinnen und warmem Herzen ihr Vaterland lieben? Zu diesen
233 940 1492 994 gehörte Hugo Zuckermann, der seinen glühenden Patriotis¬
230 988 1495 1042 mus mit dem Tode auf einem Schlachtfelde Galiziens besiegelte
230 1030 1492 1090 und uns in seinen wundervollen Gedichten eine kostbare Erinne¬
230 1084 1495 1141 rung an sein kurzes Wirken hinterließ. Ob viele Deutsche im
230 1132 1492 1189 Reich diese Lieder kennen, die in einem kleinen, strebsamen
230 1183 1492 1237 Verlag (R. Löwit) in geschmackvoller Ausgabe erschie¬
230 1227 1498 1285 nen sind? Auch das von Schroll & Co. in Wien so laut
230 1278 1495 1332 angekündigte Werk Hermine Cloeters: „Häuser und
230 1329 1504 1390 Menschen von Wien ist ein Führer durch Österreich, denn in
233 1371 1498 1431 Wien, der laut pochenden Seele des Staates, strömt gewisser¬
230 1428 1501 1485 maßen das ganze Leben Österreichs zusammen. Es darf nicht sein,
230 1473 1501 1530 daß diesem Buche, weil es innerhalb der schwarz=gelben
230 1524 1501 1587 Pfähle gedruckt wurde, die Bahn für weiteste Verbreitung verlegt
220 1571 347 1632 wird
309 1603 1501 1683 Die Organisation des deutsch=österreichischen Buchhandels an
236 1673 1498 1740 sich beder et bereits die Erfüllung jenes Wunsches, den Friedrich
226 1734 1489 1788 Naumann für das gesamte Gebilde Mitteleuropa hegt: eine
230 1779 1495 1833 Vereinigung, die die Grenzen überbrückt und durch ihre innere
226 1826 1498 1884 Stärke imstande ist, eine führende Rolle auf dem Weltmarkte zu
230 1877 1489 1932 spielen. Aber Österreich ist in dieser Verbindung noch zu unselb
233 1928 1495 1983 ständig, man möchte fast sagen, gedrückt; erst wenn es Vertrauen
230 1976 1495 2030 zu seiner Leistungsfähigkeit bekäme und ihm von deutscher Seite
223 2027 1495 2085 das nötige Entgegenkommen bezeigt würde, könnte es ein wirk¬
233 2066 1492 2126 lich wertvoller Bundesgenosse sein. Ein reger gegenseitige
226 2120 1492 2174 Austausch im deutsch=österreichischen Buchhandel käme somit bei¬
226 2174 1489 2241 den Teilen zustatten und würde ihm neue, starke Kräfte zuführen
316 2225 1498 2282 Schreiben wir diese Hoffnung mit auf den langen Wunsch¬
230 2282 1501 2340 zettel, mit dem wir den Frieden erwarten, und ihre Erfüllung wird
230 2330 1492 2384 um so sicherer sein, je weniger wir es beim ruhigen Zuwarten be¬
236 2381 1504 2432 wenden lassen und auf jeder Seite das Unsrige dazu tun, das er¬
236 2429 711 2505 strebte Ziel zu erreichen.
685 2524 1036 2623 Karl Pauli.
226 2579 1504 2690 (Zu seinem sechzigsten Geburtstag, am 8. März 1916.)
306 2662 1498 2735 Dreihunderdreiunddreißig drei Drittel Meter vor Greiffenberg
226 2725 1504 2783 rechts liegt ein Dorf „Niederwiesen. Es ist nur ein kleines Dorf,
2400 2620 2639 2808 .
230 2770 1508 2821 wo mein Vater Pastor war, und besteht nur aus einer Kirche, zwei
236 2811 1511 2872 Pfarrhäusern und einem Wassertrog. Dort wurde ich geboren, d. h.
226 2856 1307 2929 nicht in dem Wassertrog, sondern in einem der Pfarrhäuser
306 2869 1508 2964 Die Sucht, Papier zu entwerten, entwickelte sich bei mir schon
236 2942 1501 3006 sehr früh. Mit sechs Jahren dichtete ich, mit neun Jahren schriel
236 2968 1619 3047 ich mein erstes Trauerspiel, das von so tragischer Wirkung war, daß digte
1530 3025 1638 3079 zu Be=
226 3034 1501 3089 meine beiden Schwestern, als ich es ihnen vorlas, davonliefen, weil
1530 3063 1638 3121 des
226 3076 1501 3130 es ihnen zu gruselig war; ich glaube heute, daß es wirklich zum Davon¬
233 3111 1632 3207 laufen war, aber ich ließ mich nicht abschrecken und machte Gedichte aussi
1524 3159 1638 3210 wählt
236 3178 794 3229 oder schrieb Räubergeschichten.
1530 3200 1654 3254 danken
309 3181 1501 3258 So ging die erste Jugend dahin; ich kam aufs Gymnasium nach
1530 3248 1648 3296 Sonn¬
236 3258 1498 3315 Lauban. Leider an einen Klassenlehrer, der mich nicht leiden konnte
236 3283 1654 3356 einen kleinen, nervösen, boshaften Menschen, der mir das Leben ver= behr
236 3344 1501 3401 bitterte, weil ich zu lebhaft war, und der micht kränkte, wo er mich nur
1527 3334 1648 3430 Versa
236 3385 1501 3442 kränken konnte. So gab er mir einmal den Satz: Pastorsöhne und
236 3414 1654 3490 Müllerküh, wenn's gerät, ist's gut Vieh, aber's gerät niele fünfund¬ in den
2034 3427 2795 3541 an dieser Stelle veröffentlichte
1536 3465 1654 3519 sonder
233 3474 1508 3541 zwanzigmal abzuschreiben. Ich gehorchte, setzte aber dem Spruch
1833 3481 2168 3557 1400 Millimeter,
1536 3506 1772 3576 Skizze Kurt
233 3519 1504 3576 noch eine Zeile hinzu, die lautete: „besonders, wenn's einen Lehrer
1606 3525 2802 3602 Im zweiten Teil des Abends trat unser Berufskollege in seiner
242 3560 1501 3624 hat wie Siele und machte in jedem Worte einen orthographischen
1533 3570 2799 3643 lyrischen Harmonie Sonnensommers den Zuhörern als ein Dichter
233 3611 370 3691 Fehler
319 3618 2802 3707 Diese Untat brachte mir zwei Stunden Karzer ein, aber sie hatte von Gottes Gnaden entgegen, der eine sprachliche Meisterschaft besitzt,
239 3682 2802 3752 Erfolg, von da an ignorierte er mich vollständig, und weiter wollte die den zartesten Stimmungen in prächtiger, vorbildlicher Weise gerecht
1530 3726 2795 3777 wird. Jedenfalls läßt diese Dichtung noch Großes von Otto Niebicke
242 3739 1504 3796 ich ja nichts. Nur als er seine letzte Stunde gab — er wurde ver¬
1530 3771 2799 3822 erwarten. Der Vortragende verstand es auch bei dieser Dichtung, den
249 3780 1498 3847 setzt —, sagte er, nachdem er von den andern zusammen Abschied ge
1533 3809 2792 3870 Zauber, der über der Erinnerung eines herrlich und in Schönheit
242 3828 1501 3886 nommen hatte: „Aus Ihnen wird nie etwas, Sie werden woh
1530 3850 2795 3914 verlebten Ferienaufenthalts ausgebreitet ist, bei den Zuhörern zu er¬
236 3870 1355 3937 Schauspieler oder Schriftsteller werden und lächelte höhnisch
1540 3898 2795 3956 wecken. Otto Riebicke dankte zum Schluß für die ihm erwiesene Ehre
316 3905 1508 3972 Nun, wer zuletzt lacht, lacht am besten, er hat ja recht behalten;
1540 3946 2789 3997 und gab dem Wunsche Ausdruck, auch den zweiten Teil seiner feld¬
245 3949 1511 4019 ich bin beides geworden, aber anders, als er sich gedacht. Fünfund¬
239 3991 2792 4070 dreißig Jahre war ich beim Theater; mein letztes Engagement war grauen Straßes gut zurücklegen und bald wieder seine Kräfte voll¬
239 4029 2493 4102 am Königlichen Schauspielhaus in Berlin, und als Schriftsteller habe ständig dem geliebten Buchhandel widmen zu können
1606 4061 2799 4134 Die Beteiligung war eine mäßige zu nennen, trotzdem doch wohl
249 4093 1508 4153 ich achthundert Beiträge: Erzählungen, Novellen und besonders Humo¬
1543 4121 2799 4172 Interesse für diesen Abend in den weitesten Berufskreisen vorausge¬
245 4134 1517 4198 resken geschrieben, die alle in guten Blättern erschienen sind, dabei drei¬
1540 4163 2799 4220 setzt werden mußte, ein Eintrittsgeld nicht erhoben wurde und
249 4182 1504 4243 undvierzig Theaterstücke, von denen ein großer Teil aufgeführt ist
