3392 4224
1152 307 1577 412 box 41/6
278 311 964 429 Miscellaneous
634 1424 1175 1556 gne et
423 1509 841 1625 Ausschnitt aus:
885 1540 1086 1637 Wien
427 1612 580 1681 vom
470 1789 1239 1911 Theater und Kunst.
684 1886 1030 1983 Burgtheater.
394 1942 1328 2048 „Könige.“ Ein Schauspiel von Hans Müller.
394 2035 1416 2097 Wien weist im Drama der Gegenwart so stolze Namen
296 2070 1416 2149 auf wie Karl Schönherr, Artur Schnitzler und den jungen Anton
298 2120 1424 2203 Wildgans, ein Dreigestien, das nur noch Gerhart Hauptmann
301 2170 1416 2249 überstrahlt; manches seine leisere Talent fügt sich an. Was
307 2228 1418 2294 Wunder, daß der ein bißchen laute Hans Müller nach allzu¬
313 2278 1422 2363 frühen Erfolgen, wie der für Sonnenthal geschriebenen
311 2319 1422 2400 „Puppenschule", ein wenig in Mißkredit geriet, durch die ent¬
311 2377 1426 2452 schlossene Ablehnung seiner Satire „Hargudl am Bach" als
313 2421 1426 2489 unfreiwilliger Befreier des Burgtheaters von Schlenther be¬
311 2468 1432 2545 kannt zu bleiben drohte? Stand doch auch „Der reizende
309 2518 1430 2595 Adrian" wie mancher Einakter auf keinem hohen Niveau. So
311 2570 1426 2640 gestehe ich gern, den „Königen“ mit Mißtrauen entgegengetre¬
319 2630 1428 2696 ten zu sein. Um so angenehmer ist die seltene Enttäuschung
319 2667 1430 2740 zum Besseren. Hatte der 28jährige 1910 im „Wunder des
317 2715 1430 2788 Beatus" ein interessantes romantisches Drama in fließenden
319 2763 1436 2841 Versen als neue Talentprobe gebracht, so zeigen „Könige ihn
317 2812 1438 2885 gereifter, der dramatischen Technik ungleich sicherer, des Hand¬
323 2875 1053 2953 werks kundig und der Poesie recht nahe.
417 2893 1438 2986 Fast genau ein Jahrhundert ist vorüber seit Uhland,
319 2970 1445 3049 unser deutschester Balladendichter, den seither ebenso oft, wie
323 3009 1440 3098 vergeblich erwählten Stoff vom Zwist der Gegenkönige Lud¬
323 3057 1447 3142 wig und Friedrich, der Niederlage Friedrichs bei Mühldorf,
336 3119 1451 3194 seiner Haft in Trausniß, der Entlassung als Entsagung, der
334 3158 1449 3248 freiwilligen Rückkehr in Gefangenschaft und der gemeinsamen
332 3206 1451 3293 Herrschaft der Versöhnten ohne Glück im Panzerrasselnden
330 3264 1445 3331 Ritterstück „Ludwig der Bayer" behandelte. Müllers Schau¬
344 3306 1453 3395 spiel in drei Akten beginnt dort, wohin Uhland (und ebenso
344 3351 1457 3451 Heyse, um die Mitte des vierten seiner fünf verwandlungs¬
344 3405 1455 3488 reichen Aufzüge gelangte. Auf Burg Trausnitz sucht die er¬
346 3459 1457 3534 blindete Elisabeth unerkannt den verlorenen Gatten; ihr
344 3500 1459 3590 Trauerlos und ihre Bitte bestimmen Ludwig, den Jugend¬
342 3548 1461 3633 freund nach fünf Jahren (historisch dauerte die Haft halb so
348 3617 1465 3685 lang) freizugeben, nur gegen die Verpflichtung zurückzukehren,
350 3650 1461 3745 falls die Bundesgenossen Friedrichs sich weigern, Ludwig als
350 3697 1465 3782 alleinigen König zu ehren. Der Mittelakt zeigt — ohne die
352 3749 1465 3840 spannend gesteigerte Konzentration des ersten, doch farbig be¬
356 3805 1482 3884 wegt — wie dies im Schloß zu Wien nicht glückt, wie nahe
356 3840 1478 3938 die Versuchung des (vom Papst gebilligten) Wortbruches an
943 3936 1440 4012 Herausgeber Carl Colbert.
2630 1724 3310 1805 „Könige könnten mehr sein als der sich
1465 1737 2576 1820 Friedrich heranrückt, wie selbst Elisabeth schwankt gleich ihm
2628 1784 3301 1859 Winters. Manche Frauen weinten bei
1465 1784 2574 1865 und schließlich beide ihr Glück verlangen der Pflicht opfern.
2626 1830 3250 1909 lichen Aufführung; sie haben sich
1469 1836 2576 1915 Im Münchner Schloß spielt der letzte Akt; während Adel und
2636 1878 3308 1944 schämen. Aus Kriegsnot geboren, poch
1469 1888 2580 1965 Bürger Ludwig zum Achtbrief gegen den Verräter Friedrich
2632 1938 3308 1998 sei an die Herzen und ihm wird au
1465 1946 2584 2017 drängen, steht dieser plötzlich im Saal, getreu dem Wort, voll
2636 1979 3308 2039 endgültige, jedoch eine recht annehmba¬
1478 1992 2578 2062 Bitterkeit gegen sein Schicksal. Wieder folgt ihm ohne sein
2636 2029 3281 2087 Meisterwerke von Jahrhundertswert
1476 2041 2580 2112 Vorwissen die Gattin, innerlich tiefgerührt teilt Ludwig die
2636 2075 3289 2137 Drama leichtlich bespötteln; für das
1469 2093 2580 2172 Krone mit dem, der seinem Rat gemäß sich selbst überwunden,
2642 2116 3310 2197 Autor der „Könige wieder eine Hoff
1469 2145 2584 2213 und ergriffend endet das Drama mit dem Ruf der für immer
2725 2174 3314 2228 Das Burgtheater nahm sich unter
1471 2199 2462 2274 Erblindeten: „Ich sehe Ich seh!" als höchstem Jubel.
2636 2216 3297 2286 des Schauspiels mit erfolggekrönten
2638 2259 3310 2334 gemuth (Elisabeth) und Harry
1571 2240 2584 2346 „Rührstück!" Wie schnell dürften solche mit dem Vor¬
2636 2311 3312 2377 Schöne) als getrenntes, sehnsuchtsvol
1480 2309 2582 2394 wurf sein, die Mannesstärke mit Herzenskälte verwechseln.
2642 2361 3306 2443 wiedervereinigtes, aus eigenem Ent¬
1482 2363 2574 2439 „Könige (der Titel für Schillers Gedicht „Deutsche Treue
2638 2402 3260 2470 andergerissenes und endlich für
1484 2414 2582 2485 hätte besser gepaßt) sind ein rührendes Drama, aber weit ab
2642 2458 3295 2524 Ehepaar riefen stärkste Ergriffenheit
1484 2456 2591 2533 vom trivialen Rührstück. Wie die klangschöne Verssprache des
2647 2510 3310 2572 Ludwig der Bayer war von genabhaft
1480 2510 2599 2580 Werkes hie und da von banalen Wendungen nicht
2645 2560 3316 2622 licher Teilnahme für die Erbindete
1490 2562 2599 2634 freiblieb, so die Süßigkeit der ehelichen Neigung nicht
2651 2605 3293 2671 scharfgeprägter Herzog Leopold stellt
1490 2615 2599 2690 stets von beigemengter Süßlichkeit. Doch wäre es sehr
2645 2653 3279 2729 diesen „Tod in Menschenkleidern"
1486 2657 2618 2725 ungerecht, dies Beiwerk als Hauptgericht hinzustellen.
2645 2709 3314 2773 drum wird er nicht geliebt. Unbefrie¬
1492 2711 2591 2785 Im Gegenteil, man darf ein Verdienst Müllers darin erblicken
2647 2763 3314 2814 Schweppermann, der schon vom Verfa
1480 2756 2597 2827 mitten im Weltkrieg eindrucksvoll an das Leid der Unterliegen¬
2651 2798 3306 2866 gerückt wurde, unzulänglich wie stets
1484 2802 2607 2872 den, der Vereinsamten, der Verkrüppelten gerade im Theater
2659 2850 3295 2920 Böhmen), nett Tilly Kutschera
1492 2856 2599 2933 zu mahnen, wo so viele leichtgesinntes Vergessen suchen, das uns
2659 2897 3322 2957 Tüchtigkeit Arndt, Herterich, St.
1492 2910 2603 2972 nicht ziemt. Die geschichtliche Tatsache der aus Gram erbin¬
2659 2939 3316 3011 tritt bloß in der einzigen vom Dichter
1490 2947 2601 3022 deten Frau des Gefangenen ist zu erschütternder poetisch-theatra¬
2657 2989 3299 3057 Ludwig als guten Reichsverwalter
1498 2999 2607 3067 lischer Wirklichkeit und Wirkung gestaltet. Die Erinnerung an
2663 3042 3295 3111 Pfennigfuchser charakterisiert. Diese
1503 3047 2609 3117 das aus Knabenfreundschaft und Mannesfehde geborene Dop¬
2657 3088 3297 3150 Kolleginnen ebenso gut, während
1503 3092 2607 3171 pelkönigtum, das in dieser Form nur unsere mittelalterliche
2661 3134 3314 3204 Eindringlichkeit wie Fräulein Wo
1498 3144 2618 3210 Geschichte kennt (mag auch die verschönernde Überlieferung den
2669 3185 3314 3252 pathien für die zur blinden Flehen
1503 3192 2622 3260 Realisten Ludwig idealisieren), tut in diesen Tagen doppelt
2663 3233 3320 3301 Fürstin wecken möchte; auch das auß
1503 3243 2613 3314 wohl, selbst wo manche Ähnlichkeit gar zu nachdrücklich unter¬
2663 3272 3316 3355 deter war naturgetreu getroffen. Wie
1505 3289 2613 3368 strichen wurde. Hans Müller griff zur rechten Zeit nach dem
2663 3326 3314 3393 ben das umwandelnde Entsetzen
1505 3337 2613 3409 rechten Stoff und formte ihn als Künstler. Die Leistungen des
2678 3382 3316 3457 sein Weib seye nicht mehr, zum Ausde
1505 3378 2615 3457 gesamten deutschen Volkes in Waffen, unter den schwarz=gelben
2671 3426 3324 3490 bei ihm und Marx der an sich nicht
1507 3430 2615 3519 wie unter den schwarz=weiß=roten Fahnen, sind so überwälti¬
2671 3474 3316 3538 mit dem Übergang zur brüderlichen
1511 3488 2624 3563 gend unvergleichlich, daß sie kein Lob der Heimgebliebenen
2669 3525 3326 3590 stummen Szenen zeigt sich das way
1513 3540 2628 3610 erhöhen kann. Allein gut und nützlich ist es aus einer Vergan¬
2671 3573 3316 3646 hat mit dem Genius des Dramas
1519 3581 2628 3656 genheit, die nie der Vergessenheit anheimfallen soll, erhebende
2678 3631 3331 3683 lassen, bis er ihn mit dem reichste
1523 3627 2624 3701 Großtaten der Selbstbewährung durch Unterordnung des
2674 3668 3326 3739 segnete. Freuen wir uns der Rückkehr
1511 3672 2628 3751 kleinen Ich unter den Volkswillen, den Staatsgedanken und
2678 3722 3316 3789 und harren wir des Größeren, de
1511 3726 2632 3793 das Pflichtbewußtsein ins Leben zurückzubeschwören. Das ist
2678 3757 3322 3834 Königen führte der Weg einst ab
1517 3770 2632 3844 Müller gelungen, seinen Hauptgestalten rinnt warmes Blut
2678 3820 2962 3880 „Volk in Not“.
1515 3832 2636 3911 in den Adern, so kärglich ein paar Nebenfiguren bedacht sind.
1503 3857 3173 3981 Verantwortlicher Schriftleiter i. B. Fritz Wolkenberg. — Druck von J. N. Bernay, Wien, IX.
