3392 4320
339 279 1008 370 Miscellaneous
1185 266 1615 363 box 41/6
2042 259 2460 360 Ausschnitt aus:
2035 347 2502 440 vom 18. 6. 1916
1928 498 2957 642 Theater, Kunst, Musik.
1923 598 2718 729 Theaternotizen.
1985 686 3020 782 Gegen Dr. Ludwig Wüllner, den großen Gast, den wie
1896 757 3024 814 gegenwartig am Hofburgtheater sehen, sind alle Schmutz¬
1892 794 3018 874 kübel des gewissen Wiener Schocktums mobil geworden.
1895 833 3016 897 Wie man hört, haben gegen den, der Wiener Clique unbe¬
1894 887 3014 955 quemen Künstler, für den der Publikumserfolg
1898 917 3016 1001 stürmisch spricht, schon lange vor seinem ersten Auf¬
1891 962 3017 1048 treten ganz bestimmte feindliche Verabredungen der
1894 1005 3016 1078 Presseleute stattgefunden. Auf solche Art voreingenommen,
1894 1041 3011 1112 haben dann die Schmöcke größeren und kleineren Kalibers
1882 1095 3016 1156 alle einstimmig gefunden, daß Herrn Wüllners hochragende
1885 1133 3016 1199 Leistung halt doch nicht so ganz groß sei, wie (Gott über
1884 1179 3017 1249 der Welt) Sonnenthals König Lear=Darstellung. — Eine
1882 1214 3016 1283 der widerlichsten Blödeleien leistet sich bei diesem Anlasse
1878 1266 3014 1326 die Berta Zuckerkandl. Nachdem sie ihre Besprechung mit
1886 1300 3011 1380 der scharfsinnigen Betrachtung eingeleitet, daß der Weg,
1881 1343 3013 1407 der den Schauspieler zum Lear führt, „zwiefach sei (bei¬
1877 1381 3008 1459 leibe nicht „zweifach"!), schmeckt sie allerlei von der „Tra¬
1886 1438 3013 1498 gödie des Marasmus", von „des Königs rascher Art, seinem
1874 1476 3017 1548 ungezügelt brausenden Willen von Jugend an Widerspruch
1879 1521 3006 1589 tötend, ... wovon im Land noch das Wissen lebt.“ „Was
1874 1565 3008 1634 aber im Mannesalter klarsichtige, scharfzielige (!) Rasch¬
1865 1603 3008 1679 heit eines weitatmenden Geistes war, verdichtet sich dem
1881 1650 3008 1706 Greis zu nebeligen Phantasien einer Seele, die so unum¬
1879 1689 3006 1761 schränktes Selbstverwalten von je gewöhnt war, daß sie
1872 1738 3011 1805 in letztem tollen Fluge die Schwingen bricht." Und dann
1867 1781 3006 1848 kommt die witzige Schmöckin auf Wüllner zu sprechen und
1872 1821 3008 1882 ihre Hand zittert gar nicht, wenn sie, die kleine Zucker¬
1872 1864 3010 1926 kandl, über den großen Wüllner ihre zierlichen Blödeleien
1867 1914 3008 1973 auskramt.... Sie soll nur acht geben, daß ihr nicht auch
1874 1949 3003 2022 bei ihrem letzten tollen Fluge die Schwinge der Gans, die
1869 1998 3008 2063 nicht ganz scharfzielig sein soll, bricht. Uns wandelt schon
1872 2036 2306 2109 so ein Brechgefühl an.
1948 2116 3003 2184 Welcher Gemeinheit solch ein Schmierfink fähig sein
1859 2163 3000 2231 kann, wenn es gilt, große Künstler zu verhöhnen, das
1869 2214 3000 2279 zeigte uns kürzlich die „Wiener Karrikaturen“, dieses Wit¬
1867 2255 2998 2321 blatt, in welchem das Wiener Logentum seine Planterien
1859 2305 2994 2362 ablagert. Dieses allererbärmlichste Schmutzblättchen ver¬
1861 2338 3001 2405 höhnte die Stella Hohenfels mit folgendem „Witz: „In
1859 2386 3000 2457 der Theaterwelt herrscht große Aufregung infolge gänz¬
1864 2429 2997 2494 lichen Fehlens von Schminke. Frau Hohenfels soll alle
1864 2477 2963 2544 vorhandenen Quantitäten an „Jugendrat auf
1918 2547 3060 2608 anläßlich ihres Wiederauftretens verwendet haben.“ Wozu
1921 2593 3044 2655 bloß zu bemerken ist, daß der Schmuck, der dieses schrieb,
1918 2645 3044 2689 noch um einige Grade dämmer zu sein scheint, als er ge¬
1918 2687 3044 2763 mein ist, wie unmöglich dies auch auf den ersten Blick aus¬
1923 2734 2026 2803 sieht.
2005 2785 3043 2873 Als Beitrag zur fortschreitenden Wertschätzung unseres
1922 2856 3047 2914 sauberen, heimischen Dichters Artur Schnitzler dienen fol¬
1921 2903 3054 2957 gende trefflichen Worte, die der zehnmal größere Dichter
1914 2944 2667 2997 Fritz Lienhard im „Türmer" schreibt:
2010 2956 3055 3047 „Es gibt in unserm Heldenvolk Händler genug, die
1923 3035 3053 3090 ein Interesse daran haben, den jetzigen Zustand (des
1926 3071 3054 3124 Schmutzes) aufrechtzuerhalten und die dafür Gründe ins
1926 3111 3048 3174 Feld führen können. Sie selbst fühlen sich im Fließenden,
1923 3162 3054 3216 Unfesten, Möglichen der Geschäfte und der immer neuen
1921 3202 3047 3255 Reizungen wohl. Sie selbst würden sich in ihrem Naturell
1921 3245 3051 3302 beengt fühlen — nicht die Kunst. Und so gibt es auch Dich¬
1923 3287 3051 3346 ter genug, die durch die bisher gezüchteten Bedürfnisse
1921 3334 3047 3384 nach Interessantem und „Amüsantem mit emporgezüchtet
1918 3377 3053 3440 worden sind. Was nützt es, dem Volke Reinheit der Ehe
1914 3421 3060 3474 oder Ehrfurcht vor dem Edelweiblichen als Grundlagen
1919 3461 3054 3515 aller gesunden Staatsgemeinschaft einzuprägen, wenn auf
1923 3502 3061 3559 der Bühne im mißbräuchlichen Namen der Kunst die Brunst
1923 3542 3051 3598 verherrlicht wird? Ist nicht ein schematischer Freisinn so¬
1929 3588 3053 3648 fort bereit, diesen Brünstlingen im Namen der Freiheit
1918 3628 3051 3689 das Wort zu reden? Ich kenne die 3 Ehebruchs=Einakter
1923 3676 3054 3733 des Wieners Schnitzler nur den Inhaltsangaben nach
1923 3716 3051 3773 Wenn aber ein Mann von Ruf jetzt in bitterblutiger Zeit
1921 3759 3051 3817 unserer schwersten Kämpfe solche Bühlereien auf die Bühne
1929 3811 3048 3863 stellt, so ist das ein Anzeichen tiefster seelischer
1926 3846 3047 3904 Instinkt-Verirrung..... Wenn sich das deutsche
1926 3894 3054 3948 Volk in seinen gesunden, rein und edel empfindenden
1921 3934 3051 3992 Teilen nicht mit ganzer Wucht dieser Brünstler erwehrt,
1923 3979 3051 4032 wird unser Reich zwar nicht zerschellen, dank unsrer
1923 4021 3053 4076 Tapfern und ihres grunddeutschen Generalstabes, aber ver¬
1926 4063 2799 4150 faulen, weil die Bazillen zu mächtig werden.
