3344 4224
209 216 301 293 1.
351 215 1032 307 Miscellaneous
1214 197 1644 290 box 41/6
1943 76 2640 134 Glashüttenmärchen von der Pippa,
2676 78 3063 130 die Neue Wiener
1944 108 3062 167 Bühne bringt ganz ausgezeichnete Ihren Aufführungen
1947 160 3059 215 zuwege, die Residenzbühne hat es mit ein paar hochlitera¬
1947 208 3065 258 rischen Wiederbelebungen vergessener Stücke versucht. Der
1947 245 3065 299 Spielplan aller dieser Bühnen verwässert sich allerdings
1944 290 3062 341 rasch immer wieder mit allerlei seichtem Zeug. Immerhin
1943 333 3062 381 sind solche Ansätze bemerkenswert und jedem dieser Bul¬
1944 379 3061 450 nenleiter kann man beruhigt mehr Umsicht, schöpferische
1941 413 3052 467 Kraft, mehr literarischen Verstand zusprechen als der
1944 457 3065 507 Leitung des Burgtheaters, dieses großen, mit allen Mit¬
1933 501 3062 570 teln so reich ausgestatteten Hauses, das heute glücklich das
1941 545 3065 606 uninteressanteste Theater von Wien geworden ist. Alles
1941 582 3068 648 ist hier prunkvoll, alles prächtig, nirgends tönen die Worte
1944 628 3068 688 so hoch, wie hier, nirgends pranget das Mahl königliche
1939 672 3063 739 Gelage so getreu, wie hier. Gewiß, hier ist Stätte, wo
1939 716 3062 766 jegliche Theateraufgabe befriedigend gelöst zu werden ver¬
1939 761 3068 812 mag. Aber auch nicht mehr als eben befriedigend. Dies
1941 802 3068 859 ist das Haus der Tadellosigkeiten. Hier beherrschen die
1940 845 3065 897 Schauspieler ihre Rollen immer aufs Beste, hier arbeitet
1940 879 3065 947 der Szenenwechsel mit bewunderungswürdiger Raschheit.
1944 925 3065 988 Immer ist die Maschine gut geölt, alles klappt und daß
1941 974 3059 1040 einmal an einer Wand ein Bild schief gehangen hätte, ist
1931 1015 3068 1071 kaum jemandem erinnerlich. Doch, fast ebenso schwer fällt
1939 1057 3068 1109 es uns heute schon, uns des Abends zu erinnern, an dem
1933 1099 3062 1157 in diesem Prachtbau zum letzten Male wirkliche Kunstbe¬
1940 1142 3062 1206 geisterung ihre rauschenden Flügel entfaltete. Gewiß, solche
1931 1177 3063 1251 Abende sind heute überhaupt schon recht selten geworden.
1941 1228 3062 1282 Aber unschwer könnte man von jedem der kleineren
1933 1265 3063 1326 Wiener Schauspielhäuser solche Abende aus der Erinne¬
1933 1317 3069 1371 rung aufzählen, von jeder dieser kleinen Bühnen, die mit
1934 1363 3066 1425 ewigen Sorgen zu kämpfen haben, in denen die Bilder
1944 1401 3062 1456 stetig schief an den Wänden hängen, in denen die Schau¬
1947 1445 3068 1497 spieler häufig genug ihre Rollen nicht völlig beherrschen.
1936 1487 3059 1540 Jede von ihnen hat wenigstens einmal im Jahre ihren
1944 1531 3065 1590 Ehrenabend. Wann aber hat das Burgtheater seinen
1931 1562 3068 1639 letzten Ehrenabend gehabt? Wann hat man hier zum letzten
1933 1610 3065 1678 Male jenes Geistes letzten Hauch verspürt, der einst in
1933 1661 3063 1725 mächtiger Fülle dieses ganze Haus beherrschte Gegen¬
1927 1695 3062 1762 wärtig erschöpfen sich die einst unerschöpflichen künstleri¬
1936 1740 3062 1791 schen Kräfte schon in der Darstellung Schnitzlerischer Witze¬
1933 1786 3063 1844 leien. Und kommt einmal ein Großer zu Worte, so zeigt
1936 1827 3059 1888 es sich, daß sein großes Wort, vom Munde des Burg¬
1929 1875 3059 1926 theaters ausgesprochen, kläglich klein geworden ist. Gegen¬
1926 1919 3058 1970 wärtig ist eine Neuaufführung aller Grillparzerdranten
1933 1956 3058 2011 im Werden. Der Zyklus hat unlängst so ledern, so mittel¬
1929 1997 3058 2053 mäßig begonnen, daß man der Fortsetzung mit bangen
1934 2043 3055 2103 Befürchtungen entgegensehen muß. Besser bliebe Grill¬
1929 2087 3056 2148 parzer auch weiterhin unaufgeführt, als so unfreudig auf¬
1939 2132 3055 2189 geführt zu werden. Für starke, feurige Geister, für hochbe¬
1939 2173 3058 2229 schwingte Werke ist hier kein Boden mehr. Eingesagt in
1933 2212 3051 2267 den Goldschrank am Ring liegt die große Theatervergan¬
1933 2260 3052 2314 genheit des alten Wien. Der neue Ruhm der Theaterstadt
1936 2302 2868 2387 ist den Vorstadtbühnen in Pacht gegeben worden.
2012 2417 3058 2489 An Grillparzers Todestag wieder einmal in seiner
1948 2468 3059 2533 hilosophischen und geschichtlichen Schriften geblättert. Da
1956 2512 3062 2572 inden sich Stellen, die nachzulesen recht zeitgemäß ist. Da
1939 2558 3056 2611 ist Grillparzers Entwurf des Ehrenburgerdiploms der
1931 2599 3056 2660 Stadt Wien für den Feldmarschall Radetzky. Darin heißt
1931 2636 3058 2694 es (der Entwurf stammt vom 7. August 1848) im Hin¬
1929 2683 3059 2742 blicke auf den siegreichen italienischen Feldzug: „Auf die
1936 2731 3058 2786 höchste Stufe des Krieger= und Bürgerruhmes hob den
1933 2773 3058 2834 Grafen Josef v. Radetzky aber die jüngste Vergangenheit,
1933 2820 3056 2871 als sein Name und sein Heer der alleinige Ausdruck von
1927 2854 3049 2919 der einst gefürchteten Macht Oesterreichs waren, als er in
1936 2899 3055 2957 zwölf Tagen, deren jeder ein Sieg, einem jahrelang vorbe¬
1934 2950 3059 3003 reiteten türkischen Ueberfallskriege ein Ende machte und
1939 2984 3056 3042 sich jenen Helden anreihte, die als Wiederhersteller des
1936 3028 3055 3083 Vaterlandes im Gedächtnisse der spätesten Enkel fortleben.
1934 3072 3059 3129 Die Meinungen der Zeit verschlingt die Zeit, was aber
1933 3114 3065 3165 alle Zeiten groß genannt haben, steht unerschüttert in
1936 3160 3055 3209 jedem Wechsel.“ Ein vom 18. August 1851 stammender Ent¬
1929 3205 3062 3254 wurf eines Trinkspruches auf Kaiser Franz Josef I. fängt
1929 3247 3059 3296 an: „Ich trinke die Gesundheit unseres Kaisers und Herrn,
1933 3291 3058 3346 als eines Leuchtturms in unserer sturmbewegten Zeit, als
1929 3332 3059 3388 einer Fahne, um die sich alle Rechtgesinnten scharen mögen,
1936 3378 3059 3424 um nicht vereinzelt zu unterliegen in dem Streite gegen
1934 3420 3061 3472 den Wahnsinn und das Verbrechen“ und schließt: „Glück
1936 3464 3055 3519 und Segen über Franz Josef, den Gott für uns gewählt,
1933 3498 2564 3554 und den unsere Herzen bestätigt
2015 3545 3058 3607 Und an anderen Stellen findet sich eine Anmerkung,
1924 3577 3048 3642 die jedem, über den Verfall des heutigen Theaters Trauri¬
1939 3628 3055 3682 gen den schwachen Trost bieten mag, daß der Geist, der
1936 3669 3056 3720 heute unsere Kunststätten versucht, der heute die dumm¬
1936 3721 3059 3767 sten Operetten in mehrhundertfacher Wiederholung er¬
1933 3760 3058 3813 zwingt, daß dieser selbe Geist schon einen Grillparzer
1934 3806 3059 3863 seufzen machte: „Es ist merkwürdig, daß in einer Zeit, die
1929 3842 3052 3894 sich für so gebildet hält, die Albernheit, ja der Blödsinn
1929 3891 3052 3938 oben auf ist.“ Um wie viel gebildeter aber hält sich erst
1933 3929 3049 3987 unsere Zeit, als jene, und um wie viel tiefer ist sie in die
1929 3973 2962 4040 Herrschaft der Albernheit, ja des Blödsinns geraten
