3344 4256
284 292 958 398 Miscellaneous
1137 290 1561 395 box 41/6
2008 290 2747 469 Zwei Albumblätter
1760 474 2980 558 von Gerhart Hauptmann und
2033 588 2712 702 Artur Schnitzler.
1758 705 2977 767 Zum 60. Geburtstag des Schauspielers Oskar Sauer.
1871 757 2983 836 Zu Oskar Sauers 60. Geburtstag soll unter dem Titel
1757 804 2983 881 „Oskar Sauer. Ein Gedenkbuch 1856 bis 1916“ (bei Oesterfeld
1763 861 2983 924 & Ko. in Berlin) ein Sammelwerk erscheinen, das von Siegfried
1769 915 2983 969 Jacobsohn herausgegeben und dessen Gesamtertrag einem bestinnnten
1766 961 2983 1021 Fonds der Genossenschaft deutscher Bühnenangehöriger zugeführt
1760 1012 2992 1064 wird. In diesem Buche schreibt Gerhart Hauptmann
1763 1064 2514 1128 über Oskar Sauer die folgenden Worte:
1877 1111 2983 1182 Wer über Oskar Sauer nachdenkt, kommt zu dem Schluß:
1760 1174 2986 1232 Der wahrhaftigste Mensch allein hat Eignung zum größten Schau¬
1765 1217 2991 1277 spieler. Danach wäre das Wesen der Schauspielkunst nicht Täu¬
1942 1269 2983 1334 sondern Wahrhaftigkeit — nicht Maskerade, sondern
1772 1277 1894 1336 schung,
1766 1319 2991 1377 Demaskerade — nicht Mummenschanz und Versteckenspiel der
1771 1360 2989 1447 Seele, sondern Enthüllung und Offenbarung. So ist es auch.
1877 1422 2994 1493 Von einer ähnlichen Ueberzeugung scheinen die auszugehen,
1766 1481 2992 1541 denen Schauspielkunst eine Art schamloser Preisgabe bedeutet. So
1769 1527 2994 1593 urteilt Bürgermoral; aber, gleichwie die Wissenschaft, untersteht
1772 1581 3002 1649 auch die Kunst einer eigenen, anderen. Sie adelt den Künstler,
1772 1627 2992 1687 der sich, vermöge der hohen Idee universeller Menschlichkeit,
1766 1675 2996 1734 begreift, sein Selbst erhöht und es in ein zweites, höheres Leben
1775 1726 3002 1806 steigert. Das reichste Menschentum verfällt, wenn dies Verfahren
1772 1772 2089 1853 in Verfall gerät.
1893 1811 3009 1894 Es ist wohltätig, reinigend und erhebend, die Gestalt Oskar
1779 1890 3003 1944 Sauers, des großen Darstellers, sich hervorzurufen. Man wird es
1772 1931 3005 1993 oft tun, um den Glauben an das deutsche Theater, seine Kraft
1769 1982 3009 2056 und Sendung aufrecht zu erhalten. Aus seinem Wesen und Wirken
1783 2033 3017 2093 ist eine ganze Dramaturgie abzuleiten, die eines der wertvollsten
1779 2078 3003 2135 Vermächtnisse für die deutsche Schaubühne sein könnte. In Sauer
1779 2126 3011 2197 verkörpert sich ihr wahrhaft schöpferisches Vermögen, ihre Moral
1775 2180 2141 2266 und höchste Würde.
1896 2292 3009 2366 Artur Schnitterschreibt: „Wie gern benutze ich den
1775 2349 3009 2414 Anlaß seines sechzigsten Geburtstages, um Oskar Sauer meine
1782 2400 3002 2453 verehrungsvollsten Grüße zu senden. Ich habe diesem außer¬
1775 2446 3005 2503 ordentlichen Künstler als Theaterbesucher im Laufe der Jahre so
1785 2497 3003 2562 viel zu danken gehabt, daß ich es eigentlich als überflüssig, wenn
1779 2540 3008 2607 nicht als unbescheiden empfinden müßte, hier auch noch aus¬
1785 2593 3005 2656 zusprechen, was ich ihm als Theaterschriftsteller schuldig geworden
1785 2636 3009 2696 biu; aber ich kann mich doch nicht enthalten, nach dem Gregers
1782 2687 3006 2743 Werle (der wahrscheinlich uns allen zuerst einfällt), dem Ulrik
1788 2733 3008 2795 Brendel, dem Wehrhahn und mancherlei andern, sehr bald des Mal¬
1785 2776 3009 2857 professors Wegrat (aus dem „Einsamen Weg") zu gedenken als
1782 2827 3008 2892 einer Gestalt, um deren Haupt es in meiner Erinnerung wie ein
1791 2877 3009 2943 Heiligen= oder vielmehr ein Edelschein schwebt, und die durch
1789 2943 3005 2992 Sauers Kunst wohl auch anderen Leuten als dem Dichter unver¬
1791 2989 3011 3046 geßlich geblieben sein mag. Wie kaum einen zweiten Schauspieler
1791 3023 3008 3087 war es ja Oskar Sauer gegeben, den wahrhaft reinen Menschen
1788 3070 3002 3134 darzustellen: - Reinheit in jener Vollendung, wo sie schon wieder
1797 3120 3008 3184 Schuld geworden ist. (Denn nicht nur im Uebermut sich über die
1788 3179 3003 3230 Weit erheben wollen; auch aus Güte sich nicht in sie finden können,
1788 3216 3008 3284 ist Schuld vor Gott, Schuld im Geiste der Tragödie — tragische
1788 3259 3005 3326 Schuld.) Wir wissen alle, wie vieles Sauer außerdem noch gekonnt,
1791 3313 3000 3386 gemeistert hat; und es ist nur natürlich, daß gerade die humo¬
1788 3356 2968 3424 ristische Kehrseite der Reinheit eines seiner bevorzugten Gebiete
1791 3403 3009 3480 daß seine Schauspielkunst in der Atmosphäre der Naivität, Einfalt
1797 3458 3009 3520 und Beschränkheit gleichfalls wunderbar zu Hause war. Aber wenn
1794 3511 3009 3572 geistige Ueberlegenheit, Kühnheit, ja die Größe selbst aus der
1797 3551 3008 3613 Eigentümlichkeit einer bestimmten schauspielerischen Begabung heraus
1803 3600 3022 3668 gespielt werden können, ohne daß im Menschentum des betreffenden
1800 3648 3005 3713 Darstellers auch nur bescheidene Elemente jener Eigenschatten auf¬
1803 3696 2935 3765 findbar sein müssen: um imstande zu sein, auf der Bühne
1803 3744 3000 3804 nicht etwa kleine Herzenstalente, sondern Herzensgenialität glaub¬
1794 3799 3009 3855 haft und lebendig zu machen, muß man einiges davon mit auf die
1794 3835 3009 3913 Welt gebracht haben. Und in dieser menschlich künstlerischen Eigen¬
1780 3899 3002 4004 art, ja Einzigartigkeit Sars ist es wohl begründet, daß — wenn
1794 3986 2965 4049 auch mancher große Schauspieler nicht weniger bewundert¬
1788 4031 2729 4094 gewiß keiner mehr geliebt wurde und wird als er.
