3392 4352
1155 256 1577 376 box 41/6
304 286 969 388 Miscellanos
692 499 1173 599 tsche Tagblatt
617 578 1207 665 Ostdeutsche Rundschau
845 647 978 746 Wien
388 779 1053 897 Kunst und Bühne.
854 867 1194 942 Wien, 28. März.
274 873 1225 984 Die Zukunft des Burgtheaters. Man schreibt uns:
193 936 1219 1023 Fürst Montenuovo hat keinen Einfluß mehr auf das
196 990 1219 1071 Burgtheater. Unser junger Kaiser hingegen ist ein
187 1041 1216 1107 allem Edlen und Schönen zugänglicher Machthaber,
187 1074 1216 1161 Also steht zu erwarten, daß der Direktionswechsel im
190 1119 1213 1200 Hoftheater einschneidende Aenderungen mit sich brin¬
184 1164 1222 1246 gen wird. Eingeleitet dürfte der Reinigungsprozeß
187 1210 1213 1282 werden durch das Fallenlassen der Schulerstück
193 1252 1210 1330 und ähnlicher Bühnenware. Nimmt der neue Direktor
187 1291 1213 1363 seine Aufgabe ernst, so kann das Burgtheater wieder zu
184 1333 1213 1417 jener vornehmen Höhe gelangen, die es einst (Laube!)
187 1378 1210 1450 behauptete; mustergültig als Bildungsanstalt
184 1420 1200 1501 für die Bühnen der Residenz und für jene der Pro¬
187 1465 1216 1562 vinz. Auch das wäre ein bedeutender moralischer
193 1507 960 1613 Erfolg unserer sogenannten großen Zeit.
1020 1531 1167 1610 Fr. G.
460 1643 689 1721 hatte.
391 1670 1294 1760 Rede ausgebrochen wäre, von Hr.
1625 1706 2193 1781 Opposition der Anhange.
391 1745 873 1826 der Ehre ausgenommen.
2861 1730 3304 1814 zeugung us, daß diese
1628 1739 2831 1829 alten Isolierungspolitik zu erwarten. Diese Partei wird
2855 1805 3322 1862 Agrarreform bilden müsse
1634 1814 2828 1871 ihre Gründe geltend machen, die dagegen sprechen, daß Bündnisse
448 1826 1598 1899 Wilson erklärt, daß Amerika ganz uneigennützig, nur zur
2855 1847 3310 1914 men wird und die von un¬
1634 1847 2825 1920 irgendwelcher Art mit irgendwelcher europäischen Nation eingegangen
388 1871 1546 1950 Vertretung der Menschenrechte in den Krieg eintrete.
2855 1965 3325 2025 der Oeffentlichkeit als For
1703 1971 2822 2040 Wie, mein Herr," hätte er gerufen, „wir, die kostbarsten
2861 2013 3325 2079 heimnisvollen Richterkollege
1634 2013 2816 2079 Instrumente des schaffenden Künstlers, die seinen Gedanken Ton und
632 1998 1369 2103 Kultur und Theater.
2855 2064 3295 2121 Kirche Machtmittel erlang
1640 2058 2819 2127 Leben geben, die sie deuten und tragen, ja, die das Geschaffene selbst
2870 2103 3313 2151 falls mittelalterlicher
1631 2100 2819 2166 nicht selten umschaffen müssen, um es den Herzen der sehnsuchtsvollen
629 2079 1372 2169 in offener Brief an Fritz Engel.
2858 2142 3307 2193 verschaffen. Bereits sollen
1631 2145 2825 2205 Menge näher zu bringen, wir, unsere Kunst, unsere Schauspielkunst.
1207 2136 1559 2239 Nachdruck verboten.)
1637 2181 3328 2272 soll mit der dramatischen Kunst nichts zu tun haben? Herunter von bandes aufmerksam gemacht
683 2190 1170 2275 Sehr geehrter Herr Engel.
2861 2226 3316 2278 der Verband eine gewicht
1637 2226 2633 2311 Ihrem Sitz, Präsident — weil Sie ein böser Kunde sind
445 2223 1598 2317 Sowohl ich nicht von der überalen Weisheit des „Berliner
2858 2269 3325 2332 Umständen eine aus irge
1685 2257 2819 2335 So ähnlich hat sich jener Prinz im Reiche der Schauspielkunst no¬
406 2290 1604 2353 Tageblatt eingewickelt bin, wie sich Dr. Seelig (Mannheim) in der
2861 2317 3222 2371 liebige Erscheinung.
1634 2320 2825 2374 kurz vor seinem Tode oben auf dem Rigi gerade über den Zusammen¬
397 2329 1598 2401 Debatte der Bühnengenossenschaft über den Kultur¬
2858 2356 3292 2419 von der Bühne abführen
1637 2359 2822 2419 hang zwischen Schauspieler und Dichter zu mir geäußert. Wahrlich, ich
400 2368 1604 2443 verband mehr kühn als treffend ausgedrückt hat, möchte ich
2909 2398 3307 2452 Nicht darum handelt
1643 2398 2828 2464 glaube, wir alle von der kritischen Feder haben eine höhere Auf¬
394 2407 1601 2479 offentlich zur Verteidigung Ihrer Warnungstafel den Degen ziehen,
2861 2434 3319 2485 und so die allgemeine
1637 2440 2822 2506 fassung von den Aufgaben der Schauspieler als ihr Präsident. Und
403 2458 1598 2530 die Sie am 2. April an dieser Stelle in Ihrem von ehrlicher Liebe zur
2870 2473 3319 2536 sondern um die Gefahr der
1640 2479 2825 2545 seltsam ist es, daß bei seinen Worten in dem Parlamente kein Sturm
394 2500 1444 2585 Kunst getragenen Artikel „Mißtrauen errichtet haben.
2867 2521 3331 2585 heim, wie Sie es so richt
1637 2527 2828 2591 losbrach, daß sie allen Mitgliedern wie etwas Selbstverständliches
466 2533 1613 2594 zwischen hat sich die Bühnengenossenschaft leider der Ansicht ihres
2864 2560 3328 2618 Spielplan der deutschen Be¬
1640 2575 1823 2651 erschienen.
409 2582 1601 2651 renten angeschlossen und ist dem Theaterkulturverband (dieses
2861 2603 3325 2654 Mit Recht haben Sie daher
1691 2600 2825 2678 So nun, wie die Genossenschaft den Verband zur Förderung
409 2627 1604 2696 Wort allein ist ohne leise Seekrankheit nicht zu bewältigen) bei¬
2861 2651 3325 2696 auch Ihre Warnung von
409 2660 2828 2738 getreten. Das hindert nicht, daß sich diejenigen zusammenscharen, deutscher Theaterkultur ihren Zwecken ganz offen dienstbar machen
2858 2693 3319 2750 schlagen worden ist, wenn
1637 2702 2828 2765 will, besteht die Gefahr, daß dieser Vorwand von Moralisten oder
409 2711 1607 2777 denen es heiliger Censt ist um die Freiheit der Kunst, die wissen, daß
2861 2729 3310 2789 ausgesetzt wurde, so ist zu
1643 2747 2831 2804 Sittenlehrern — vielleicht in bester, erzieherischer, aber dennoch
409 2762 1604 2819 deren hehre Standarte nur la freier Luft leuchten kann, sern vom
2867 2774 3331 2822 lichkeit nicht verfehlen wird
1628 2780 2831 2849 kunstfremder Absicht — ausgenutzt wird, um durch ihn die Kunst
412 2792 1610 2858 aber der Parteien, von Verinflussung durch Staat und Kirche, hoch
2931 2816 3319 2873 Jn dieser Hoffnung be=
1637 2831 2828 2912 zu fesseln oder vor den kläglichen Karren einer Tendenz zu spannen.
412 2831 1607 2900 über den Köpfen aller Phariser und Schriftgelehrten, die sie ihren
2864 2843 3328 2928 die Freiheit der Kunst
1637 2870 2828 2931 Als ob die wahre Kunst nicht das eigene Licht von Moral und Sitte
418 2873 1610 2955 Zwecken vorantragen möchten, und fern endlich von dem bedenklichen
3129 2900 3298 2961 Dr. jur.
1640 2909 2825 2973 in sich trügel Als ob ihr selbst die höchste, vaterländische, patriotis¬
409 2934 936 2997 Konzel zu Hildesheim.
3024 2946 3325 3033 8. Hauptschrift
460 2931 2837 3033 Wie recht Sie in Ihrer Warnung haben, beweist Richtlinie vorgeschrieben werden könnte, wenn sie nicht aus sie
1646 2997 2747 3069 selbst heraus eigenen Gesetzen folgend, diese Wirkung auslöst
412 3009 1607 3075 allein die seltsame Begründung des Herrn Nickelt für
2912 3018 3319 3099 Theaterchronik.
1691 3024 2831 3105 Wie wenige gibt es die sich dieser Unantastbarkeit der Kunst die
412 3048 1601 3120 seinen Beitritt zum Kulturverband Ganzen sprich
1646 3081 3304 3144 im Innern bewußt sind! Ja, wenn wir sicher wären, daß nur solche wirken am heutigen No
409 3096 1595 3162 er aus, daß ihm der Kulturverband als Mittel zur Er
2867 3117 3334 3168 für die sechste Kriegsanlei¬
1643 3120 2828 3189 Wissende in den Verband mit dem schrecklichen Namen aufgenommen
406 3135 1610 3207 reichung des Reformwerkes der Bühnengenossenschaft
2861 3156 3319 3228 und Walter Kirche
1637 3162 2831 3228 würden — Würde man aber solchem Optimismus schon mit Recht
409 3183 1604 3243 erscheine. Da haben wir es schon. So freudig auch das Gelingen
2912 3195 3295 3246 In den heute im
1643 3207 2828 3268 mißtrauisch begegnen können, so ist Mißtrauen ein noch zu gelinde
2870 3213 3328 3289 Nationaltag der der
412 3228 1601 3286 dieses Reformwerkes zu begrüßen wäre, es berechtigt den Genossen
1643 3255 2834 3334 Wort, wenn Urteile von leitender Stelle des Verbandes laut werden,
2861 3264 3316 3310 anleihe werden die neuer
418 3264 1604 3328 schaftspräsidenten nicht, die Standarte der Kunst von dem einsamen
2867 3307 3331 3358 Komponisten und Herrn
1637 3295 2633 3358 wie das über Schnitzler, das Herr Bernhardy zitiert hat.
409 3310 1613 3370 Hügel herunter zureißen, um sie für einen sozialen Zweck aufzupflanzen.
2864 3337 3337 3385 während der Pause zwische
1697 3319 2828 3394 Sie, Herr Engel, wollen ja keineswegs behaupten, daß sich inner
415 3352 1601 3412 Wenn Nickelt den sehr begründeten Einwänden Vernhardus entgegen
2873 3376 3331 3433 gramms im Konzertsal.
1640 3361 2828 3436 halb des Verbandes nicht Persönlichkeiten befänden, die die gleiche
421 3391 1607 3454 hält, er habe zwar als Kritiker aufgezeichnet, über als Genossen¬
2921 3412 3331 3466 Im Deutschen The
1646 3427 2834 3484 hohe Auffassung vom Wesen der Kunst betätigen wie Sie. Sie werden
430 3430 1607 3496 schafter sehr schlecht gesprochen, so möchte ich wissen, wie ander man
2861 3442 3343 3517 „Der Geizige gegeben.
1646 3457 2831 3520 ihnen auch nicht das Recht bestreiten wollen, gemeinsam Versuche zu
415 3472 1604 3535 von der Kunst reden könnte, denn als Kritiker, das ist als Wahre
3000 3487 3328 3544 ferner sind in
2858 3490 2970 3538 rolle;
1646 3496 2828 3559 unternehmen, um Mißstände auf dem Theatergebiet zu bekämpfen
418 3511 1619 3580 ihrer Interessen. Nur mit äußersten Befremden kann man aus
2864 3520 3322 3586 Thimig, Joseph Dan
1649 3544 2828 3607 Ich selbst habe vor zwei Jahren im „Berliner Tageblatt" gegen Aus
2864 3559 3331 3617 Christians, Paul
421 3562 1610 3626 dem Munde des Präsidenten des Schauspielerparlamente
1643 3577 2834 3641 wüchse im Theaterleben Front gemacht und dabei den Gedanken eines
2870 3595 3337 3668 führt Max Reinhard
424 3598 1610 3665 vernehmen, daß die dramatische Literatur die Schauspieler
1643 3620 2828 3689 Bundes zur Verhütung von Geschmacklosigkeiten aufleben lassen
2928 3638 3328 3695 Im Kleinen Thea¬
430 3644 1616 3707 richts angebe, daß die Schauspielkunst mit der
1649 3665 2834 3734 Zwischen hier und Hildesheim jedoch gähnt eine Kluft. Während hier
2864 3656 3319 3725 heutigen Vorstellung von
418 3683 1616 3746 dramatischen Kunst nicht zu tun habe. Ich hätte
1649 3707 2834 3770 eine Vereinigung von Männern angestrebt wurde, bereit, mit Wort und
2861 3713 3331 3782 Kriegsanleihe von
427 3728 1601 3791 das Gesicht des seligen Kainz bei solchen Worten sehen mögen! 20
2979 3752 3322 3800 der Komische
1646 3749 2828 3806 Schrift für die Hebung des Geschmacks zu streiten, nicht im purpurnen
421 3764 1613 3860 ein Florett, das man zerbrechen will, wäre er von seinem Sitze auf¬
1637 3788 3310 3878 Machtmantel des Nichters, sondern im wien Meinungs=Austausch vor Majestät zugunsten der
418 3827 599 3902 schnellt.
1146 3878 1321 4020 12
