3344 4352
296 298 956 403 Miscellaneous
1141 292 1576 394 box 41/6
2436 360 2774 443 Telephon 12.801
1980 443 2722 562 OBSERVEN
1896 545 2797 608 I. österr. beh. konz. Unternehmen für Zeitungs-Ausschen
1975 597 2739 669 Wien, I., Concordiaplatz Nr. 4.
2213 657 2496 721 Vertretungen
1911 692 2804 765 in Berlin, Basel, Budapest, Chicago, Cleveland,
1914 750 2800 794 Christiania, Genf, Kopenhagen, London, Madrid,
1908 781 2798 834 Mailand, Minneapolis, New-York, Paris, Rom, Sa¬
1943 829 2775 883 Francisco, Stockholm, St. Petersburg, Toronto.
2117 878 2600 947 (Quellenangabe ohne Gewähr.)
1908 927 2313 1022 Ausschnitt aus
2294 976 2734 1080 in
1915 1023 2074 1091 vom
1951 1156 2829 1271 Bei Gertrud Eysoldt.
2210 1272 2557 1363 Ein Gespräch.
1880 1347 2977 1416 Mit Gertrud Eysoldt kam nicht nur eine besonders begabte
1763 1379 2980 1454 Schauspielerin auf die Bühne, sondern gewissermaßen eine neue
1763 1439 2974 1515 Frau, das Kind eines konfliktreichern, nervösern Zeitalters. Diese
1767 1489 2973 1566 Frau war in einigen Werken der dramatischen Dichtung bereits
1761 1546 2973 1612 umschrieben, in der Eysoldt aber erst fand sie die darstellerische
1767 1576 2968 1647 Stilisierung, ihre eigene Geste. Eine Grenze wurde von ihr er¬
1758 1630 2968 1694 weitert bis ins Gebiet des seelisch Abnormalen und einer subli¬
1754 1677 2971 1760 mierten Tragik hin. Es waren Frauen mit einem „eigenen
1758 1717 2977 1801 Seelenklima", wie man damals sagte, Revolutionierte, zu ihren
1757 1761 2971 1847 Urinstinkten Zurückgekehrte, von einem Gefühl, einer Idee
1752 1825 2974 1890 maniakalisch Besessene wie die rachsüchtige Elektra, die Frauen
1752 1879 2966 1945 Strindbergs und Wedekinds. Mit diesen Gestalten ist die Kunst
1758 1911 2954 1983 der Eysoldt unzertrennlich verbunden, wenn auch nicht erschöpft
1751 1958 2962 2041 Sie verfügt in ihrer seinen Weiblichkeit auch über weichere,
1747 2007 2957 2105 diskretere Töne, über eine unsagbare Anmut, die auch seelische
1751 2053 2279 2128 Noblesse auszusprechen weiß.
1857 2111 2966 2189 So wirkt auch das private Wesen Frau Eysoldis. Sie hat
1751 2158 2966 2239 im Gespräch nichts von der Schauspielerin und das Metier ist ihr
1744 2221 2960 2290 wie eine nebensächliche Angelegenheit. Schlicht wie ihre Kleidung
1752 2252 2963 2334 ist ihr Wort, das von Geist und Empfinden beseelt ist. Sie ist
1746 2313 2960 2378 eine mehr Ibsensche als Strindbergsche Frau, eine Suchende, ganz
1754 2351 2963 2435 in den geistigen Problemen der Zeit Lebende, der die Kunst
1760 2398 2959 2478 Priestertum bedeutet. Sie läßt sich eigentlich nicht ausfragen, sie
1749 2450 2956 2522 spricht zunächst das aus, was sie im Moment im tiefsten erfüllt.
1747 2493 2963 2574 So entsteht ein warmer Kontakt, eine gegenseitige Aussprache
1741 2543 2956 2632 ohne irgendwelchen Fanatismus der persönlichen Anschauung,
1862 2598 2892 2662 Ich befrage Frau Eysoldt um ihre künstlerischen Pläne.
1864 2653 2957 2734 „Meine Pläne? Ich bin eine Suchende, Wartende. Ich sehe
1735 2707 2948 2766 vor mir eine Zeit, die in ihrem inneren Gehalt dichterischen Aus¬
1734 2757 2951 2829 druck noch nicht gefunden hat. Es ist so viel Neues in den
1741 2800 2945 2869 Menschen, so viel Sehnsucht. All das ist nicht ausgesprochen. Es
1732 2847 2954 2922 werden mir immerzu Dramen zugeschickt, die sehr talentvoll, sehr
1729 2902 2939 2960 kultiviert in der Form sind, aber alle sind irgendwie von bereits
1737 2937 2840 3014 schon vorhandenen Werken abgeleitet. Man versucht
1738 2951 2963 3073 Weise Wedelinds oder Hofmannsthals fortzusetzen und damit ist
1741 3089 2950 3176 ja nicht viel getan. Man glaubt mir immer dasselbe bieten zu
1734 3128 2953 3220 müssen. Es fehlt all diesen Dingen an dem persönlichen Erlebnis,
1741 3185 2950 3263 an einer eigenen Welt. Man kommt immer wieder mit der eroti¬
2033 3234 2956 3301 mit einem bereits festgelegten Typus.
1746 3255 1996 3316 schen Frau,
2027 3276 2830 3359 Frau ist ja nicht nur erotisch,
1747 3306 1986 3364 Aber die
1754 3316 2957 3408 Seelenleben ist vielfältiger, auch ihre Sehnsucht. Es liegt so Vieles
1746 3370 2953 3449 in der Luft — warum nehmen die Nachbildner es nicht wahr?
1755 3411 2963 3503 Das, was ich an Neuem schreiben möchte, das finde ich nicht. Ich
1749 3472 2965 3544 möchte lieber warten, bis es da ist, eine Zeitlang schweigen, wenn
1755 3509 2963 3594 ich nicht befürchten müßte, den bereits gewonnenen Boden und
1758 3556 2966 3640 den Kontakt zu verlieren. Ich halte jetzt Nachschau in den alten,
1752 3600 2968 3689 klassischen Literaturen. Vielleicht finde ich da manches, das ich dem
1758 3655 2962 3745 modernen Empfinden nahebringen kann. Ich denke auch an höhere
1761 3697 2965 3790 ethische und künstlerische Aufgaben des Theaters. Es ist gar nicht
1758 3735 2968 3828 wahr, daß wir kein Publikum für ernste Kunst haben. Reinhardt und
1766 3785 2963 3886 Barnowski haben mit ihren Versuchen so viel Verständnis und Zustim¬
1764 3825 2974 3926 mung in den weitesten Kreisen gefunden. Antike Tragödien wurden mit
1764 3877 2971 3972 Begeisterung hingenommen. Shakespeare wirkte wie etwas neues und
1764 3923 2974 4014 Strindbergs „Vater wurde in einer einzigen Saison hundertmal
1767 3975 2973 4065 in Berlin aufgeführt. Wie viele große, geistige interessierte Kreise
1770 4025 2982 4117 gibt es noch innerhalb der ärmeren Gesellschaftsschichten, die dem
1778 4066 2980 4155 Theater fernbleiben müssen und die man gewinnen könnte. Ich
1772 4127 2989 4204 denke dabei nicht an Volksbühnen mit unzureichenden künstlerischen
2856 4161 2986 4224 tum
