3344 4352
1134 306 1560 415 box 41/6
122 326 950 430 1. Miscellaneous
2192 809 2491 916 .
2170 948 2353 1010 Seite 61.
1492 946 1877 1010 Dr. Maria Maresch.
1084 951 1442 1021 Bücherschau 1915.
586 944 736 1025 Heft 1.
1503 1056 2386 1132 ganz zu eigen geben wollte, so sagt sie jetzt an
562 1071 1455 1145 jungen Sozialisten Karl Brandt zusammentrifft
1499 1117 2388 1171 dem Lebensmark des starken Mannes, um ihn
557 1130 1458 1189 und des jungen Bismarcks Seele jenseits aller
1499 1167 2388 1233 als rückgratlose Puppe in Wien unter der Schar
566 1176 1455 1232 Vernunft erkenntnis von Gott losreißt. Wie seine
1506 1217 2391 1276 ihrer Bewunderer zu haben. Er aber reißt sich
560 1224 1449 1283 erdhafte, realistische Natur jahrelang volles Ge¬
1504 1265 2390 1326 los, auf dem letzten Gipfel der Uskoken, dem
560 1272 1455 1333 nügen in äußerer Wirksamkeit findet und dann
1508 1316 2386 1375 Gorianz, dem letzten Rest seines Väterbesitzes,
557 1326 1455 1398 der Tod der edlen Maria von Blankenburg seine
1516 1363 2390 1429 führt er ein Jägerdasein, in das Frau Atta in
566 1374 1451 1438 Seele wieder - ebenfalls jenseits aller Vernunft¬
1512 1410 2386 1477 ihrer Sucht nach dem Seltsamen wieder für einen
562 1423 1457 1492 erwägung — zu Gott zurückführt, das ist mit
1516 1468 2388 1532 kurzen Sommermonat einbricht, um dann endlose
566 1473 1458 1538 ebensoviel seelischer Feinheit dargestellt wie die
1516 1516 1962 1586 Einsamkeit zurückzulassen.
557 1521 1455 1576 Entstehung des großstädtischen Proletariats in
1584 1556 2393 1622 Wir zweifeln nicht an der Wirklichkeitstreue
557 1575 1458 1645 dem Jugendfreunde Karl Brandt. Im ganzen
1512 1608 2391 1669 in dem Bildnis der Frau Atta. Sie gehört zu
566 1622 1455 1683 wächst uns aus dem ersten Bande der Roman¬
1512 1661 2391 1722 jenen geheimen Verbrechern der Großstadt, die
562 1672 1457 1733 trilogie eine Persönlichkeit entgegen, die in ihrer
1516 1709 2391 1768 ein müßiges, selbstsüchtiges Leben ganz in Ge¬
566 1722 1458 1785 Erdtreue, ihrem Frohsinn und ihrer Stärke die
1512 1753 2402 1816 danken der niedrigsten Eitelkeit und Gefallsucht
562 1770 1455 1833 besten Kräfte des deutschen Volkes darstellt, zu¬
1512 1805 2397 1866 einspannen und ihren Weg gegebenenfalls auch
572 1818 1457 1884 gleich aber auch in ihrer realistischen Tatkraft
1516 1851 2401 1919 über Leichen nehmen. Aber Bartsch steht gleich¬
575 1868 1460 1930 einen leisen Wallensteinschen Zug in sich trägt,
1512 1903 2397 1975 wohl mit unverkennbarer Sympathie auf ihrer
575 1923 1464 1988 der wohl in der folgenden Fortsetzung noch stärker
1519 1954 2401 2013 Seite und schwelgt in der Schilderung ihres
572 1969 1097 2034 zum Ausdruck kommen wird.
1516 1995 2408 2061 Körpers auf widerlichste Weise. Bartsch hat in
649 2000 1462 2080 Der tiefen Bedeutung des Jahres viel weniger
1521 2056 2402 2118 Frau Atta das Wiener Weib im Stile Schnitzlers
572 2069 1460 2130 gerecht ist B. H. Bartsch' Roman) „Frau
1521 2098 2391 2159 dergestellt. Überhaupt ist dieser Roman ein Be¬
577 2120 1455 2176 Atta und der Jäger“. Im Kriegsjahre 1915 er
1517 2150 2397 2220 weis für die inneren Zusammenhänge Bartsch
577 2163 1471 2227 schienen, aber aus der Zeit der österreichischen
1519 2203 2404 2268 mit dem sogenannten Wiener Dichterkreis
575 2211 1466 2270 Vorkriegskultur mit ihrer dämmerigen, „süßen
1512 2240 2404 2307 Schnitzler, Auernheimer usf., die in den früheren
572 2264 1460 2319 Müdigkeit", mit ihrem Kampf zwischen dem
1527 2299 2395 2358 Büchern noch durch die herrlichen Naturschilde¬
575 2305 1458 2377 starren Menschentum der Berge und der spiele¬
1517 2354 2408 2408 rungen verkleistert waren in den Atta-Szenen aber jetzt
572 2364 1451 2419 rischen, dekadenten Selbstvergötterung der Groß
1519 2395 2401 2452 klar zutage treten. Neben diesen können wieder die
575 2404 1460 2474 stadtmenschen, mit dem morbiden Einflusse der
1527 2448 2402 2513 frischen Jagdschilderungen und die Bilder von
583 2456 1466 2520 Wiener Halbweltkultur. Diese Wiener Halbwelt
1527 2491 2412 2554 packender Wirkung aus dem nationalen Kampfe
575 2502 1460 2576 bricht nun in Gestalt Frau Attas in die Berg¬
1525 2543 2413 2603 der Selbstbehauptung des Deutschtums unter den
577 2566 1464 2624 welt des letzten Edlen Heydenreich ein, der in¬
1521 2589 2413 2642 Südslawen (dem Thema des früheren Romanes
586 2600 1466 2662 mitten der südslawischen Bevölkerung einen heroi¬
1527 2637 2408 2710 „Das deutsche Leid") nicht zu entsprechender Gel¬
586 2659 1466 2720 schen Kampf um sein Vätererbe, Schloß Strasa,
1521 2697 1776 2762 tung kommen.
575 2697 1466 2771 den letzten deutschen Besitz in dieser Gegend, führt.
1595 2725 2412 2797 Leider hat sich Bartsch bei seiner Annäherung
581 2747 1473 2806 Aus Gefallsucht jagt Frau Atta, die wohl weiß,
1521 2784 2410 2847 an das ihm früher fremde religiöse Problem auch
581 2806 1475 2865 daß sie ihr Leben, das dem genußreichen Wien
1525 2838 2412 2902 in ein Gebiet verirrt, dem seine Gestaltungskraft
577 2847 1479 2915 gehört, nicht an den einsamen Jäger knüpfen
1530 2887 2415 2948 und sein seelisches Fassungsvermögen durchaus
581 2895 1475 2963 könnte, Hans Heydenreich in eine unglückselige
1521 2937 2410 2994 nicht gewachsen waren: in die Christusdar¬
581 2957 1475 3007 Leidenschaft zu ihr, vergiftet sein Blut, zieht ihn
1527 2981 2412 3048 stellung). Hier hat nun der sinnenfrohe Stil
581 3000 1477 3059 in die Großstadt. Und als er sich von ihr, der mit
1525 3029 2408 3086 des früheren Bartsch das gewaltige und geheimnis¬
583 3048 1471 3114 den lüsternen Gedanken einer dekadenten Gesell¬
1521 3081 2419 3149 volle Christusleben in die Form schwächlicher
586 3101 1481 3164 schaft zu spielen höchste Lust ist, losreißt, um in
1541 3131 2415 3197 Poesie, in eine Musik der Sprache gegossen, die
586 3145 1482 3203 die heilige Stille der Natur heimzukehren, da ist
1530 3177 2415 3241 immer wieder dem Bilde des in weißem Gewande
596 3190 1479 3263 Frau Atta es, die sein letztes Glück, Schloß Strasa,
1530 3228 2415 3297 still und liebevoll unter Blumen wandelnden Jesus
586 3251 1481 3308 zu Fall bringt, die durch ihre perfiden Anzeigen
1540 3282 2417 3343 zusingt. In diesen engen Rahmen des dichterischen
586 3291 1481 3357 bei der Bezirkshauptmannschaft veranlaßt, daß
1540 3322 2428 3387 Bildes war das vielgestaltige, urgewaltige Heilands¬
594 3345 1481 3411 ihm der Waffenpaß verweigert wird, so daß er
1532 3378 2417 3435 leben aber nicht zu drängen. Zumal Bartsch
596 3396 1490 3457 wie ein Wilderer durch eigene Wälder streifen
1540 3431 2421 3496 zum Überfluß aus dem durch die Evangelien
586 3439 1484 3499 muß. Wie Atta ihn früher bloß aus Eifersucht
1540 3472 2432 3558 gegebenen Stoffe noch sorgsam alles entfernt hat,
588 3496 1484 3568 der Freundin entrissen hat, die sich ihm als Frau
649 3584 1093 3654 *) Leipzig, Staackmann, 1915.
655 3627 1530 3710 *) Er. Ein Buch der Andacht. Leipzig, Staackmann, 1915.
1169 3684 2648 3903 de auch
