3344 4256
172 286 268 385 1.
326 267 1007 381 Miscellaneous
1181 259 1610 372 box 41/6
1032 1215 1211 1284 Seite 28
2316 1232 2463 1299 Heft 1
1617 1220 1884 1295 KRITIK
1034 1338 2451 1433 worden. Man hat erkannt: derselbe Schwindel wie mit den im¬
1043 1418 2463 1485 portierten Lebensmitteln. (Schöne Etiketten auf der Pfundbüch¬
1034 1476 2463 1567 se Reisfleisch; zwei kleine Stücke ausgewaschenes geschmacklo¬
1037 1528 1497 1601 ses Fleisch drinnen).
1136 1592 2461 1662 Zu Dr. Ludwig Wüllner: Wir haben einem Experiment beige¬
1041 1651 2458 1724 wohnt. Es ist nur teilweise gelungen, äusserlich. Es gibt unter uns
1032 1715 2454 1782 noch gewaltigere Meister der Sprechkunst, — welch eine grösste
1041 1771 2463 1830 Kunst, der deutschen Sprache wirkliches Leben, Erleben einzu¬
1034 1828 2454 1898 hauchen! — die nicht nach der Maske greifen. Wozu. — Um re¬
1036 1889 1912 1952 zitierender Schauspieler zu werden?
1984 1884 2465 1953 Widerspruch sonder¬
1034 1946 2467 2012 gleichen. — Oder: dozierender Schauspieler? — Das Wort / und
1041 2005 2460 2073 wäre es das trefflichste, ist im Schauspiel Regiebemerkung. Will
1034 2059 2472 2145 es mehr sein, dann ist es am falschen Ort. Shakespeare hat für die
1034 2113 1846 2191 Bühne geschrieben: für Schauspieler.
