3392 4320
1208 306 1639 410 box 41/5
358 303 1030 416 Miscellaneous
1009 538 1110 596 Vien.
890 538 1397 645 Le Victor Journal. Wie
416 560 795 663 Ausschnitt aus:
755 645 1015 749 111915
422 667 566 767 von:
483 703 1495 887 Bei Gräfin Wydenbruck¬
792 859 1183 985 Esterhazy.
933 951 1027 1021 Von
786 988 1171 1104 Paul Wilhelm.
480 1052 1593 1168 Gräfin Mysa Wydenbruck-Esterhazy zählt zu den anmutigsten
358 1128 1587 1220 und begabtesten Damen der österreichischen Aristokratie. Ihr leicht¬
361 1180 1584 1263 beweglicher Geist, ihr feiner Sinn für moderne Bestrebungen auf
358 1235 1581 1321 allen Gebieten der Kunst, ihre eigene musikalische Begabung und
361 1281 1581 1358 ihre energische Begeisterungsfähigkeit für jeden guten, fördern¬
361 1336 1581 1403 werten Zweck haben ihr in den weitesten Kreisen der Wiener
364 1376 1584 1455 Gesellschaft Anerkennung und Sympathien erworben. Auch jetzt,
355 1428 1578 1498 in den schweren Kriegszeiten, zählt Gräfin Wydenbruck nicht zu
358 1471 1578 1544 jenen — glücklicherweise nicht allzu zahlreichen — Damen der
355 1523 1578 1590 Gesellschaft, die sich von den dem Gemeinwohl gewidmeten Werken
349 1568 1575 1636 abseits halten, sondern sie hat sich in schier aufopfernder Weise
355 1617 1575 1685 einer weitgehenden Fürsorgetätigkeit gewidmet, die fast ihre ganze
361 1663 1581 1734 Zeit in Anspruch nimmt. Sie zählt nicht nur zu den künst¬
355 1715 1581 1792 lerisch Genießenden, sondern auch zu jenen, die auch soziale Arbeit
1682 1770 2795 1856 Die Gräfin hegt auch eine Reihe von Plänen für kleinere
342 1773 1553 1862 leisten und in diesem Sinne die höhere und edlere Kultur des
1578 1841 2782 1911 und größere Veranstaltungen, durch die der Kunstfürsorge
352 1853 1547 1902 menschlichen Herzens erweisen. Ihre graziöse Erscheinung und
1575 1890 2779 1951 neue Mittel zufließen sollen und sie verweist auf die Ehren¬
349 1896 1544 1951 ihr Wesen umgibt gleichwohl eine Atmosphäre von Ver
355 1932 2782 2006 feinerung und ausgeprägtem Schönheitssinn, die auch aus präsidentin Fürstin von Metternich-Sandor, die es stets ver¬
352 1987 2785 2045 ihrem eleganten Heim in der Gußhausstraße dem Besucher standen habe, irgendeiwas Neues, Zugkräftiges ausfinden zu machen,
349 2039 1553 2097 sofort ins Bewußtsein wird Mit Kennerblick ausgewählte
1578 2042 2785 2097 um den von ihr geförderten Zwecken reichliche Mittel zufließen
1572 2088 2779 2149 zu lassen. Bei dieser Gelegenheit erwähnt die Gräfin
349 2085 1544 2140 Gemälde älterer und neuer Meister schmücken die Wände und
345 2131 2788 2192 man sieht, daß vornehmlich ein feiner Farbensinn und Vorliebe auch der deutschen Meisterabende, deren künstlerischer Ernst sich
352 2177 2782 2244 für Zartes. Enervierendes die Richtlinien für die Auswahl der dem Wesen der Zeit durchaus anpassen und deren dritter
1572 2229 2791 2284 voraussichtlich eine musikalische Sensation bedeuten dürfte, denn
352 2235 1113 2305 gesammelten Kunstwerke abgegeben haben.
468 2272 2782 2330 Seit Kriegsbeginn hat Gräfin Wydenbruck freilich nur er bringt zum erstenmal Kläre Dux nach Wien, eine Sängerin
1581 2330 2785 2379 von höchsten künstlerischen Qualitäten, die Richard Strauß bei
352 2324 1550 2382 wenig Zeit in ihrem schönen Heim zu weilen. Fast den ganzer
355 2373 2791 2428 Tag verbringt sie in der von ihr geleiteten Nähstube im Palais seiner letzten Anwesenheit in Wien als die beste Mozartsängerin
1581 2428 2192 2495 bezeichnete, die er je gehört habe.
345 2425 1550 2477 des Militärkasinos auf dem Schwarzenbergplatz. Ich hat
1685 2452 2791 2522 Das Gespräch führt bei dieser Gelegenheit auch auf die
352 2464 1550 2522 wiederholt Gelegenheit, ihr dort einen Besuch abzustatten und
1578 2513 2788 2574 künstlerischen Erinnerungen der Gräfin und sie bezeichnet mir als
355 2513 1550 2581 stets fand ich sie, angetan mit der obligaten Nähschürze, eifrig
355 2568 2788 2617 mit dem Abzählen von Leinwandstücken oder mit irgendeiner die tiefste und nachhaltigste ihre persönlichen Beziehungen zu
355 2608 2785 2669 Handarbeit beschäftigt. Denn sie ordnet nicht nur alles an, leitet Mahler, von dessen Persönlichkeit sie den allerstärksten Eindruck
342 2660 2788 2715 alles mit zielbewußtem Sinn in die richtigen Wege, sie erhalten habe. „Er war, bemerkte die Gräfin, „nicht nur als
352 2712 2782 2761 greift auch selbst wacker zu und arbeitet, umgeben von einem Künstler, sondern auch als Mensch einer der wenigen gan¬
352 2755 2782 2840 Stab hilfsbereiter Damen, an Liebesgaben für unsere Soldaten Großen. Ich betrachte es als ein Glück, daß ich dem Manne
352 2804 538 2874 im Felde.
1572 2807 2791 2862 näher gestanden habe als viele andere, und daß es mir vergönnt
1578 2853 2791 2902 war, in die Tiefe seines Wesens einzudringen, das leider
468 2837 1550 2911 Sie erzählt mir von der wohltätigen Aktion der Nähstube
342 2886 2795 2947 die unter dem Protektorate der Erzherzogin Marie Valerie steht, so vielen verschlossen blieb, und das zu seinen Lebzeiten oft
342 2941 2788 2993 und in der durch den Krieg brotlos gewordene Frauen so arg verkannt wurde. Aber schon jetzt, wenige Jahre
1584 2987 2788 3045 nach seinem Tode, beginnen sich die Wolken, die Unverständnis,
345 2990 1553 3054 und Mädchen Arbeit finden. Die Leitung der Nähtud
1581 3039 2788 3100 vielleicht auch Neid und Mißgunst um seine künstlerische und
342 3045 1553 3100 vermittelt die Uebernahme der Arbeiten, die im Säumer
345 3091 2791 3152 und Nähen bestehen und für welche den Arbeiterinnen nicht nur menschliche Erscheinung gewoben haben, zu klären und immer
345 3137 2385 3192 ein Stücklohn ausbezahlt, sondern auf dem Wege von Speise¬ reiner und größer tritt seine Gestalt hervor.
1685 3174 2791 3241 Auch zur zeitgenössischen Literatur steht die Gräfin in enger
349 3183 902 3268 marken Kost verabreicht wird.
1587 3229 2791 3287 Fühlung Sie spricht von ihrer besonderen Verehrung für Artur
462 3213 1550 3302 „Gegenwärtig sind etwa sechzig Arbeiterinnen beschäftigt
1584 3278 2782 3327 Schnitzler, den sie zu den eigenartigsten und feinsten Er¬
342 3272 1562 3345 erzählt die Gräfin, „und es herrscht unter allen ein wahrhaft
1590 3324 2788 3375 scheinungen der modernen Literatur zählt. Sie war auch sehr
349 3342 1553 3394 rührendes patriarchalisches Verhältnis. Jeder passende Anla¬
1587 3375 2785 3427 befreundet mit Mark Twain, dessen trockener, unvergleichlich köst¬
342 3388 1550 3440 wird benutzt, um durch Veranstaltung einer improvisierten Feier
342 3418 2791 3489 den schwer arbeitenden Frauen und Mädchen eine kleine Freude licher Humor ihr viele unvergeßliche Stunden bereitet hat Bei
345 3461 2788 3541 zu bereiten. Jeder Kaisertag wird gefeiert, ebenso Ostern Weih¬ dieser Gelegenheit führt das Gespräch auch auf Auguste
342 3513 2788 3583 nachten und Neujahr. Ja selbst alle Namenstage und Geburts¬ Wilbrandt=Baudius, die gleichfalls zu dem engeren Wiener
342 3568 2791 3635 tage der einzelnen werden in Evidenz gehalten und keine geht Freundeskreis des Dichters zählte und deren unerreichte Kunst des
1584 3614 2727 3672 intimen Vorlesens — jetzt leider viel zu selten gehört —
342 3626 1562 3681 an einem solchen persönlichen Festtage leer aus. Es ist wirklich
342 3654 2788 3724 wie eine große Familie, und ich freue mich dieses einträchtigen einigen der köstlichsten Skizzen Mark Twains wahre Triumphe
352 3709 2785 3773 Verhältnisses das gewiß wesentlich dazu beiträgt, vielen unter gefeiert hat. Die Gräfin erzählt davon in ihrer geist¬
1584 3752 2788 3819 vollen lebendigen Art und schildert, daran anknüpfend,
342 3767 1556 3819 ihnen ihr hartes und unverschuldetes Los zu erleichtern und zu
342 3800 2791 3892 verschönen. Gerade in schwerer Lebenslage ist ja jedes Gemüt für wie unvergeßlich ihr auch ein Frühstück mit Mark Twain
1581 3846 2795 3904 und Peter Nansen sei, bei dem die beiden großen Dichter
349 3868 1299 3929 ein wenig Herzlichkeit und Wärme doppelt dankbar.
1587 3901 2795 3963 drei bis vier Stunden auf einem Fleck beisammen gesessen waren
462 3901 1559 3972 Die Gräfin spricht auch von der zweiten Aktion, der „All¬
1584 3950 2498 3999 und sich gegenseitig ihre Erlebnisse erzählt hatten
349 3966 1556 4024 gemeinen Kunstfürsorge, an der sie als Präsidentin des Damen
1694 3978 2782 4042 Da ich von ihrer eigenen künstlerichen Betätigung spreche¬
342 4008 1553 4066 komitees regen Anteil nimmt Sie weist darauf hin, wie not
1581 4024 2791 4097 die Gräfin ist wiederholt bei intimen Veranstaltungen als Sängerin
345 4060 1559 4112 wendig diese Bestrebungen wären und wie bedauerlich das Lo¬
1584 4091 2795 4146 und auch (im Schönbrunner Schloßtheater) als Schauspielerin (in
342 4106 1562 4161 der Künstler gerade in der jetzigen Zeit sei, welche kein Ohr für
1584 4134 2688 4189 dem Wilbrandtschen Einakter „Von Angesicht zu Angesicht
345 4155 1553 4213 die feineren Stimmen des Lebens habe und so leicht geneigt sei
