3392 4352
178 380 277 468 1.
1176 368 1605 458 box 41/5
323 374 1001 465 Miscellaneous
1312 1113 2516 1203 ausspiel gewinnen. Er unten in Stufe
1659 1146 2847 1228 Burgunder und geht lieblich und glatt ein. Aber seine Wirkung
817 1152 1632 1228 .... und den übrigen Hauptplätzen hatte man
1659 1213 2847 1282 ist heimtückisch. Biedere Werderaner versichern, daß, wer
510 1194 1641 1276 in Arbeiter Feiern veranstaltet. Die Geschäfte waren teilweise
1662 1255 2844 1333 gut gegessen hat und seinen Schoppen Obstwein langsam und be¬
422 1264 1632 1327 geschlossen. Die Mehrzahl der Zeitungen erschien nicht. Ver¬
1716 1372 2853 1433 Ein „Hellseher“ ist Herr Schermann nicht, und er will es auch
826 1394 1240 1478 Schermann.
1659 1403 2865 1481 nicht sein, wie denn seine ganze bescheidene, fast schüchterne Art sich
1659 1460 2850 1526 von jeder Mache erfreulich fernhält. Für Wunderischer und Aber
486 1448 1632 1520 P. B. Der Schutzverband deutscher Schriftsteller hat Herrn
434 1505 1632 1562 Schermann aus Wien eingeladen, Proben der seltsamen Wissen¬
1665 1511 2856 1571 gläubische ist er nicht der Mann, obwohl von ihm stimmen mag, was
440 1553 1644 1614 schaft, von der Dr. Robert Scheu vor einiger Zeit an dieser Stelle
1665 1550 2856 1617 einmal Lessing sagt: daß der Aberglaube den Sinnen bald zu viel
431 1593 1635 1647 erzählte, vor einem größeren Kreise abzulegen. Der öffentlichen
1668 1602 2154 1671 und bald zu wenig zutraut.
2878 1635 2968 1686 im
440 1638 1635 1695 Sitzung, die gestern abend im Saale des Brüdervereins stattfand, sollte
2887 1674 2989 1728 punk
431 1680 1638 1737 eine Prüfung durch eine kleine Gesellschaft Sachverständiger voraus¬
1719 1665 2856 1749 k. k. Die öffentliche Sitzung, die gestern abend stattfand, war
2887 1719 2983 1768 die
437 1716 1641 1780 gehen; da aber aus der geplanten kleinen Gesellschaft eine ziemlich
1671 1734 2859 1798 für viele der zahlreichen Zuhörer eine Enttäuschung. Zunächst sprach
2890 1761 2992 1810 über
440 1755 1638 1816 große wurde, zu der außer bekannten Professoren, Künstlern und
1665 1774 2868 1834 ein Herr aus Wien sehr lange über die Fähigkeiten und Fertigkeiten
2890 1798 2995 1852 der
437 1804 1641 1849 Schriftstellern auch zahlreiche Damen gehörten, ließ sich ein ab¬
1665 1819 2856 1870 Schermanns und zeigte dazu Lichtbilder. Das Publikum wurde un¬
2893 1840 3010 1891 tat er
449 1843 1638 1894 schließendes Urteil durch sachliche Experimente noch nicht gewinnen.
1668 1855 2856 1918 ruhig, man rief Schluß und verlangte energisch Schermann selbst
2893 1879 3004 1936 entfal
440 1876 1644 1939 Fünf Kommissionen, die in der Versammlung gewählt wurden, sollen
1674 1900 2865 1958 „arbeiten" zu sehen. Dieser wurde inzwischen in einem Nebenraum
2893 1924 2998 1970 die in
437 1924 1635 1985 nun in einzelnen Sitzungen festzustellen versuchen, ob die merkwürdi¬
437 1939 2856 2021 gen Dinge, die Dr. Scheu in einem kurzen einleitenden Vortrage er von einer Kommission geprüft, zu der u. a. Ludwig Fulda, Rudol
2899 1964 2998 2015 Zwei
1674 1982 2862 2039 Presber, Dr. Robert Scheu, Gabriele Reuter und Dr.
2890 2006 3010 2057 Sänge
440 2009 1638 2063 wähnte, und die zum Teil von Dr. Franz Oppenheimer, also
1671 2021 2859 2081 Magnus Hirschfeld gehörten. Als diese Herren im Saale er¬
2893 2048 3004 2099 Mör
446 2045 1644 2099 einem in Berlin wohlbekannten und geachteten Manne der Wissenschaft,
1680 2066 2862 2123 schienen, berichtete Dr. Ludwig Fulda unter allgemeiner Aufmerk¬
437 2087 1644 2145 bestätigt wurden, tatsächlich als eine Grundlage zu neuer Erkenntnis
2890 2087 3013 2142 Orche
1686 2102 2859 2166 samkeit, daß Schermann die Handschrift Schnitzlers aus einem ärzt
440 2129 1644 2187 betrachtet werden können, oder ob der Skeptizismus, dessen Wortführer
2890 2132 3010 2181 vorne
1677 2148 2859 2208 lichen Rezept im allgemeinen richtig gedeutet habe, daß aber auch
446 2172 1650 2235 gestern besonders Professor Dr. Dessoir war, auch in Sachen Scher¬
2890 2175 3022 2232 gepfle¬
1683 2190 2865 2253 Fehler mit unterlaufen seien. Ein Graphologe betonte sodann, daß
2899 2217 3010 2265 gibt
443 2214 778 2280 mann recht behält.
1677 2232 2868 2295 Schermann zwar ein tüchtiger Graphologe sei, in Deutschland jedoch
492 2235 1647 2307 Was gestern geschah, setzte sich aus überraschenden Treffern und
2896 2256 3004 2313 Recha
1671 2274 2859 2332 noch bedeutend bessere Handschriftendeuter lebten. Nach längeren De
446 2292 1650 2353 nicht minder überraschenden Fehlschlägen zusammen. Herr Schermann
2899 2301 3007 2350 bei ih
446 2313 2865 2398 gab zum Beispiel nach der Aufschrift eines Briefumschlags die in den batten trat Schermann selbst in Aktion. Aus ein paar Zeilen von der
2899 2341 3019 2407 Kardi=
443 2356 2862 2431 meisten Einzelheiten gelungene Charakteristik des früheren französi¬ Hand Maximilian Hardens entwarf er nach kurzer Zeit ein
458 2398 2868 2476 schen Ministers Pichon, um zum Schluß durch die Andeutung zu Charakterbild des Schriftstellers. Das Publikum gab durch lautes
2896 2422 3022 2500 kurzen
446 2440 2862 2528 verblüffen, daß der Briefschreiber (also Stephan Pichon) Bravo zu erkennen, daß Schermann Wesen und Art Hardens richtig
2899 2488 3034 2546 Karte
1683 2488 1924 2564 gedeutet habe.
446 2497 1650 2564 zu dem Adressaten, einem guten Deutschen, wahrscheinlich
1728 2497 2868 2582 Nun verlangte man Beweise der hellseherischen Kraft Schermanns
2896 2534 2998 2582 oder
1460 2543 1587 2588 Oder
452 2549 1342 2600 in verwandtschaftlichen Beziehungen stände
1424 2567 2868 2633 bestechenden Dieser Wunsch wurde aber von Dr. Scheu abgelehnt mit dem Hin¬
2896 2576 3019 2627 Grenz
1001 2558 1390 2636 durch Schlagkraft
455 2588 926 2642 zeichnete mit kurzen
1677 2606 2871 2660 weis, Schermann könne nicht wie ein Automat arbeiten. Außerdem
2896 2615 3019 2663 Türke
458 2612 1650 2678 Sätzen das Bild einer offenbar höchst interessanten Dame, nach glaub¬
1686 2642 2874 2715 sei auch Schermann kein Hellseher. Man müsse ihn aber
2896 2660 3034 2718 Reichs
458 2666 1650 2718 würdigem Zeugnis sogar in Aeußerlichkeiten richtig —, bis er dann,
1677 2684 2881 2751 als ein Phänomen ansehen. Der bekannte Graphologe Professor
2908 2703 3025 2751 ganzen
461 2706 1650 2760 für eine Dame doppelt schmerzhaft, durch die fehlerhafte Angabe des
1677 2733 2881 2787 Langenbruch werde heute Schermann eingehend prüfen.
2905 2745 2995 2793 regel
455 2751 1650 2814 Alters (vierzig statt zweiundzwanzig!) sich selbst um die Wirkung brachte.
2902 2784 3010 2835 bedar
507 2772 2874 2847 Die Erklärung kann ebenso in der Einwirkung der ungewohnten Damit verließ der größte Teil des Publikums den Saal, während die
1686 2811 2874 2881 Zurückbleibenden noch längere Debatten über die Fähigkeiten Scher¬
2905 2826 3016 2871 denen
458 2832 1662 2890 Umgebung wie in anderen Umständen gesucht verden. In jedem Falle
1686 2853 2678 2935 manns, den Erfolg oder Mißerfolg des Abends führten.
2902 2865 3016 2917 Bibli¬
458 2878 1656 2929 wird es aber gut sein, mit einem Schlußurteil über das „Phäno¬
2902 2911 3019 2956 Karte
461 2917 1656 2971 menale“ der Erscheinung Schermann zurückzuhalten, bis nach exakter
2908 2950 3010 3004 Stoff
1728 2926 2878 3001 L. S. Im Deutschen Opernhaus begann gestern Leo
455 2959 1653 3013 Prüfung die Wissenschaft gesprochen hat. Der Laie empfing gestern
2899 2995 3004 3043 verw.
458 2989 2871 3055 den Eindruck eines höchst sensibeln Menschen, dessen graphologische Slezak sein Gastspiel als Eleazar in der „Jüdin“. Nach den
1680 3031 2989 3092 vierten Akt mit seiner für die Kunst eines Eleazar=Sängers ent¬ nur
455 3043 1659 3101 Beobachtungsgabe durch Uebung gesteigert und durch die Gewohn¬
1689 3074 2878 3131 scheidenden Arie gab es im übervollen Hause lauten und anhalten¬
461 3086 1665 3161 heit phantasievoller Einfühlung zu blitzschnellen Schlußfolgerungen
1680 3116 2989 3191 den Jubel. Immer wieder rief man den Gast, der freundlich und
458 3131 706 3209 geführt wird.
