3392 4384
1221 386 1656 482 box 41/5
219 392 1045 490 1. Miscellaneous
768 1654 1251 1756 Schermann.
423 1762 1587 1823 Glossen zu merkwürdigen Vorführungen.
956 1841 1074 1912 Von
816 1895 1217 1982 Stefan Großmann.
466 1966 1590 2040 Der Mann ohne Vornamen käme zur rechten Zeit. Zwar halten
433 2033 1584 2083 wir durch — auch ohne durch eine von der Natur übersehene
429 2075 1590 2128 Ritze im Gartenzaun der Gegenwart in die Zukunft zu blinzeln,
436 2122 1587 2170 aber es gäbe etliche Diskussionen, die ein Wahrträumer oder
436 2164 1587 2215 Hellseher oder Durchschauer mit seinem Spruch endlich beschließen
436 2211 1587 2258 könnte... Allerdings, Erörterungen des Kriegsziels sind unter¬
442 2247 1587 2306 sagt! Nun, wir würden uns auch mit bescheideneren Enthüllungen
429 2298 1590 2352 begnügen. Wenn Goethe an Hellseher geglaubt hat, weshalb soll
436 2345 1587 2393 es uns kleinen Köpfen verboten sein? Wer erinnert sich nicht
433 2380 1587 2437 mit leisem Entzücken an den „Blumenwechsel in den Erläute¬
423 2428 1584 2481 rungen zum westöstlichen Divan, worin Goethe von einer Luftfahr
433 2476 1590 2532 zweier liebender Paare erzählt, die einander Charaden aufgaben,
433 2519 1593 2574 gar bald wird nicht nur eine jede, wie sie vom Munde kommt,
439 2561 1590 2621 sogleich erraten, sondern zuletzt sogar das Wort, das der andere
439 2603 1590 2663 denkt und eben zum Worträthsel umbilden will, durch die un¬
442 2644 1593 2702 mittelbarste Divination erkannt und ausgesprochen“. Aber
442 2689 1596 2750 freilich, auf dieser Insel der Seligen war die göttliche Ein¬
442 2734 1593 2794 gebung selbstverständlich. Goethe hat aber auch in weniger
433 2790 1595 2838 trunkenen Stunden, wie man aus seiner Autobiographie weiß, an
442 2820 1587 2881 pisionäres Fernsehen geglaubt. Und erst Schopenhauer! In dem
442 2865 1593 2922 Versuch über Geistersehen“ hat der redlichste und tiefste Geist
439 2909 1596 2962 Deutschlands ein außerordentliches Material über die Dinge auf¬
442 2947 1593 3010 gestapelt, von denen Eure Schulweisheit sich nichts träumen läßt.
442 2989 1587 3048 Merkwürdig, sein stärkster Beleg hat auch galanten Anstrich,
437 3036 1590 3094 Schopenhauer erzählt da: „Meine schöne Wirtin in Mailand vor
436 3080 1595 3135 langen Jahren fragte mich in einem sehr animierten Gespräch bei
433 3122 1597 3179 der Abendtafel, welches die drei Nummern wären, die sie als Terne
436 3169 1593 3231 in der Lotterie belegt hatte. Ohne mich zu besinnen nannte ich die
436 3208 1593 3268 erste und die zweite richtig, dann aber, durch ihren Jubel stützig
433 3253 1578 3319 geworden, gleichsam aufgeweckt und reflektierend, die dritte falsch.
442 3298 1593 3355 Man geht also zu der Veranstaltung des „Schutzverbandes deutscher
445 3346 1595 3399 Schriftsteller“, in der Dr. Robert Scheu Herrn Schermann
493 3384 1592 3440 er hat wie alle echten Phänomene keinen Vornamen oder
434 3425 1593 3485 trägt ihn wenigstens nicht — mit willig gestimmten Gemüt
439 3478 1595 3534 man nimmt sich vor, den Durchschauer womöglich nicht aufzu¬
436 3518 595 3577 wecken.
490 3545 1596 3615 Schermann ist ein kleines, mageres, zartes Männchen. Sieht aus
439 3607 1611 3679 wie ein Versicherungsbeamter (der er auch ist). Keine okkultistische
1640 1622 2798 1676 Frisur, ein natürliches Schnurbärtchen, ein wenig abstehende Ohren.
1643 1666 2797 1721 Es gewinnt, daß das Phänomen keinen Fiduskopf und nicht das
1643 1705 2794 1775 abgezehrte Heiligengesicht der Prärafaeliten anstrebt. Er ist ein
2624 1752 2800 1815 Vorführer
2042 1753 2444 1816 scheuer als Scheu,
1643 1759 1905 1820 wenig scheu
1651 1799 2803 1847 — er flüstert, aber er redet im natürlichsten Leopold¬
1648 1844 2798 1901 städter Wiener Dialekt, mit einer gewissen Abneigung
2189 1883 2797 1947 Also nicht einmal sprachlich
1640 1890 2126 1947 gegen reine Trüblaute.
1634 1925 2800 1982 macht er sich besser als er ist. Man begreift, daß dieser sensitive
1640 1976 2797 2029 kleine Mensch am liebsten nur im kleinen Kreis tätig ist und daß
1640 2014 2794 2086 ihn Berlin, der norddeutsche Zweifel und eine vielhundertköpfige
1640 2068 2080 2124 Versammlung irritieren.
1679 2102 2800 2163 Im Kleinen Komitee, so erzählten glaubwürdige Zeugen, hat
1648 2151 2794 2204 er vormittags ganz wunderliche Dinge aus vorgelegten Hand¬
1654 2194 2794 2252 schriften erraten. Man gab ihm einen Brief von Erich Schmidt,
1648 2239 2798 2293 und seine Hand vollführte unwillkürlich jene unnachahmliche,
1654 2278 2794 2336 schwungvolle Geste, die ein Stück von Erich Schmidts Vortrags¬
1651 2325 2797 2393 kunst war. Man zeigt ihm Schriftzüge von Karl Scheffler, und
1648 2371 2698 2421 er sagt: „Ich höre hämmern, hier werden Bilder angehängt."
1682 2395 2791 2468 Immerhin, Erzählungen, seien es Erzählungen der Verläß¬
1648 2447 2650 2517 lichsten, wir wollen sehen, wie man hellsicht! Vor uns!
1679 2497 2803 2561 Nachmittags. Ein Zirkel von fünfzig Leuten. Dr. Robert Scheu
1646 2548 2803 2599 erzählt verblüffende Dinge. Schermann habe nicht nur aus der
1646 2593 2803 2642 Schrift den Charakter des Schreibers herausgelesen, sondern auch
1694 2629 2800 2692 umgekehrt, synthetisch zu bestimmten Charakteren die ihnen
1646 2676 2797 2728 eigene Handschrift gefunden und niedergeschrieben. Aber ....
1648 2721 2800 2777 schließlich ist es das Geschäft eines Feuilletonisten, zu verblüffen.
1648 2769 2803 2822 Wir wollen sehen, wie man hellsieht... Der große Zirkel liegt
1648 2810 2800 2867 Schermann auf den Nerven. Es bleibt nur eine kleine Kom¬
1646 2857 2800 2914 mission um ihn, der Prof. Dessoir, Prof. Eulenburg und einige
1643 2893 2800 2954 andere scharfe Zuschauer angehören. Man legt ihm unterschrift¬
1648 2950 2806 2997 lose Briefe vor, Briefe von Stefan Pichon, von einer jungen
1648 2988 2800 3037 Dame, das Kuvert eines Briefes von Siegfried Jakobsohn. Ueber
1646 3029 2803 3084 Pichon sagt er sogleich Verblüffendes, über die junge Dame, daß
1648 3072 2800 3131 sie 42 Jahre alt sei, sonst aber ein im großen richtiges seelisches
1651 3123 2797 3179 Porträt, von Jakobsohn erzählt er, daß er ein starker Bejaher,
1646 3161 2806 3214 eine weiche Natur, ein Mensch mit einem vergangenen
1648 3208 2800 3260 Groll, ein freudiger Esser sei. Professor Dessoir konstatiert,
1648 3252 2800 3303 daß Jakobsohn gerade einer der stärksten Verneiner sei, und blickt ein
1648 3297 2800 3345 bißchen triumphierend umher. Aber sind denn nicht die
1651 3336 2797 3390 starken Verneiner auf die starken Bejaher? Professor Dessoir
1659 3383 2801 3441 findet, daß Schermann eine ungewöhnliche graphologische Begabung
1651 3428 2797 3483 sei. Hellsehertum hat er nicht bei ihm gefunden. Die Graphologen
1646 3466 2795 3521 aber rüsten sich zum großen Entscheidungskampf, abends in der
1651 3513 1898 3572 Versammlung.
1682 3552 2800 3616 Diese Versammlung (im Brüdersaal) war denkwürdig. Man
1640 3607 2800 3669 hat wohl kaum je eine Versammlung mit so raffiniert schlechten
2826 1380 3234 1469 Ausschnitt aus:
2832 1449 3307 1543 vom 3. 5. 1915
2844 1613 3386 1680 Rednern zustande gebracht. De¬
2846 1670 3386 1723 Schermann sehen, zusehen, wie
2846 1715 3386 1768 ein Herr Sachs, der die Trieb¬
2846 1755 3381 1809 ausgemerzt hat und den Leop.
2849 1797 3387 1850 mit einer Ungeniertheit redet:
2846 1838 3362 1893 der Praterstraße. Dazu sollten
2845 1886 3355 1947 Aber es fehlte eine Lampe,
2844 1925 3381 1984 andern fehlte die Erläuterung,
2841 1975 3383 2035 gereizt, unterbrach mit Recht un
2849 2019 3381 2068 ein Zuschauer: „Was ist der le
2846 2059 3378 2113 geheul. Dann ruft jemand plötz
2855 2109 3378 2157 Schermann vorzustellen!" D
2846 2151 3386 2201 läuten. Weit und breit keine
2849 2194 3381 2252 einem Nebenraum eine kleine
2849 2239 3381 2291 manns. Sie tritt unter Lud¬
2846 2281 3378 2331 ohne den Satz, ohne das Wor
2855 2322 3373 2380 Herr Sachs ab: „Bitte, Licht!"
2852 2368 3355 2434 Geistesgegenwart, dann zieht
2884 2415 3386 2481 Dr. Ludwig Fulda erzählt
2841 2449 3386 2526 Chinin-Rezept gegeben. Darau
2844 2507 3383 2558 der Seele, ein sehr vorsichtiger
2855 2552 3386 2606 hat, seine Umgebung zu beruhig
2855 2599 3386 2650 um ihn. Das Rezept war vor I
2867 2638 3383 2692 geschrieben, der ja wirklich ein
2855 2685 3386 2749 wissen seine Bekannten, eine mer
2858 2728 3381 2790 hörten die Leute, daß Scherma¬
2852 2772 3386 2828 Augenblick Applaus, Jubel, Zu
2846 2817 3386 2877 kletterte auf die Tribüne — es
2844 2858 3386 2914 dem Podium, den ganzen Abend
2841 2908 3381 2969 Graphologie, und die deutschen
2846 2944 3378 3010 alles ebenso gut, nur nach wis
2846 2992 3370 3052 Protest, Zwischenrufe, und —
2887 3033 3387 3090 Dann aber sollten die Leute
2846 3087 3378 3132 wie man hellsah. Schermann u.
2849 3126 3383 3176 vorbereitet, der von Harden he
2849 3169 3380 3220 Tafel geschrieben werden, aber
2849 3211 3381 3272 tollen Abend und brach. Da¬
2855 3250 3378 3304 eingeführt und las mit gesenkt
2855 3301 3386 3354 Handschrift: „Scharfe Zunge, tr
2852 3342 3386 3392 einem König, sehr selbstbewußt,
2855 3383 3386 3453 Wort ab, kann die Menschen
2852 3428 3292 3492 glänzender Beobachter,
2855 3467 3349 3523 führt alles durch, was
2855 3504 3383 3561 in punkto Kleidung. Ein M
2846 3552 3384 3609 lieber selbst hineinlegt, stolz au
2849 3601 3381 3682 Das war nun verblüffend, be¬
