3392 4256
297 337 531 437 Mis
1853 140 2944 226 Posten nun an
1861 203 2986 266 herausgehoben und ins Licht gestellt wurde. In dem Maße,
1861 246 2983 311 in dem Weislingen in seine Untreue verstrickt wird und
1864 297 2992 348 rotz scheinbarer Oberhand doch schließlich der Unterliegende:
1864 337 2992 400 bleibt, in eben diesem Maße hebt sich die ganze Größe des
1156 320 1570 428 box 41/5
562 334 974 431 laneous
1867 371 2981 437 einen Götz aus all seinem Ungemach zu sieghaftem
1873 423 2986 480 lebergewichte empor. Und was wir von den neuen
1867 460 2981 520 Beziehungen des Dramas zu unserer neuen Zeit sagten:
1076 471 1622 565 HEICHSPOST, WIEN,
657 482 1028 580 Ausschnitt aus:
1864 514 2992 577 Wahrhaftig! Solche unbeugsame, von ihrem besseren Fühlen
1873 548 2983 617 und Wissen beseelte Männer, solche Männer mit eisernen
1873 594 2989 648 Fäusten, hat sie unsere Zeit nicht in hunderttausend
1193 565 1465 677 NOS
657 605 797 674 vom
1856 631 2983 691 Gestalten wieder erlebt? Solchen Männern, die ingrimmig
1853 677 2983 742 lachen, wenn ihnen das Nahen einer zehnfachen Uebermacht
1856 719 2983 797 gemeldet wird, die sich ihr ohne einen Augenblick des Zagens
785 705 1767 831 Theater, Kunst, Musik.
1859 771 2986 828 entgegenwerfen, begegnen wir solchen feldgrauen Männern
1867 802 2986 894 nicht tausendfach: Vor allem aber: In einem beginnenden
1859 851 2986 911 Wandel, in einer gewaltigen Verschiebung der Kräfte das
968 822 1539 931 Der neue „Götz"
1859 894 2998 951 tals wahr erkannte Alte verteidigen, mit hohem Mut, mit
691 885 1793 976 Das gestrige Burgtheaterereignis.
1864 936 2989 988 wildem Trotz und ingrimmiger Unablässigkeit dafür ein¬
799 968 1833 1025 Diese „Götz-Aufführung, die gestern eine halbe Stunde
1867 982 2995 1045 stehen.... ist das nicht heute wieder wie nur
702 1008 1833 1062 vor Mitternacht zu Ende war und deren Gäste die Straßen¬
1870 1016 2995 1082 einst, und je die Tat unserer Besten geworden
699 1053 1839 1116 bahn schon im Sonderwagen heimbefördern mußte, war ohne
1873 1062 2992 1151 Auf Schritt und Tritt offenbaren sich nun im
719 1093 1839 1159 Zweifel ein Ereignis in der Theaterstadt Wien. Eines von
2667 1102 2995 1168 fast eineinhalb¬
2384 1113 2601 1168 das nun
1870 1116 2313 1171 dem Drama Goethes
717 1136 1836 1202 jenen Ereignissen, bei denen dabeigewesen zu sein sozusagen
1879 1156 3001 1213 Jahrhunderte alt ist, die treffendsten Beziehungen zu den
697 1185 1839 1253 zum guten literarischen Wiener Ton gehört, eines von jenen
1864 1193 2998 1256 Kampfe unserer Tage. Kein Literaturstäublein deckt für
711 1219 1833 1282 Ereignissen, die wieder einmal ein volles Haus gebracht
1870 1245 2998 1305 lebendige Menschen von heute dieses lebendige Drama,
717 1268 1839 1330 haben. Wohlgemerkt: Ein Ereignis nicht durch die neue,
1873 1285 2998 1342 wenngleich mancherlei darin nur zu verstehen ist, wenn man
705 1310 1836 1368 wissenschaftlich interessante „Götz"Form, welche aus der
1884 1328 3001 1393 sich ganz in den Geist seiner Entstehungszeit und seines¬
719 1356 1744 1422 Zusammenziehung aller Goetheschen Götzfassungen
1870 1368 3001 1430 Dichters hineinzudenken vermag. So fällt ein Dutzendmal
711 1390 1693 1459 standen ist, ein Ereignis nicht dadurch,
1870 1413 2998 1473 das Wort „Pfaff, und ein wenig kindisch mutet es an,
705 1422 1764 1513 Herr Reimers das Erbe Baumeisters in der Titelrolle
1870 1447 2995 1516 wenn in so hoher dichterischer Umgebung kein treffenderes
711 1485 1839 1550 getreten hat, auch nicht ein Ereignis dadurch, daß die
1879 1496 2998 1562 Wort zur Hand ist, um Bosheit, Tucke, Falschheit zu kenn¬
702 1522 1839 1585 meisten Rollen überhaupt neu und mit neuen Leuten besetzt
1873 1539 2992 1610 zeichnen. Hier zeigt sich der Goethe des Urgötz, jenes dreiund¬
711 1570 1850 1630 waren, sondern ganz einfach ein Ereignis dadurch, daß
1870 1582 2998 1656 zwanzigjährige, dichterisch explosive, allein gedanklich noch recht
711 1613 1850 1687 überhaupt wieder einmal nach zehnjähriger Pause der
1873 1627 2998 1696 unklare Genie, dessen Ausschreitungen eine klügere Regie wohl
739 1647 1850 1713 Götz auf die Hofbühne gekommen ist. Und dies ist der
1876 1670 2998 1733 mit ruhigem Gewissen hätte Einhalt tun können, selbst wenn
717 1696 1841 1759 Schatten, der auf das Ereignis fällt: Man muß heute die
1879 1713 2995 1782 dies auf Kosten der historischen Korrektheit des Bühnentextes
719 1742 1839 1802 Tage, an denen dieses Theater den Klassikern gewidmet
1884 1756 3009 1819 gegangen wäre. Jndessen ist ja katholisches Wesen zu
722 1787 1839 1847 ist, förmlich rot anstreichen, man muß sie besonders
1890 1796 3001 1864 schützen, katholischen Besitzstand des Gemütes zu wahren
728 1824 1841 1890 feiern und in jeder Klassikeraufführung förmlich ein
1876 1841 3003 1910 der heute am Burgtheater herrschende Geist nicht geneigt
725 1873 1839 1936 sensationelles Ereignis erblicken. Und doch sollten die
1873 1881 3006 1953 und so verschanzt sich denn die Regie in diesem Belange
719 1916 1850 1976 paar klassischen Stücke unseres deutschen Bühnen¬
1879 1927 3006 2024 wohl mit Behagen hinter die Erfordernisse der textlichen
722 1961 1847 2018 besitzes ohne jegliche Unterbrechung zum eisernen
1873 1990 2164 2056 Manuskriptreue
719 1996 1847 2070 Bestande der Hofburgtheaters gehören. Wenn Neubesetzungen
1959 1998 3006 2078 Was nun die technische Seite der Aufführung anbe¬
728 2050 1847 2110 notwendig sind, so sollten sie ganz automatisch, ganz un¬
1881 2050 3006 2124 langt: Eine rasche Folge schön gestellter Bilder, auf der
719 2096 1850 2156 merklich vor sich gehen. Mit einem Wort: Es soll keine
1876 2098 3015 2173 Drehbühne mit kaum minutenlangen Pausen in den Raum
731 2124 1847 2193 Sensation abgeben, wenn im Burgtheater „Götz" gespielt
1890 2150 3012 2210 gerückt. Bilder von enger, aber tadelloser Schönheit.
734 2176 1847 2241 wird. Die Freude, daß wir ihn nun wieder haben, wird
1884 2193 3012 2253 Eines davon ist ein Erlebnis: Der Wachturm, durch dessen
731 2224 1859 2284 ganz wesentlich beeinträchtigt durch den gewiß sehr be¬
1887 2230 3003 2295 Fenster man auf ein blaues Meer wogender Waldwipfe
725 2255 1850 2318 rechtigten Aerger darüber, daß wir ihn so lange Zeit über
1881 2275 3009 2341 hinuntersteht, auf denen ein Sommertag seinen ganzen
734 2301 1853 2373 nicht mehr hatten. Wer dafür verantwortlich zu machen
1881 2315 3006 2401 Glanz und Schimmer webt. Die Bilder stammen von Pro¬
728 2344 1847 2410 ist, daß unserer Hofbühne die selbstverständlichsten Auf¬
1890 2355 3015 2435 fessor Roller, dem feinfühligsten Bühnenmaler, den das
731 2390 1853 2455 gaben verdunkelt werden, daß sie erst einer besonderen
1890 2415 2495 2478 Theater seit langem gehabt hat.
719 2432 1859 2490 Kraftanstrengung, eines gewaltsamen Zusammenraffens
1967 2430 3012 2512 Darstellerisch hatte das Burgtheater gestern vollens
734 2478 1847 2541 ihrer künstlerischen Energie bedarf, um das zu vollführen
1890 2490 3012 2555 einen Ehrenabend ohne gleichen. Der Götz des Herrn
725 2521 1853 2578 was ihre selbstverständliche Aufgabe ist und ohne wochen¬
1890 2535 3012 2604 Reimers hielt sich in höchster Ebenbürtigkeit aufrecht
731 2564 1850 2624 lange Vorankündigung getan werden sollte, daß sie das
1887 2572 3015 2644 neben der vergleichenden Gegenüberstellung der einzigen,
728 2609 1850 2675 was ihr als Regel obliegt, zur ruhmredigen Ausnahme
1890 2624 3026 2689 uns Jüngeren geläufigen Götz=Tradition: Baumeister. Er
731 2655 1861 2732 macht, wissen wir nicht. Dies eine aber ist klar: Für ein
1896 2658 3015 2727 war von einer wunderbar klaren Güte, von einer durch
734 2687 1853 2761 Theater, das sein Ziel darin erblickt, Schnitzlerischen Schmutz
1887 2704 3018 2778 Gutherzigkeit gebändigten Kraft, von einem so starken, schlich¬
728 2729 1861 2798 und Schönherrsche Erotik möglichst künstlerisch in Bühnen¬
1884 2747 3018 2812 ten Wesen, wie man es sich nur immer zu wünschen vermag.
731 2778 1859 2838 kunst umzugestalten, für ein solches Theater ist Goethe
737 2786 3021 2886 freilich eine Ausnahme, die man einmal in zehn Jahren Wie denn überhaupt die größten Tage dieses Künstlers jetzt
1890 2832 3023 2904 zu strahlen beginnen, jetzt, da er in ergrauendem Haare das
734 2864 1864 2926 macht, die man viele Monate vorher umfangreich ankündigt -
731 2875 3021 2966 und von der man bald wieder abrückt. Dies ist das retorisch polternde seiner bisherigen Tätigkeit allgemach
1890 2921 3018 2983 ablegen und sich dem verklärenden Schimmer reiferen
742 2949 1861 3038 schmerzliche gewesen an dem gestrigen Abend, daß er ein
1887 2961 3018 3026 Menschentumes erschließen wird. Dies wurde uns gestern
745 2989 1856 3052 Ereignis war. Das ist das Traurige an diesem Theater
1896 3003 3021 3072 deutlich bewußt, als wir ihn neben dem Weislingen des
731 3041 1861 3101 Daß alles Große, was sich auf ihm zeigt, gleich wie ein
1896 3043 3021 3112 Gerrn Walden stehen sahen, der noch ziemlich weit von
734 3075 1864 3138 Gipfel aufragt aus seiner Fläche, deren stumpfe Niedrigkeit
1904 3098 3023 3155 jenem tiefmenschlichen Künstlersein mitten im Artistischen
739 3123 1867 3186 dadurch sinnfälliger wird denn je. Und noch ein Zweites
1896 3135 3021 3203 steht, als ein großer Könner, aber kein Versteher. Seine
731 3166 1864 3240 war traurig gestern abend: Die Aufführung schlug nicht
1901 3175 3021 3243 Sterbeszene ist ein schauspielerisches Meisterstück und läßt
734 3203 1867 3275 ein! Mit unsäglicher Mühe auf die Beine gebracht, mit
731 3218 3015 3315 allem Fleiß und aller erdenklicher Sorgfalt vorbereitet, von doch so ganz kali! Fräulein Wohlgemut als Adelheid
1901 3266 3018 3329 brachte eine Enttäuschung, die nicht ihr zur Last fällt
731 3292 1864 3355 allen ersten Kräften der Hofbühne gefördert, schlug sie
1907 3306 3023 3377 sondern dem Regisseur, der sie an falsche Stelle setzte. Wir
737 3337 1864 3403 dennoch nicht ein! Fünfundzwanzig Szenen gab es und
1910 3352 3038 3415 glauben, sie wäre eine ganz vortreffliche Maria gewesen. Der
734 3380 1864 3446 wohl zehnmal ging der Vorhang nieder, ohne daß sich auch
1896 3392 3023 3460 Georg des Herrn Romberg war frisch und voll treu¬
739 3432 1867 3492 nur eine einzige Hand zum Beifalle gerührt hätte! Die
1904 3437 3032 3509 herziger Jugendlichkeit, doch rein äußerlich vielleicht doch ein
731 3463 1861 3537 anderen Male gab es einen ganz dünnen Beifall. Den
1901 3480 3018 3549 wenig zu erwachsen. Frau Bleibtreu und Medelst
739 3509 1867 3577 einzigen, wirklich nennenswerten Beifall des ganzen, vier¬
1904 3520 3021 3589 nahmen die Weiblichkeit in Götzens Hause in allertreueste
737 3552 1870 3620 einhalbstündigen Theaterabendes holte sich der Götzdarsteller
742 3569 3026 3660 Herr Reimers bei offener Szene in seinem prachtvollen Obhut, während sich Herr Paulsens Biederkeit am
1901 3606 3026 3680 Sikingen geradstämmig auslebte. Auch die kleineren Rollen
731 3640 1867 3694 Auftreten gegen die Ratsherren von Heilbronn. Sonst
1904 3654 3023 3723 waren mit ersten Künstlern besetzt, deren das Burgtheater
745 3677 1870 3754 stumpfes, verächtliches Schweigen, welches den Darstellern
1904 3703 3032 3763 wie man an solchen Abenden bemerkt, eine erstaunliche
739 3729 1867 3791 und dem Regisseur die schmerzliche Kunde brachte, daß das
1901 3740 3029 3811 Reihe zur Verfügung hat. Kein Wunder, daß sich trotz
734 3774 1867 3834 Haus nicht mitging, ganz und gar mit seinem Fühlen nicht
1904 3786 3032 3849 mancher Mangelhaftigkeit im einzelnen letzten Endes doch
748 3811 1873 3883 bei der Sache war. Wie wäre es denn auch anders möglich?
1904 3826 2732 3897 der Eindruck hoher Vollkommenheit einstellt
739 3857 1870 3917 Dieses selbe Volk, daß sich fahren, fuhraus an Schnitzlers gellem
1984 3840 3032 3934 Und für all das hatte das Stammpublikum des Burg¬
745 3903 1864 3963 Quatsch erfreut, das Schönherrs brünstiger Geschlechtsmora
1901 3914 3032 3983 theaters von heute so gut wie gar kein Verständnis. Es
737 3943 1867 4006 begeistert lauscht, wie wäre dieses selbe Volk unn plötzlich
1901 3960 3035 4023 wurde gegen Ende der Vorstellung schon merklich unruhig,
745 3983 1873 4043 für Göthes biederes Götz=Drama aufnahmsfähig? Jene
1907 3994 3029 4071 zeigte sich unwillig und verdrossen, das Theater lichtete
748 4034 1867 4088 Wiener Theaterfreunde, die einstens das Stampublikum
1907 4034 3029 4108 sich allmählich lange vor Schluß. Verfall und Tiefstand
745 4071 1870 4134 für das klassische Programm gebildet haben, jenen einfachen
1907 4088 3041 4163 dieser Bühne offenbarten sich selten deutlicher als an diesem
742 4117 1802 4177 Mann, dem der Götz des fünfzigjährigen Baumeisters
1527 4128 2655 4228 Burgerfrau, die Abende ihres Anstieges und ihrer Höhe
748 4165 1462 4234 Fleisch und Blut satz, jene theatersten
2664 4145 2995 4225 hans Brecka.
