3344 4224
1163 180 1600 295 box 41/6
310 196 990 312 Miscellaneous
494 539 1201 728 ECHOS
425 844 1418 929 Zum angeblichen Rücktritt des literarischen Bei¬
277 901 1409 974 rates des Burgtheaters. Man schreibt uns: In Ihrem
286 950 1414 1016 heutigen Morgenblatt lese ich von den Gerüchten über den
279 995 1411 1057 Rücktritt des Schriftstellers Gustav Schwarzkopf vom
279 1040 1411 1099 Posten des literarischen Beirates des Burgtheaters. Man
281 1080 1414 1142 dürfte nicht fehlgehen, wenn man in ihm die Ursache für
279 1125 1409 1184 das ganz unbegründete Fortdauern der Vorherrschaft des
286 1170 1406 1234 sogenannten „Jung=Wien“ zu erblicken hat. Noch immer
279 1215 1411 1279 dominieren Schner und Genossen, die doch längst schon
279 1258 1404 1319 sich überlebt haben und gewiß nicht als Repräsentanten
267 1293 1402 1369 des literarischen Wien angesehen werden können. Vor
279 1345 1404 1406 Schwarzkopf versah den Dienst Herr Rosenbaum,
281 1390 1409 1456 Nomina sunt omina. In diesem Falle trifft dies wirklich
279 1435 1404 1494 scheinbar zu. Die echte bodenständige Literatur ist vom
277 1480 1402 1541 Burgtheater ausgeschlossen geblieben. Der Ungar (*)
272 1522 1404 1584 Monar und Schönherrs „Weibsteufel“ bleiben weiterhin
272 1567 1399 1624 die Note. Monars „Fasching", der selbst in Budapest be¬
277 1610 1402 1678 rechtigtes Kopfschütteln ob seiner Eindeutigkeit erregt
272 1652 1399 1709 hat, soll am Burgtheater in eiserner Zeit aufgeführt wer¬
267 1702 1399 1759 den. Scheinbar kommt nun doch ein Wechsel in diesen An¬
272 1742 1399 1801 schauungen und ihr erster fühlbarer Ausdruck dürfte der
265 1785 1397 1870 Rücktritt des Herrn Schwarzkopf und die Berufung eines
267 1834 742 1903 anderen Literaten sein.
1229 1839 1359 1891 H. P.
3113 1969 3335 2030 können und
1222 1974 3075 2042 Lugano hat keine Saison; der Kursaal ist bekommen, und alle Zeitungen der Welt dazu.
2149 2019 3335 2080 Sie politisieren mit Maß, denn der Mensch muß noch Roma¬
1189 2033 2116 2101 geschlossen; in den großen Hotels stehen ganze
3113 2068 3331 2130 Allzuwirkli=
440 1952 1059 2144 Feuilleton.
2149 2071 3082 2142 das lassen, wenn die Weltgeschichte selbst an¬
1194 2082 2116 2151 Flügel leer; die bunten Läden, alle Schätze der
2153 2101 3335 2184 fängt, Politik zu treiben. Sie läßt sich nicht nach Roma¬
1189 2134 2123 2217 Welt in Regalen, unter Glas, auf gebogenen
381 2108 1080 2236 Promenade in Lugano
2149 2165 3335 2227 dreinreden, das Schicksal will seinen natürlichen wie wir ei
1187 2184 2118 2243 Tischen, sind nicht geöffnet. Und dennoch ist
3115 2208 3321 2276 wieder sei¬
700 2205 1128 2293 Lugano, Ende Januar.
2153 2222 2896 2290 Gang und sein logisches Ende haben.
1184 2227 2118 2295 diese zauberische Stadt voll. Deutsche bevölkern
3151 2262 3297 2326 Schoß
255 2246 1144 2333 Dieser Winkel der Welt — die oberitalieni
2198 2264 3080 2335 Aber am Sonntag, da taucht plötzlich Jugend
1196 2290 2118 2350 sie, jene Deutschen, die Italien hatten verlassen
3106 2307 3309 2373 verstummt
225 2319 1158 2383 schen Seen — ist wie ein Rest des versunkenen
2153 2326 3078 2392 auf. Die Angestellten der Banken, der Fabriken
1194 2331 2106 2392 müssen. Seit Jahren und Jahrzehnten dort an
3108 2364 3264 2423 Alles
225 2366 1156 2430 Paradieses. Noch ist es nicht ganz verloren,
2153 2368 3075 2451 haben ihren freien Tag, und in jäher, kurzer
1194 2378 2118 2442 sässig, heimisch geworden, vermochten sie nicht,
3108 2409 3260 2470 und ma¬
222 2420 1154 2480 solange diese sanft geränderten Berge, diese
1187 2423 3080 2491 die Atmosphäre des Südens zu entbehren. Sie Wiederkehr lebt die Saison auf. Die jungen
3118 2461 3238 2529 Arkad
2153 2468 3082 2527 Tessiner sind schön, schlank und feurig, haben
222 2470 1161 2532 braunen Kastanienwälder, diese Palmenufer und
1194 2482 2120 2543 mußten wohl die Grenze überschreiten, aber im
227 2520 1158 2579 Felsendörfer sich in einem Wasser spiegeln, in
2160 2520 3082 2588 Witz und Anstand. Sie flanieren am Kai in
1187 2522 2118 2584 nächsten Ort der ihnen freistand, fielen sie
3108 2558 3229 2619 Gassen
220 2569 1156 2657 dem alle Farben dunkler, mystischer Sehnsucht
1194 2558 3080 2636 nieder, ein Zug südtrunkener Vögel. Es war, modischen Mänteln, die Zeitung in der Tasche.
3115 2610 3215 2666 Käse,
2160 2607 3080 2678 Und nachmittags ist das einzige Café überfüllt.
220 2621 515 2695 aufgelöst sind.
1189 2624 2127 2690 Lugano, schweizerisch, doch italienisch in Ge¬
3115 2659 3219 2714 alles
2158 2664 3082 2725 Es nennt sich „Riviera“, und das ist gut so, denn
1196 2664 2123 2737 präge, Sprache und Luft. Gelehrte, Kaufleute,
265 2643 1161 2742 Aber der Winter ist hereingebrochen über diese
3115 2709 3210 2763 die
1201 2706 3078 2782 Zeitungskorrespondenten, Maler, Bildhauer, in diesen kalten Tagen macht schon dieser Name
227 2718 1161 2782 verwunschene Landschaft. An meines Hauses
2160 2758 3080 2822 warm. Aber nur der Name! Drinnen, in den
1203 2770 2137 2834 Dichter, Rentner: diese alle bilden nun eine
227 2773 1158 2834 klassischer Pfeilerwand hängen im Nachtfrost er¬
3115 2803 3196 2860 ital
2160 2803 3082 2874 hohen Sälen mit den Glaswänden, herrscht der
1201 2820 2130 2881 große deutsche Kolonie in Lugano. Alle
234 2820 1154 2884 starrte rote und blasse Rosen; an den Zitronen
2163 2851 3089 2924 Frost. Man soll sich aneinander wärmen. Eine
1201 2874 2116 2933 Wohnungen sind vermietet, die Pensionen be
227 2870 1158 2929 bäumen reifen die Früchte nicht weiter; auf den
2160 2900 3080 2974 liebenswürdige Enge von Tisch und Stuhl er¬
1198 2912 2125 2983 setzt, und tausend deutsche Herzen schlagen hier
225 2919 1163 2995 Bambusstauden liegt Reif: ihr zartes Gefieder
2160 2952 3082 3016 möglicht das. Drei Mann machen dazu Konzert.
1203 2967 2130 3028 inbrünstig dem Frieden entgegen. Wird er
236 2969 1168 3028 ist wie ein Federkleid unbeweglich, versteint.
2165 3000 3087 3071 Es ist fragwürdig. Aber das ganze Bild hat
1198 3004 2123 3078 ihnen die verlorene Wahlheimat alsbald zurück¬
236 3021 1165 3078 Die Mimosen frieren in ihren Knospen; die
2170 3042 3210 3115 etwas von großer Welt: ein paar Sprachen, des
1196 3063 2125 3130 geben? Keiner glaubt wohl daran: Italien wird
232 3066 1168 3120 Palmen braunen sich; die Eidechsen, die noch
3120 3094 3215 3149 Balk
2163 3101 3089 3163 Pelzmäntel mit schimmerndem Futter; Duft von
1201 3108 2125 3177 ihnen nicht mehr werden, was es war. Aber hier
232 3113 1168 3177 gestern smaragdgrün über meine Schwelle
3120 3141 3219 3201 Ling
2160 3149 3085 3210 Kaffee, Kuchen, Schokolade, Blumen, Parfüms
1203 3160 2127 3227 trinken sie nun den geliebten Atem. Bitteres
225 3163 1172 3229 blitzten, sind in den Steinritzen erstarrt. Ein
3118 3189 3227 3243 nicht
2170 3193 3089 3264 Frauenlachen; Anstoßen von Billardkugeln;
1208 3215 1794 3276 Glück: das Geliebte ist feind!
232 3208 1163 3281 ungeheures Schweigen liegt über der Natur
3115 3238 3227 3297 Kälte
2170 3245 3082 3307 eine Autohupe; vor den Riesenfenstern das
236 3262 1163 3333 seit der Schnee von den weichen Gipfeln herab¬
1246 3257 2118 3328 Auf der Promenade dem Kai, hört man nu¬
3120 3288 3229 3347 schred
1203 3293 3082 3378 Deutsch. Ein wenig Französisch klingt das Panorama des Sees: Monte Bré, Generosa
236 3307 1168 3404 gedrungen ist bis an die Ufer des blauschwarzen
3125 3335 3257 3394 Was
2158 3342 3092 3404 San Salvatore. Es ist wie die Szene aus einem
1198 3357 2130 3430 zwischen, und ein kleiner Trupp Engländerinnen
243 3373 355 3435 Sees.
3120 3378 3262 3451 einen
2170 3387 3092 3451 Roman von Schnitzler. Hier könnte, im Rahmen
1215 3409 2127 3465 — hoch, steif, übertrieben höflich, mit ihren Raff¬
281 3397 1168 3482 Eben noch war der Sommer hier. Die Herren
3158 3435 3264 3498 Die
2165 3437 3080 3498 von Gesellschaft und Luxus, die Tragikomödie
1213 3458 2134 3524 zähnen lächelnd, jenseits aller Mode, mit
232 3461 1170 3541 ließen ihre Hüte im Hotel, und die Damen
2165 3482 3042 3553 zweier Seelen beginnen. Aber wie? Lugano
3118 3479 3295 3553 legt die
1213 3505 2123 3567 Skizzenheften und Büchern — marschiert lang
234 3515 1172 3591 trugen Pelz und Boa über dem Arm. Juniglut
3127 3534 3295 3602 Deutsche
2165 3520 3089 3600 ist das nicht Schnitzler=Land? Zehn Schritte
1210 3553 2130 3619 beinig vorbei. Niemand macht große Toilette
241 3576 1168 3626 erfüllte die Bergkessel, Junisonne brütete auf
2170 3583 3080 3643 weiter das dem Garten, in den
3125 3583 3331 3650 der Schnee
1210 3605 2132 3669 Für wen? Junge Herren, auf die es wirken
234 3619 1172 3680 Wiesen und Weingärten, und die leeren
2170 3628 3089 3692 Georg Therese küßte und dabei die wehe Lust
3120 3635 3333 3697 der See ist
1215 3650 2134 3716 könnte, gibt es nicht. Nur weiße Männerköpfe
246 3673 1175 3728 Sträucher und Hecken waren ein Widersinn.
2165 3680 3087 3742 der Lüge empfand; der See, auf den sie hinaus¬
3115 3683 3328 3751 punkte sie
241 3702 2137 3780 Himmel und See wetteiferten im Blau, im drehen sich jugendlich nach einem schönen Gesicht
2165 3723 3089 3789 ruderten, die Menschen aus dem „Weg ins
3120 3730 3331 3794 Das Schw.
1213 3749 2125 3813 um. Alte Herren — ein ganzes Heer — lust
234 3754 1139 3836 Winde lag der Duft von Sizilien und Afrika
3120 3782 3335 3843 Schweigen
2163 3773 3087 3872 Freie". Auf jenem Balkon saß Anna und
1210 3799 2139 3865 wandeln hier, langweilen sich, machen altmodisch
243 3806 1168 3877 aber nun, plötzlich, ist der Norden in den Süder
3120 3832 3331 3893 Sterne? N
2170 3834 2387 3914 wartete...
1215 3853 2130 3912 Hof. Sie haben ihr deutsches Stammlokal, der
246 3858 1168 3924 eingebrochen. Ein Winter, seit Jahren unbe¬
3120 3881 3333 3940 linen? Wa
2208 3846 3089 3945 Man findet sich zurück in die schnödere
1210 3895 2137 3959 Gambrinus, wo sie echtes Münchener und
236 3912 1180 3999 kannt, ist da; Schneemassen, von Eingebornen
2158 3929 3338 4023 Wirklichkeit. Wann wird man wieder reisen Es ist Ita
1203 3936 2059 4016 Pilsener — billiger als in Deutschland
241 3964 742 4054 nie geahnt, sind gefallen.
