3344 4352
154 334 242 402 1
312 316 977 422 Miscellaneous
1170 320 1597 402 box 41/5
2065 328 2929 439 sschnitt aus: at denen
2729 396 2925 490 Heere
2059 447 2437 527 29
2098 584 2881 662 Une protestation d'Arthur Schnitzler
2116 759 2923 830 Comme si ce n’était pas assez des batail¬
2083 815 2925 883 les d'intellectuels et de leurs paroles d'or¬
2079 857 2929 927 gueil et de violence, il se trouve à présent
2083 913 2929 969 des publicistes sans scrupules qui, pour
2077 962 2929 1025 alimenter l'incendie, ne craignent pas
2077 1013 2931 1060 d'y jeter les rares écrivains restés calmes
2077 1060 2934 1113 en dehors de la mêlée. Ils vont jusqu'à
2079 1108 2934 1167 leur prêter parfois des pensées malfai¬
2070 1164 2941 1218 santes, qui sont des semences nouvelles de
2077 1199 2932 1262 haine. L'illustre romancier viennois Arthur
2079 1249 2937 1309 Schnitzler est une de leurs victimes. On
2083 1298 2945 1367 vient de lui attribuer dans des journaux
2077 1347 2932 1409 russes les plus étranges propos sur les maî¬
2077 1396 2940 1460 tres de la littérature russe, anglaise et fran¬
2076 1442 2939 1512 co-belge. Il nous écrit pour les démentir.
2077 1497 2937 1570 Il proteste qu'aucune guerre ne saurait
2029 1547 2943 1620 atteindre l'impartialité de son esprit et
2077 1591 2934 1658 son jugement équitable sur les œuvres
2083 1647 2937 1700 C'est pour nous un devoir confraternel de
2092 1691 2946 1758 publier sa protestation, comme ce le sera
2078 1741 2945 1815 toujours de contribuer, toutes les fois que
2086 1793 2945 1850 nous le pourrons, à tout acte qui montre,
2077 1839 2934 1897 au milieu de la démence des nations en lut¬
2083 1899 2945 1951 te, l'unité persistante de la pensée humaine
2083 1938 2937 1998 et l'union secrète de ses meilleurs repré¬
2083 1996 2271 2055 sentants.
2125 2044 2498 2118 15 décembre 1914.
2507 2100 2896 2165 Romain ROLLAND
2118 2259 2946 2336 « J'apprends indirectement par des amis
2092 2319 2947 2376 russes qu'on a publié dans des journaux de
2083 2362 2937 2425 Pétersbourg de soi-disant propos de moi
2085 2405 2943 2466 sur Tolstoi, Maeterlinck, Anatole France et
2083 2452 2938 2509 Shakespeare. Ils sont d'une absurdité si fan¬
2088 2499 2943 2555 tastique qu'aucun homme qui me connaît
2088 2550 2945 2606 n'y ajouterait foi, en temps ordinaire ; mais
2092 2595 2945 2638 dans un monde égaré, comme celui d'au¬
2101 2638 2945 2688 jourd'hui, par l’excès de la haine et par la
2088 2676 2945 2722 frénésie du mensonge, ils pourraient ne pas
2088 2711 2950 2783 se invraisemblables même à des gen¬
2094 2762 2955 2818 non dépourvus de jugement. De tels essais
2092 2801 2946 2853 d'excitation, entrepris loin par derrière le
2092 2845 2943 2901 front des armées qui combattent loyale¬
2088 2892 2943 2943 ment, sous le couvert d'une presse irrespon¬
2088 2935 2940 2987 sable, par les maraudeurs du patriotisme,
2088 2980 2934 3039 sont une des caractéristiques, et peut-être
2088 3022 2943 3072 la plus répugnante, de cette guerre. Même
2088 3067 2939 3119 le plus ridicule de ces essais pourrait, s'il
2092 3116 2946 3175 réussit, rendre très difficile à ceux qui en
2088 3154 2940 3216 sont victimes de dissiper plus tard le mal¬
2088 3197 2943 3259 entendu C'est pourquoi ce serait une faute,
2094 3243 2940 3297 si je négligeais ceux-ci, à cause de leur stu
2093 3295 2229 3360 pidité.
2131 3323 2943 3389 La teneur exacte des propos qui me sont
2101 3374 2943 3430 attribués ne m'est pas encore connue ; mais
2094 3429 2945 3478 leur sens et leur publication ne sont pas
2094 3467 2947 3516 douteux. Et puisque, dans les circonstances
2103 3505 2937 3572 présentes, il peut se passer beaucoup de
2103 3556 2941 3608 temps avant que j'entre en possession de
2101 3598 2939 3658 l’article original, je dois me limiter provi¬
2094 3648 2947 3703 soirement à cette déclaration que des pro¬
2110 3691 2937 3743 pos du genre de ceux qui m'ont été publi¬
2101 3732 2933 3796 quement attribués n'ont jamais été pronon
2101 3772 2943 3827 cés par moi, et n'auraient jamais pu l'être,
2101 3821 2950 3875 à aucun moment, ni en temps de paix, ni
2101 3874 2945 3923 en temps de guerre, vu ma façon de penser.
2131 3906 2953 3961 A vrai dire, il est un peu humiliant
2122 3966 2943 4012 pour qui a su toute sa vie éviter jalouse¬
2112 3996 2946 4058 ment le mauvais goût de se commenter
2112 4038 2949 4095 soi-même, de devoir, pour la première fois,
2106 4080 2958 4144 donner l'assurance explicite que le beau
2107 4130 2959 4182 sera pour lui toujours le beau, que le grand
2110 4167 2943 4226 era toujours le rand, — même s'ils appar¬
