3296 4256
364 61 1037 176 LES
1200 93 1634 195 box 41/6
2317 284 2863 437 1910
472 313 616 479 00
530 498 2974 616 Abschrift der Stellen aus der Schrift des Herrn Dr. Dinter, auf Grund deren
536 603 2811 683 der Vorstand, der geschäftsführende Ausschuss und der Aufsichtsrat den
699 638 2677 740 Ausschluss des Herrn Dr. Dinter einstimmig beschlossen haben.
1059 734 1178 801 3
1209 724 3000 833 ternheim, Wedelind, Blumenthal, Kadelburg, Fulda, Rappaport,
472 724 1245 858 15. Die Schnitz
469 807 2815 881 von dem ein Seitenzweig unter dem fulminanten Namen Gabriele d'Annunzio
466 852 2993 932 herrlich in Italien blüht, und wie diese Chaosdichter, die keinen Tropfen deut¬
472 919 2926 1002 schen Blutes in ihren Adern haben, alle heissen, sie und unsere, ihrer Sippe
475 964 2977 1053 und ihrem Geiste verfallenen Blutsgenossen sie sind es, die im heutigen Welt¬
475 1028 2946 1136 kriege, den wir um Sein oder Nichtsein deutscher Eigenart führen, unsere The
469 1098 1040 1178 ater beherrschen!
696 1111 2952 1209 Die Körperschaft nun, die vor allen andern berufen wäre, die hohe Auf¬
530 1155 664 1245 1.
475 1190 3003 1270 gabe zu lösen, ein umfassendes Theatergesetz in die Wege zu leiten, der Ver¬
2767 1254 2923 1328 muss
482 1245 2729 1347 and Deutscher Bühnenschriftsteller
472 1276 2977 1379 hier auch versagen, da in ihm die massgebenden Stückefabrikanten die gros¬
475 1350 3009 1433 se Mehrheit bilden und das grosse Wort führen. Sie sind natürlich eifrig dar¬
1682 1420 2917 1513 in dem sie behaglich herumplät-
472 1420 1889 1484 bedacht, dass das trübe Tantiemenwasser.
472 1471 2863 1541 schern, nicht filtriert wird. Trotzdem an der Spitze dieses Verbandes ein
482 1525 2824 1596 deutschblütiger Mann steht, von echtem unverfälschtem mecklenburgischen
472 1551 3009 1647 Schrot und Korn, der einen Ehrenplatz unter den wenigen heute lebenden Bühnen¬
475 1634 2914 1704 schriftstellern einnimmt, denen das seltene Prädikat Dichter gebührt. Unter
472 1666 3032 1765 den ihn umwimmelnden köstlichen Böcklingestalten der seiner Führung anvertrau¬
482 1742 2958 1822 ten Gefolgschaft kommt er sich im Spiele der Wellen selber komisch vor. Bei
475 1787 2977 1876 einem guten Glase Rotspon macht er daraus auch kein Hehl, zuweilen sich nicht
482 1851 2977 1937 wenn er offiziell den Dreizack schwingt. Aber- ja eben, aber Die massgeben¬
472 1905 2926 1985 den Kollegen sind eben zu massgebend Und nicht umsonst hat man ihm einen
475 1940 3025 2049 gut beschnittenen Mitvorsitzenden an die Seite gesetzt, der auch in sämtlichen
472 2026 2987 2113 Goethe, Schiller, Kleist und Shakespearebünden und -Stiftungen und sonstigen
482 2062 2926 2160 „Kulturgesellschaften eine massgebende Rolle spielt und mit den rutto
475 2116 2952 2212 nenden Worten „Wir Deutsche!" nur so um sich wirft Gelegentlich des Frank¬
479 2164 2949 2263 furter Schützenfestes hat dieser einmal ein wundervolles Gedicht veröffent¬
482 2215 2977 2317 licht, in dem er sich selber als „deutschen Schützen" einführt, der siegfreid¬
479 2282 2974 2377 gleich unnachsichtlich und unerbittlich, mit tollkühner Unerschrockenheit al¬
479 2330 2949 2425 les bekämpfe, was faul im deutschen Vaterlande sei! Das „Berliner Tageblatt"
479 2409 2961 2489 hat dieses Kraftprodukt genügend gewürdigt und seinen Verfasser dadurch ge¬
482 2444 2971 2547 ziemend geehrt, dass es seinem „Dichternamen das Prädikat „Der Schütze bei¬
482 2496 2904 2594 fügte. In dem inredestehenden Kampfe allerdings ist auf die todbringenden
482 2550 2965 2662 Pfeile dieses Frankfurter Schützen nicht zu rechnen. Man wird doch nicht auf
482 2620 2591 2713 sich selber schiessen! Das wäre ja kulturwidrig „Wir Deutsche!"
491 2636 3048 2754 S.36. Die private Regelung dieser Aufführungsvertragsfrage hatten sich bereits
488 2725 2993 2818 im Jahre 1910 der Verband Deutscher Bühnenschriftsteller“ und der „Deutsche
485 2776 2894 2879 Bühnenverein" zum Ziele gesetzt. Es wurde unter dem wohlberedten Vorsitze
482 2824 2981 2926 des Königlichen Generalintendanten Professor Ernst Ritter v. Possart eine ge¬
479 2901 2977 2993 meinsame Kommission gebildet, der anzuhören auch meine Wenigkeit das oft gar
488 2949 2981 3048 nicht geringe Vergnügen hatte. Das platonische Interesse der hohen Behörden
488 2997 2993 3092 an dieser Theatermaterie kam dadurch zum Ausdruck, dass der Chef der Berliner
491 3054 2974 3147 Zensur behörde, Geheimer Oberregierungsrat von Glasenapp, an den mehr als zwei
488 3105 2987 3204 Jahre sich hinziehenden Sitzungen ab und zu teilnahm. Die ideellen und mate¬
485 3159 2863 3265 riellen Gegensätze der „massgebenden und nichtmassgebenden Teilnehmer
498 3214 2955 3319 prallten aber so hart aufeinander, dass Oskar Blumenthal, der Obmann des Ver¬
498 3284 2885 3367 bandes „deutscher Bühnenschriftsteller, seine blutigsten Witze loslassen
491 3325 2965 3427 musste, um die Versammlung bei Laune zu erhalten. Schliesslich erblickte un¬
504 3376 3028 3482 ter seiner sachkundigen Geburtshilfe der Wechselbalg eines kläglichen Kompro¬
488 3437 2965 3542 missvertrages das Licht der Welt. Da aber die Generalversammlung des deut¬
498 3478 3038 3593 schen Bühnenvereins dieser Missgeburt die legitime Anerkennung versagte, ble
488 3558 2997 3657 ihrem väterlichen Urheber Oskar Blumenthal nichts anderes übrig, als das Pro¬
495 3593 3003 3705 dukt seiner Liebesmühen nach einigen vergeblichen Versuchen, es umzumodeln, in
498 3657 3032 3753 Spiritus zu setzen. Dergestalt harrt es noch heute in dem Archive des Bühnen¬
498 3711 3000 3810 schriftstellerverbandes seiner Erweckung zu neuem Leben. Ob dieses Spiritus¬
501 3759 3035 3861 begräbnisses waren aber die massgebenden Mitglieder des Verbandes deutscher
504 3817 2997 3919 binnenschriftsteller gar nicht böse. Sie, die schliesslich nur unter der Wir¬
498 3871 3003 3979 rung der andauernden Witze Oskar gute Miene zum bösen Spiel gemacht hatten,
504 3922 3028 4031 konnten sich für das moralische Plus, das ihnen die Annahme des Vertrages ein¬
511 3979 2974 4091 gebracht hätte, nichts „Greifbares kaufen, und eine Bratwurst ziehen sie be¬
504 4059 1921 4152 kanntlich dem ganzen homerischen Olymp. vor.
