3392 4352
145 304 275 395 1.
309 306 724 390 Miscella
1164 284 1580 376 box 41/6
769 298 979 395 s
2328 1001 2484 1069 Heft 1:
1396 1000 1793 1075 Das Neue Österreich.
719 1016 904 1079 Seite 62.
1695 1111 2502 1190 „Dies denn, o Christe, war dein erster Tag,
679 1119 1573 1199 was die innere Allgewalt der Heilandsgestalt
1617 1178 2516 1232 da du sagtest: Nur dem Menschen gib dich gänzlich.
683 1187 835 1259 zeichnet.
1622 1224 2516 1276 Und sieh deinen zweiten Tag: Ein Volk zwischen
770 1227 1573 1296 Christus ist ihm nicht tot, da er nur sechs
1628 1276 2516 1335 Wald und Quell und Blumen, das brauchte dich
686 1285 1568 1338 Stunden am Kreuze hing (der Lanzenstich wird aus¬
1622 1324 2117 1407 nicht und wollte dich nicht.
688 1330 1570 1395 geschaltet, die Jünger öffnen das Grab und tragen
688 1386 1573 1441 ihn in den österlich stillen Garten, wo er zu neuem
692 1437 1565 1490 Leben erwacht. Auch Pilatus und Procula er¬
1704 1436 2519 1497 Aber, du Verkünder aus Osten! Nun werden
692 1482 1576 1541 fahren von seinem Wiedererwachen und flüchten
1630 1495 2516 1555 sie alle kommen, die Deinen aus Juda, und
692 1532 1573 1598 ihn, um ihn vor der Wut des Volkes zu schützen,
1622 1537 2522 1593 werden jene Menschenliebe lehren! Ach, nur ein
688 1581 1581 1637 zu dem Freunde Tullius nach Rom, in dessen
1635 1593 2331 1664 Zipfel der Liebe, die Gottes Kleid ist.
695 1628 1580 1693 Blumenvilla an der appischen Gräberstraße Jesus
688 1681 1573 1739 nun weiterlebt. „Jetzt endlich weilte er zwischen
1707 1691 2526 1759 Mich aber fröstelt und alt werde ich; der
692 1729 1576 1777 Rosen, und die Rosen blühten hochauf vor lauter
1638 1765 2375 1819 Pan, den die Heiden den Großen nennen.
686 1775 1573 1828 Liebe und herrlicher Lebenskraft. Er jedoch stand
1635 1812 2530 1878 Denn mich, o Christe, mich hast du damit getötet
697 1828 1579 1888 still und hager und blaß unter ihnen in dem
1631 1861 2246 1924 wohl für die zweitausend Jahre.“
701 1878 1581 1938 strahlend weißen Kleide, das ihm Tullius gegeben
1707 1897 2522 1961 And sprach es und wollte, wie in sich selber
703 1922 1581 1986 hatte, und rührte sich kaum, so daß sie sagten: „Er
1638 1954 2519 2013 verkriechend, ärmlich und demütig und traurig von
692 1972 1579 2047 ist wie eine Grabsäule mit schmerzlicher Inschrift.“
1638 2009 2519 2068 hinnen. And große Tränen entrollten seinen Augen.
782 2028 1579 2093 Alles an ihm schien milde Schwermut und
1635 2051 2525 2108 Aber da erstürmte sein Jammer den Traumstillen
695 2081 1581 2145 nur seine goldbraunen Locken waren reich und
1635 2101 2522 2157 mit unermeßlichen Mitleid und er umschlang den
692 2133 1579 2188 dufteten jung. Aber in den strahlenden Augen
1635 2149 2522 2210 welkenden Gott und stützte ihn, daß er nicht versänke,
695 2193 1104 2238 war ein tiefer Traum.
1635 2202 2525 2257 und bat ihn: „Bleibe, bleibe, ich will dich am
782 2229 1588 2292 „Warum bin ich hierher gestellt und was ist
1637 2258 1907 2319 Herzen halten!
695 2284 1406 2339 mir für ein Kelch beschieden?" (S. 54.)
1714 2294 2521 2365 And lagen sich beide in den Armen und
779 2336 1581 2395 Es scheint zunächst, als ob der ganze Aufenthalt
1638 2355 2152 2422 weinten zusammen bitterlich.
695 2392 1585 2444 in Rom nur um dieses Bildes willen geschaffen sei.
1722 2408 2526 2457 „Aber der schwindende Gott, Dämon zugleich
697 2438 1588 2486 Aber Jesus ist auch bei Tullius, um dessen
1635 2448 2528 2498 und Sterbender und Kind, zerrann Christo in den
697 2482 1588 2553 „geheiligt schöner Tochter Julia die Schwermut
1644 2500 1953 2559 Armen" (S. 161).
697 2533 1588 2590 über die Vergänglichkeit zu erklären. Und als sie
1722 2537 2523 2599 Und Christus vollbringt das Tagewerk seines
706 2576 1585 2647 seinen Rat, alle Güter hinzuschenken, nicht zu
1644 2596 2528 2660 zweiten Lebenstages, die Erlösung des Tieres.
704 2637 1589 2688 befolgen vermag, da entweicht er aus der
1644 2655 2530 2700 Dem Cajus, dem künftigen Caesar, wird auf einem
706 2684 1580 2743 Blumenvilla. Eine neue Wanderzeit beginnt für ihn
1644 2692 2524 2756 hohen Berge ein Sommerschloß gebaut. Esel und
789 2738 1581 2803 Zunächst kommt er zu dem Töpfer im Gebirge
1649 2746 2528 2803 Pferde müssen den Karren, schwer beladen mit
704 2789 1581 2847 dem Genügsamen, Zufriedenen. In dieser be¬
1644 2805 2251 2850 köstlichem Marmor, hinaufziehen.
701 2838 1588 2904 gierdelosen Zufriedenheit, inmitten der viel¬
1716 2841 2532 2906 „An der Wegwende stand der weiße Christus
710 2892 1594 2948 gestaligen Natur, lernt Jesus eine neue Art der
1640 2892 2531 2949 mit gegeißelter Seele; denn jeder Hieb der
710 2935 1594 2999 Gotteskindschaft kennen, die ihm später im alten
1656 2943 2107 3000 Peitschen traf ihn selber.
697 2988 1588 3041 Heiligtum des Pan zur erweiterten Offenbarung
1724 2977 2537 3042 Und er erbarmt sich des unermeßlichen
697 3039 1588 3096 des Pan, der Allnatur, wird. Der Töpfer braucht
1647 3036 2528 3097 Leides und schilt die Treiber. Da schirren sie ihn
697 3088 1597 3146 ihn nicht, darum geht er weiter zu den Armen
1647 3091 2528 3141 neben ein zusammengebrochenes Pferd und
706 3138 1474 3196 Roms, um ihnen den Frieden zu bringen.
1648 3135 2531 3199 zwingen beide, die Last zu ziehen. Und dreimal
785 3182 1593 3242 Die Armen und Kranken aber fassen in ihrer
1649 3187 2535 3247 sinken beide nieder. Oben auf der Höhe aber bricht
704 3230 1590 3292 Begierlichkeit seine Lehre nicht. Da verläßt er
1649 3238 2534 3289 Christus zusammen, ein Blutstrom springt aus
706 3284 851 3354 auch sie.
1647 3286 2535 3350 seinem Munde. Er wird ins Gebüsch gezerrt und
1640 3337 2009 3400 dort liegen gelassen.
782 3336 1588 3391 Und in den Frostschauern des Herbstes sucht
1722 3378 2534 3441 „Er aber hatte nur den zweiten seiner Tage
701 3394 1594 3444 er im Gebirge einen geschützten Winkel und den
1649 3434 2537 3485 erfüllt, und diese Tage sind Legionen an Zahl, den
706 3439 1585 3501 findet er im Tempel des Pan. Und die gefallenen
1647 3479 2528 3535 auch heute ist er irgend unter uns und sucht der
706 3490 1591 3550 sterbenden Blätter bergen den Sterbensmüden.
1644 3532 2042 3595 Liebe nach" (S. 169).
706 3539 1588 3596 Er bettet sich in ihre trockene Wärme und ent¬
1728 3569 2534 3635 Sein Leichnam aber wird von einem deutschen
703 3594 1602 3647 schlummert. Da erscheint ihm Pan und offenbart
1655 3627 2537 3687 Fürsten dem Meere übergeben, „heimgesandt
697 3640 1582 3695 ihm, daß der Vater nicht nur im Menschen
1648 3675 2541 3758 in das Land der Entsagung", in das ihm die
705 3695 1593 3769 sondern in jeglichem Naturgeschaffenen sei (S. 159 ff.):
