3344 4352
366 231 1591 282 Das Leben im Felde habe ihn völlig gewandelt, er glaube, alles
2851 242 2961 304 und
1616 246 2833 312 sein mögen, zwischen Privattheatern und Hoftheater wird immer
370 290 2826 348 was er bis dato geschrieben habe, sei gering zu dem, was ihn der Unterschied sein und bleiben und geistig überragende Bühnen
366 323 1536 385 jetzt physisch und psychisch beherrsche. Dieses so undeutsche,
2851 301 2980 388 Linken
1609 341 2833 403 leiter wie Reinhardt und Barnowsky müssen ungleich gleich¬
2855 377 2980 436 vorbei
366 388 2837 443 gerade Bekenntnis machte auf mich einen tiefen Eindruck. Unruh mäßigere Leistungen zuwege bringen wie die Hoftheater. Hier
2851 429 2980 484 ausge¬
366 429 2837 495 erzählte mir auch, daß er schon Paris in diesem Krieg, allerdings sucht sich einer das Material an Individualitäten heraus und
2851 473 2976 531 wende
366 473 2829 539 nur im Flugapparat, gesehen habe, daß er einmal nach einem bildet es sich heran, das er für seine Ziele und Absichten braucht
2851 520 2965 575 über,
366 517 2833 586 leichten Kopfschuß auf dem Felde liegen geblieben und von den dort arbeiten vier bis fünf Regisseure in Oper und Schauspie
2855 568 2980 623 stehen
366 561 2837 667 Franzosen, die ihn für tot gehalten hatten, bis aufs Hemd aus= und jeder der fünf Köpfe hat seine besondere Wertung für das
2859 616 2976 671 unsere
366 608 737 693 gezogen worden sei
1609 623 2840 678 Material. Hier Zentralisation nach einem Willen, dort
480 634 1594 718 Wenn Sie mich nun fragen, mit welchen Bühnen
1616 660 2972 722 Dezentralisation nach mehreren Geschmackern und Auf¬ meine
363 693 2980 795 leitern ich persönlich näher Fühlung gehabt habe, so will ich fassungen. Alle aber streben — oder sollten es wenigstens an¬
370 759 2441 825 nur die Namen Baron Speidel, Freiherr v. Franckenstein, Rein¬ streben — einem Ziele zu: dem Erfolg!
2859 792 2965 858 Alles
374 803 1048 872 hardt und Barnowski herausgreifen.
1730 788 2848 909 Und der Erfolg ist ausschlaggebend im Leben, mehr noch
2866 850 2980 909 Auber
491 839 1873 938 Baron Speidel war ein Intendant, der das Theater in der Kunst,
2423 865 2804 953 J. M. Jurinek.
2855 894 2976 953 donne
359 894 1594 975 brennend liebte, der für alles, was in seinen Theatern vorging
2851 942 2969 1004 äußer
2518 935 2818 1030 (Nachdruck verboten.)
363 957 1594 1019 das allergrößte Interesse hatte, angefangen vom ersten Sänger und
2855 993 2965 1048 sie si¬
370 1008 1602 1063 Schauspieler bis zum letzten Bühnenarbeiter und Beten. Speidel
1712 990 2741 1129 An der englischen Front.
2859 1037 2972 1100 Schla¬
370 1052 1605 1114 lebte und webte nur für das Theater. Sein Nachfolger in
2851 1081 2965 1147 von
370 1103 1514 1162 München ist Freiherr v. Franckenstein geworden,
1891 1092 2566 1191 Merville-Estaires-Lavantie.
2851 1140 2950 1191 vom
366 1151 1532 1217 Intendant, der in seiner neuen Stellung restlos ausgeht, der
2177 1173 2283 1246 Von
2848 1184 2965 1257 kehre
363 1198 1594 1253 die Zukunft wird es beweisen — die Münchener Hofoper wie das
1829 1195 2617 1308 Max R. Funke (San Francisco).
366 1250 1591 1308 Hofschauspiel mit seinem vorwärtsstrebenden modernen Geiste und
2855 1264 2961 1338 licher
366 1272 2837 1352 seinem rastlosen Tatendrang, sobald wieder ruhige Zeiten sein (Die Ruinen eines flandrischen Gutes, — Finstere Wohnungen. — Der
2866 1327 2972 1374 einen
1649 1341 2804 1404 „amerikanische Choral." — Verbrannte Bauerngüter. — Lavantie.)
370 1334 1308 1422 werden, zu einer Epoche neuer Blüte leiten wird.
2851 1367 2987 1429 rohge
487 1360 1594 1451 Mit Barnowski bin ich befreundet, er ist einer der
1723 1385 2998 1484 Weder Wagen noch Autos in dieser kleinen flandrischen gefange
1613 1422 2829 1499 Stadt heute. Indes reisen die Zivilisten keineswegs im Auf¬
363 1437 1591 1495 temperamentvollsten und zugleich energischsten Theaterleiter
363 1484 2833 1550 die ich kenne. Vor zwei Jahren war ich im Sommer mit durch eine Gegend, die der mißtrauischen Ueberwachung der Eng¬
356 1536 2829 1602 Barnowski in Rimini, dort hat er sein Regiebuch zu Peer Gynt länder obliegt. Wir gehen also auf Schustersrappen, die sieber
370 1550 2987 1649 ausgearbeitet, eine Tat, die durch 150 Wiederholungen des Kilometer, die Merville von Estaires trennen. Es regnet in il
1613 1627 2833 1686 Strömen und welcher Regen und welcher Schlamm! Ja, das ist
377 1627 1198 1715 Stückes in Berlin ihren reichen Lohn fand.
2855 1649 3027 1741 (Ein Vor¬
1616 1679 2833 1737 Flandern mit seinen Windmühlen und Hachen im Schlamm. Ist
476 1649 1591 1745 Unter Reinhardt habe ich vier Jahre gearbeitet, en
2851 1712 2994 1763 Ballette
1613 1730 2833 1785 schon in Rußland der Schlamm ein Greuel, hier in Flandern ist
366 1730 1594 1792 ist unstreitig der phantasievollste deutsche Theaterleiter. Reinhard
2855 1752 3035 1829 lasterhafte
366 1770 2829 1840 arbeitet seine Regiebücher bis ins kleinste aus. Wenn er plötzlich er es noch mehr. Der Regen peitscht mir kalt ins Gesicht und ein
1609 1825 2826 1895 wütender eisiger Nordwind jagt mir erschreckend durch die Glieder
366 1836 1591 1891 nach dem Harz oder nach Helgoland oder sonst wohin vereist
2950 1829 3046 1920 Pa¬
1616 1873 2826 1924 Rechts von uns gröhlen die schweren Geschütze der Bayern und
356 1873 1587 1939 dann tut er dies, um in vollster Einsamkeit ein Regiebuch
2851 1873 3002 1953 wöhnen,
1613 1917 2822 1979 dazwischen das Geratter der schweren englischen Autos. Dies
363 1931 1587 1983 auszuarbeiten. Gewinnen seine Pläne bei den Proben greifbar¬
2851 1939 3053 2005 seine einst
1613 1964 2822 2023 Motorwagen, in grauer Farbe gehalten und mit grauer Leinwand
366 1979 1583 2034 Gestalt, dann wirft er oft vorher festgelegtes über den Haufen
2851 1983 3038 2052 gegriffen
1613 2016 2837 2078 überspannt, auf welcher bei einigen ein rotes Kreuz
363 2030 1587 2078 und holt sich aus den Menschen, mit denen er schafft, neue Ideen
2855 2038 3046 2104 Pariserin
1613 2063 2837 2118 gemalt ist, folgen köhnend ohne Unterbrechung einer
359 2071 1583 2129 Darum arbeitet Reinhardt lieber mit jungen Talenten als mi
2851 2089 3079 2151 Zyklen vor
2379 2107 2833 2173 Dann treten wir
366 2107 2305 2177 starken, fest stehenden Persönlichkeiten. Seine großen Erfolge hatte auf den andern den Weg
2855 2133 3079 2199 jetzt wieder
1613 2155 2826 2214 auf eine Wiese abseits, um den heransprengenden englischen Reiter
366 2173 1591 2232 er mit Waßmann, Arnold, Hedwig Wrangel, Lucie Höflich, Tihe
2851 2181 3020 2243 férencier
1613 2206 2826 2265 truppen Platz zu machen. Es sind alles lange und magere blut
359 2217 1594 2291 Durieux, Gertrud Eysoldt und Moissi, als diese Kräfte noch
2848 2232 3071 2294 tribüne ge¬
1616 2254 2829 2313 junge Menschen, und erinnern mich mit ihren langen gelber
359 2265 1455 2338 unbekannte Namen waren. Aber Reinhardt setzte sie durch.
2855 2276 3075 2338 während de
1613 2302 2829 2364 Haaren und ihren schlammigen Khakiuniformen an den deutscher
476 2313 1591 2379 Damit bin ich bei Kapitel Schauspielberühmtheiten angelangt
2855 2320 3082 2408 konstatieren
1613 2349 2829 2412 Struwwelpeter. Nach ihrem Vorbeimarsch nehmen wir wieder unserer
356 2357 1583 2419 Auch ein Reinhardt konnte anfangs Moissi der Kritik gegen
2958 2375 3068 2434 In
1613 2397 1792 2467 Weg auf
359 2401 1591 2463 über, die diesen jungen Künstler maßlos verriß und einmal
2855 2401 3060 2481 pariserische
363 2456 1594 2522 sogar von „Natzenfallenhändler" sprach, nicht halten. Moissi
1719 2445 3093 2525 Nicht weit von uns zur linken Hand liegen neben einer Exzentrizität
531 2503 770 2558 an eine
366 2503 469 2562 ging
1503 2503 2829 2562 schon Strohseime die Ruinen eines flandrischen Gutes. Die beider
810 2500 1034 2569 Volksbühne
1107 2503 1437 2566 die allerdings
2855 2518 3090 2576 diese Pracht,
356 2547 2826 2609 nach einem Jahre verkrachte und spielte dort den Franz Moor in großen Kastanien vor dem Eingang sind, wie das Anwesen selbst
2848 2566 3093 2631 ohne blasiert
1613 2606 2826 2664 mörderisch zerschossen. Im Felde arbeitet unter dem Kriegsgesang
363 2598 1517 2661 Schillers „Räuber“ und den Goto in Hebbels „Genoveva“;
2848 2617 3013 2675 gezogen
356 2646 2826 2701 erst erkannte man Moissis schauspielerische Begabung, er kehrte zu deutscher Kanonen ein französischer Landmann. Vor seinem Pflug
2851 2653 3049 2730 zu halten.
1613 2694 2826 2752 hat er ein altes elend mageres Pferd gespannt, zweifelsohne da¬
356 2690 1583 2782 Reinhardt zurück und wurde Deutschlands bestbezahlter Schau
2851 2697 3115 2767 keit, und doch
366 2741 495 2815 spieler
1602 2741 3112 2811 einzige Pferd, das ihm der Krieg gelassen hat. Und immer noch Originalität
476 2752 1580 2855 Persönliche Erinnerungen habe ich von Paul Wegener un
1605 2789 3123 2859 zieht der Autozug der englischen Armee ohne Unterlaß an uns russischen Ball
359 2829 1587 2903 Bassermann, von Matkowsky und Dr. v. Jacobi, von Agnes
1613 2837 3130 2903 vorüber. Reiter erscheinen von neuem, und drüben auf einer Zuschauerraum
1613 2884 2822 2943 Wiese spielen englische Soldaten mit der flandrischen Bauern
363 2888 1591 2943 Sorma, Gertrud Eysoldt, Vilma Illing und Gemma Bois, um
2855 2899 3137 2969 sah, die in Sch
352 2928 1587 2994 nur einige wenige Namen aufzuführen, die mir im Augenblick
1613 2936 3137 3027 jugend „Football“. Das ist das freudige Kriegsspiel der in eine Tunika
352 2980 1818 3042 einfallen. Als ich bei Reinhardt engagiert war, inszenierte ich Engländer
2844 2994 3134 3064 bis zu den na¬
366 3031 1371 3086 für die freie Volksbühne ein Stück „Die Aschenbachs
1415 3035 1583 3101 da fehlt
1715 3027 3159 3093 Wir kommen nach Estaires bei Nachtanbruch. Hie und da und violette Pe¬
356 3075 1572 3148 uns eine Hauptrolle, die Paul Wegener in Hamburg ge
1602 3071 2829 3141 fällt durch die matten Scheiben der Häuser ein fahles Licht, sonst
2958 3086 3156 3156 Die Pari¬
356 3126 1323 3189 spielt hatte. Wegener kam für diese Rolle nach
1356 3123 3148 3192 Berlin und ist sie stockdunkel, diese kleine flandrische Stadt. Meine Füße verstehen unter
356 3167 1580 3233 Reinhardt engagierte ihn schon nach dem ersten Akt. Mit Basser
1605 3181 3196 3247 stolpern über die groben Pflastersteine der Straßen und plötzlich Luxus, der Elega
348 3229 1580 3284 mann habe ich kürzlich in „Egmont“ zusammen gespielt. Diese
1605 3233 3200 3295 stehe ich auf dem kleinen Rathausplatz, an dessen Seiten ein Troß Name ruft im Ge¬
359 3273 1275 3328 Egmont Bassermanns war für mich das stärkste,
1305 3273 1580 3342 was ich bisher
1609 3280 2826 3339 schwerer Autos steht, die mit ihren großen runden Augen in die
2855 3280 3203 3357 Parfums hervor.
356 3320 3203 3379 auf der Bühne gesehen hatte, so durch und durch menschlich ge¬ pechdunkle Nacht hinauslugen. Andere schwere Antos zirkulieren Natur, den R.
356 3364 1279 3427 sehen und dabei doch so unerhört schauspielerisch
1305 3372 2822 3456 durchgearbeitet, auf den Straßen, vor deren Geräusch die kleinen flandrischer
2844 3368 3211 3441 Abenteuer besonde
352 3416 1920 3496 Mit Matkowsky war ich einmal zusammen, als Reinhardt Häuschen zittern.
2840 3419 3211 3485 Gottheit des Bois
359 3460 1587 3526 seinen großen Erfolg mit „Kaufmann von Venedig hatte.
1715 3456 2818 3526 Um 8 Uhr abends muß alles in den Wohnungen stumm
2844 3471 3218 3537 Jusbesondere ist sie
359 3511 1583 3570 Matkowsky wunderte sich über die echten Dekorationen, über das
1609 3515 2815 3573 finster und ruhig sein, besonders in den Wirtshäusern und Hotel¬
2840 3518 3214 3584 nach deren Beispiel
352 3559 2822 3621 Neuartige der Inszenierung, aber er sagte zu mir: „Für mich wie ich eben auf einem kleinen weißen Plakat an der Tür meines
2844 3566 3244 3643 Welt wie Glocken od
348 3610 2818 3665 wäre das alles zu eng, inmitten dieser Dekoration könnte ich nicht Hotelzimmers lesen. Die Kanonen donnern noch immer, mehr und
2954 3610 3236 3676 Gewiß, alle
356 3654 1250 3735 spielen!" Matkowsky war ein Mensch,
1294 3654 2811 3742 der außerhalb mehr lebhafter als am Tage. So scheint jetzt der Artilleriekamp
2837 3636 3255 3731 bekannten Lustspiel von
348 3702 1279 3768 des Theaters gar nichts, aber auch
1341 3713 3200 3771 gar nichts seinen Höhepunkt erreicht zu haben. Am schwarzen Horizont bis Tugend bescheiden.
356 3749 3255 3837 mehr mit dem Theater zu tun hatte und zu tun haben nach Ypern und nach Bassée zu tanzen die hellen deutschen Schein¬ Laster hingegen, das
352 3801 2111 3856 wollte. Bei Moissi schätze und bewundere ich werfer am dunkeln Himmel
2829 3793 3266 3859 nicht scheinheilig zu sei
352 3845 1576 3903 das fabelhafte melodische Instrument, auch psychologisch
1712 3830 3266 3903 Beim Erwachen sehe ich vom Fenster meines Hotelzimmers macht von sich sprechen
359 3874 1682 3951 hat er schon Vieles meisterhaft gegeben, so vor allem den Oswald aus
1708 3900 3280 3958 französische Landstürmer über den Rathausplatz marschieren, und den Trätsch immer
348 3944 3288 3999 in Ibsens „Gespenster, wohl psychologisch seine erschütterndste bedeckt mit Schlamm und den Spaten über die Schulter. Zweifels¬ mal ein dramatischer An
348 3991 2804 4046 Leistung. Von Wiener Schauspielern habe ich einmal bei einer ohne gehen sie zur Front, ihren englischen „Freunden Schützen
2829 3991 3288 4061 er zum Nachtmahl gel¬
348 4035 3288 4101 Bürgertheatervorstellung von Schnitzlers „Das weite Land" die gräben aufzuwerfen So haben sich die Franzosen hier im man mit ihnen nicht
348 4083 3288 4141 bezwingende Einfachheit der Paulsenschen Darstellungskunst flandrischen als Handlanger des selbstsüchtigen Englands degradiert. Theater und im Bu
352 4130 1008 4218 zu bewundern Gelegenheit gehabt.
1605 4130 3288 4218 Diese Arbeit scheint nun gerade nicht nach französischem Geschmack der Diebstahl aus Liebe
