3392 4352
196 307 296 396 1.
1197 299 1628 388 box 41/5
347 299 1018 401 Miscellaneous
344 1161 1413 1253 Ausschnitt aus: Schlesische Zeitung, Bresla¬
553 1224 806 1305 28012191.
342 1280 478 1338 vom
588 1379 1240 1449 Kaffeehausdämmerung.
334 1414 1554 1487 b. Man schreibt uns aus Wien: Wenn jetzt nicht Weltkrieg
277 1473 1547 1530 wäre, würde ich diesen Aufruhr in den Wiener Gewohnheiten,
293 1506 1562 1573 diesen Umschwung unseres ganzen Lebens, daß es ab 1. Januar
295 1552 1555 1611 1916 von 2 bis 7 Uhr nachmittags keinen Milchkaffee mehr in den
288 1587 1555 1646 Kaffeehäusern gibt, sicher als das größte Ereignis „ab urbe con¬
293 1633 1547 1682 dita" seit der Gründung Wiens ansehen. Wenn jetzt nicht Welt¬
290 1663 1547 1720 krieg wäre... Aber ich glaube, dann hätten wir ihn ja weiter
287 1707 1546 1771 behalten, den „Milchkaffee“. „Milchkaffee“, ich muß lachen: als
293 1739 1547 1798 ob es so etwas überhaupt jemals in Wien gegeben hätte! Kein
293 1780 1546 1842 Wiener hat jemals einen Milchkaffee getrunken, sondern eine
295 1824 1549 1878 „Melange". Und eigentlich auch das nicht: Die Wiener „Kaffee¬
304 1856 1550 1915 sieder“ verstanden aus den zwei Elementen Milch und Kaffee eine
304 1893 1555 1956 solche Unzahl von Mischungen herzustellen, daß jede Individuali¬
293 1935 1550 1997 tär, jedes Temperament, jeder von den zwei Millionen Wiener
298 1975 1560 2038 Charakteren sein besonderes Jausgetrank vorgesetzt bekam.
304 2008 1571 2070 „Ein Schalerl, extra für Ihnen, Herr von Hubinger." Also bitte,
298 2048 1560 2114 Milchkaffee: erstens, das Milchverhältnis — da gab es „Obers
290 2095 1554 2149 gespritzt (ein Glas Milch, nur ein paar Tropfen Kaffee!), dann
322 2125 1557 2179 in immer dunklerer Skala — „Melange mehr Licht" „Melange
290 2167 1557 2225 mehr dunkel", „Schale Gold", „Schale Braun" und endlich „Kapu¬
295 2206 1557 2266 ziner“, so genannt nach den Kutten der Kapuzinermönche, das
295 2241 1547 2301 Gegenstück zu „Obers gespritzt, zweitens — wir sind noch lang
298 2282 1550 2341 nicht fertig! — je nach den Hautverhältnissen: „Eine Schale Haut“
304 2323 1562 2379 „Eine Schale passiert" (d. h. die Milch durch ein Teesieb gegossen,
304 2361 1566 2426 so daß nur ganz seine Milchhautteilchen in die Schale liefen) und
301 2399 1568 2452 endlich fein passiert", drittens aber: ist es durchaus nicht das¬
304 2439 1565 2501 selbe, woraus man seinen Kaffee trinkt! Ich sah Leute mit einem
304 2477 1566 2531 echten, unverfälschten Wolterschrei aufschluchzen: „Ich habe doch
314 2513 1560 2572 gesagt: „Ein Glas Kaffee“, und jetzt bringen Sie mir eine Schale!
304 2555 1563 2605 Aber gehens..." Oder: Es gab Leute, die den Kaffee nur aus
301 2593 1566 2654 Teeschalen trinken konnten. Oder: Es gab Leute... Ach, das
307 2627 1565 2686 Herz wird mir schwer, wenn ich daran denke, daß der eine Feder¬
310 2670 1571 2722 strich der Statthaltereiverordnung so viele Individualitäten ein¬
722 2708 1563 2757 Es bleibt dabei: In einem Wiener Kaffee¬
317 2721 683 2773 fach wegstreicht...
307 2748 1573 2800 haus wird man künftig nur mehr Tee bekommen; ist das auszu¬
310 2783 1568 2840 denken? Es ist ja ein Bruch mit allen Alt=Wiener Sitten und
304 2822 1569 2879 Traditionen. Das Wiener Kaffeehaus hat nämlich gleichsam seine
304 2862 1569 2924 hochpolitische und diplomatische Grundlage. Seit den Zeiten des
310 2905 1566 2968 guten Franz Georg Kolschitzky, des ersten Wiener Cafétiers, der
304 2936 1573 2996 auf der Wiener Hauptstraße ein richtiges Denkmal mit Kaffee¬
310 2981 1569 3036 kanne und Kaffeetasse hat und sich in wichtiger politischer Mission
310 3019 1569 3072 während der Türkenbelagerung hochverdient machte, ist die Ge¬
320 3057 1573 3114 schichte des Wiener Kaffeehauses ganz einfach die Ge¬
322 3091 1576 3152 schichte Wiens, seiner Kunst, Politik und Literatur. Schon zur Zeit
310 3136 1577 3191 Karls VI., des Vaters Maria Theresias, fanden sich die „Novel¬
314 3172 1579 3229 listen“, das sind die Neuigkeitsvermittler, in den Kaffeehäusern zu¬
322 3210 1576 3272 sammen. Das Kaffeehaus spielte im Kongreß seine Rolle, es
314 3251 1577 3307 vereinigte — auf dem Mehlmarkt — Grillparzer, Schubert, Bauern¬
322 3288 1581 3346 feld, Stifter und später — Café Griensteidl — die Wiener „Mo¬
317 3326 1582 3383 derne", Bahr, Schnitzler, Hofmannsthal und Beer=Hoffmann. Und
331 3364 1576 3421 jetzt? Aus dem Kaffeehaus wird der Teesalon. Es gibt keine
322 3403 1579 3460 Melange, keine Schale Braun, Gold oder Kapuziner mehr, keine
320 3445 1571 3500 Kaffeehausliteraten und keine Kaffeehausstrategen. „O Schmerz!“
322 3486 1589 3538 würde Heinrich ausrufen, der Zahlkellner jenes Kaffees Grien¬
322 3511 1593 3578 steidl, der eine stehende Figur in den Werken des jungen Schnitzler,
320 3560 1577 3617 Felix Dörmanns und aller anderen „Jung=Wiener aus dem „Café
1047 3595 1577 3649 Und nur der eine Trost:
322 3603 998 3649 Größenwahn war. „O Schmerz
320 3638 1581 3703 die Milch, die so erspart wird, kommt Kindern und Kranken
315 3689 470 3765 zugute!
866 3704 1041 3791 Boche.
1837 1123 2827 1246 sche Tageszeitung, Berlin
1775 1284 2895 1359 Kaffeehausdämmerung. Aus Wien wird uns geschrieben:
1693 1343 2895 1402 Wenn jetzt nicht Weltkrieg wäre, würde ich diesen Aufruhr in den
1701 1386 2890 1444 Wiener Gewohnheiten, diesen Umschwung unseres ganzen Lebens,
1698 1433 2894 1487 daß es ab 1. Januar 1916 von 2 Uhr bis 7 Uhr nachmittags keinen
1698 1471 2894 1525 Milchkaffee mehr in den Kaffeehäusern gibt, sicher als das größte
1701 1517 2906 1574 Ereignis seit der Gründung Wiens ansehen. Wenn jetzt nicht,
1698 1558 2897 1611 Weltkrieg wäre... Aber ich glaube, dann hätten wir ihn ja
1704 1600 2900 1660 weiter behalten, den „Milchkaffee“. „Milchkaffee“, ich muß lachen,
1698 1650 2897 1707 als ob es so etwas überhaupt jemals in Wien gegeben hätte!
1698 1691 2903 1745 Kein Wiener hat jemals einen Milchkaffee getrunken, sondern
1698 1737 2897 1786 eine „Melange". Und eigentlich auch das nicht: Die Wiener
1704 1775 2894 1834 „Kaffeesieder“ verstanden aus den zwei Elementen Milch und
1707 1818 2890 1869 Kaffee eine solche Unzahl von Mischungen herzustellen, daß jede
1717 1862 2895 1918 Individualität, jedes Temperament, jeder von den 2 Millionen
1714 1905 2903 1977 Wiener Charakteren sein besonderes Jausengetränk vorgesetzt be¬
1704 1945 2894 1997 kam. „Ein Schalerl, extra für Ihnen, Herr von Hubinger. Also
1707 2041 2897 2100 bitte, Milchkaffee: erstens, das Milchverhältnis — da gab es
1710 2079 2889 2149 „Obers gespritzt (ein Glas Milch, nur ein paar Tropfen Kaffee!),
1704 2129 2892 2187 dann — in immer dunklerer Skala — „Melange mehr Licht",
1717 2178 2898 2233 „Melange mehr dunkel“, „Schale Gold", „Schale Braun und end¬
1707 2208 2894 2277 lich „Kapuziner“, so genannt nach den Kutten der Kapuziner¬
1709 2251 2894 2319 mönche, das Gegenstück zu „Obers gespritzt; zweitens — wir sind
1720 2290 2900 2355 nach lang nicht fertig —: „eine Schale passiert" (d. h.: die Milch
1710 2346 2901 2398 durch ein Teesieb gegossen, so daß nur ganz seine Milchhautteilchen
1720 2379 2900 2445 in die Schale liefen) und endlich „sein passiert", dritten aber: ist
1720 2417 2900 2482 es durchaus nicht dasselbe, woraus man seinen Kaffee trinkt! Ich
1728 2472 2905 2536 sah Leute mit einem echten, unverfälschten Wolterschrei auf¬
1722 2498 2911 2577 schluchzen: „Ich habe doch gesagt: „Ein Glas Kaffee, und jetzt
1717 2551 2913 2612 bringen Sie mir eine Schale! Aber gehens ... Oder: Es gab
1720 2594 2911 2659 Leute, die den Kaffee nur aus Teeschalen trinken konnten. Oder:
1728 2629 2909 2694 Es gab Leute... Ach, das Herz wird mir schwer, wenn ich daran
1725 2673 2914 2738 denke, daß der eine Federstrich der Statthaltereiverwaltung so viele
1728 2735 2434 2798 Individualitäten einfach wegstreicht.
1793 2741 2917 2819 Es bleibt dabei: In einem Wiener Kaffeehaus wird man
1717 2795 2913 2867 künftig nur mehr Tee bekommen; ist das auszudenken? Es ist
1734 2838 2919 2909 ja ein Bruch mit allen Alt=Wiener=Sitten und Traditionen. Das
1731 2879 2920 2949 Wiener Kaffeehaus hat nämlich gleichsam seine hochpolitische und
1722 2930 2914 3001 diplomatische Grundlage. Seit den Zeiten des guten Franz Georg
1734 2966 2917 3033 Kolschitzky, des ersten Wiener Cafétiers, der auf der Wiener Haupt¬
1737 3008 2917 3084 straße ein richtiges Denkmal mit Kaffeekanne und Kaffeetasse hat,
1728 3050 2924 3114 und sich in wichtiger politischer Mission während der Türken¬
1731 3095 2919 3168 belagerung hochverdient machte, ist die Geschichte des Wiener
1728 3134 2920 3201 Kaffeehauses ganz einfach die Geschichte Wiens, seiner Kunst,
1737 3174 2925 3248 Politik und Literatur. Schon zur Zeit Karls VI., des Vaters
1741 3215 2922 3289 Maria Theresias, fanden sich die „Novellisten“, das sind die Neuig¬
1737 3261 2930 3331 keitsvermittler, in den Kaffeehäusern zusammen. Das Kaffeehaus
1744 3302 2925 3380 spielte im Kongreß eine Rolle, es vereinigte — auf dem Mehlmarkt
1741 3343 2928 3410 — Grillparzer, Schubert, Bauernfeld, Stifter und später — Café
1742 3383 2928 3462 Griensteidl — die Herren Schnitzler, Hofmannsthal und Beer¬
1739 3429 2924 3503 Hoffmann. Man sieht, wie das literarische Wiener Kaffeehaus im
1737 3465 2920 3549 Laufe der Zeit heruntergekommen ist — „und weiß doch selbst nicht
1737 3519 2935 3587 wie!“ Aus dem Kaffeehaus wird der Teesalon. Es gibt keine
1744 3549 2939 3632 Melange, keine Schale Braun, Gold oder Kapuziner mehr, keine
1741 3595 2954 3676 Kaffeehausdichterlinge und keine Kaffeehausstrategen. Und nur
1747 3638 2963 3755 der eine Trost: Die Milch, die so erspart wird, kommt Kindern und
1748 3706 2046 3776 Kranken zugute!
