3344 4384
304 315 978 424 Miscellanes
1162 295 1583 399 box 41/6
1813 356 2157 456 Ausschnitt aus:
1815 496 1936 583 vom
2002 494 2111 594 1
2067 617 2813 749 Grazer Volksblatt
1951 742 2760 874 Theater. Kunst und Musik.
1837 831 2883 939 Das christlich-germanische Schönheit, eal.
1862 918 2947 1002 Dieses Bekennerwort des neuen Burgtheaterleiters raucht
1775 967 2950 1055 gewissen Leuten ganz gewaltig in die Nase. Und als nun
1776 1018 2950 1102 gar der Bürgermeister von Wien seine Stimme erhob
1783 1062 2950 1141 und in einem herzlichen Schreiben Herrn Hofrat v. Millen¬
1778 1113 2953 1190 kovich mit den Worten begrüßte: „Möge Ihr Streben, den
1778 1160 2953 1243 Auf dieser vornehmsten Kulturstätte deutschen Denkens
1786 1211 2953 1286 und Fühlens als erste deutsche Bühne zu festigen und zu
1792 1267 2951 1338 erhalten, von vollem Erfolge gekrönt sein. Möge Ihr Wille,
1786 1301 2947 1383 den christlich-germanischen Idealen unseres Vol¬
1783 1368 2957 1430 kes im Wiener Burgtheater einen festen Hort zu schaffen,
1783 1415 2956 1491 zur Tat werden“, da sauste ein scharfer Wind durch den morgen¬
1795 1457 2960 1533 ländischen Blätterwald und nun ergehen sich die bekannten
1788 1513 2963 1599 „geistigen Führer" in Außerungen und Bemerkungen, die so
1782 1551 2965 1631 recht zeigen, daß die Rassengemeinde, frech geworden durch
1797 1613 2956 1690 unseren vieljährigen Langmut und durch unsere Schafsgeduld,
1794 1660 2968 1732 nicht daran denkt, die Bretter, welche die Welt bedeuten und
1798 1700 2965 1782 die sie so lange behauptete, ohneweiters freizugeben. Bühne
1804 1751 2966 1826 und Presse soll ihnen, wie so vieles andere, allein gehören;
1795 1807 2965 1875 wissen sie doch, welche Macht das gedruckte und des von der
1795 1849 2968 1935 Bühne gesprochene Wort auf die breiten, an Herderbewegungen
1797 1899 2965 1985 gewohnten Massen ausübt. — Aeschylon, Calderon und So¬
1801 1944 2975 2027 phokles werden im „Sechsuhrblatt" gegen den neuen arischen
1804 1997 2979 2074 Mann ins Treffen geführt, womit natürlich Schnitzler,
1800 2049 2975 2123 Salten und andere „Dichter“ dieses Schlages gemeint sind.
1801 2107 2978 2181 Selbstredend blasen alle liberalen Blätter in dasselbe
1800 2153 2978 2224 Horn. Elle! Die der Provinz nicht ausgenommen. Hier eine
1809 2191 2981 2276 Probe: „Der Bürgermeister begrüßte das christlich-germanische
1810 2240 2979 2315 Schönheitsideal, das Herr von Millenkovich unter Ausschluß
1807 2292 2976 2367 der „quälenden" und „langwilligen Stücke zu pflegen ver¬
1813 2338 2978 2421 sprach. Damit ist die gewiß literarisch gemeinte Programmrede
1807 2392 2979 2463 in — jetzt kommt der Hieb — eine parteipolitische (!)
1806 2438 2982 2533 Beleuchtung gerückt, die besser vermieden worden wäre
1861 2493 2962 2557 wir eben doch in den Zeiten des Burgfriedens.
1810 2533 2987 2611 u. s. f. Ja, der „Burgfrieden!“ über diesen schimpflichsten
1813 2583 2996 2660 aller Frieden schrieb ich gerade vor einem Jahre an dieser
1822 2637 2987 2709 Stelle: In unserer großen Zeit spricht man viel und gerne
1813 2677 2993 2760 vom „Burgfrieden“ — Schonzeit also für jenes ver¬
1816 2740 2990 2810 kappte Gelichter, das unter den verschiedensten
1822 2778 2996 2861 Masken im sicheren Hinterlande sein Unwesen
1822 2843 2993 2907 treibt, dessen schleichendes Gift nicht weniger Schaden an¬
1822 2871 2991 2968 richtet, als die vernichtenden Boden des erklärten Feindes
1890 2926 2996 3011 das Kino mit seinem nervenaufitschenden Lasterdarstel¬
1819 2976 3003 3058 lungen (zumeist noch immer welsche Filme!), wie nicht minder
2648 3027 2997 3097 — gegen diese
1828 3039 2620 3114 das moderne Stück Schnitzlerschule
1824 3076 2997 3162 „Kunst=Richtung nunmal General¬
1832 3128 2999 3209 sturm geblasen werden. Krieg dem alles Heilige ver¬
1834 3172 3000 3255 höhnenden Geiste der Ich, Hab- und Genussucht, Krieg dem
1837 3229 2999 3312 Pharisertum, Krieg überhaupt jener — Richtung, die das
1829 3272 3003 3362 große Unheil über die Welt gebracht hat. Erst mit der Nieder¬
1840 3330 3008 3407 zwingung der Gesellschaftslaster wird der Weg frei werden
1846 3370 3011 3453 für eine bessere Zukunft. Die gute Presse und eine reine
1838 3416 3006 3500 Kunst können viel dazu beitragen. Es hat beinahe den An¬
1843 3478 3011 3552 schein, als ob mein frommer Wunsch, wenigstens teilweise, de¬
1835 3515 3011 3592 Verwirklichung entgegenginge. Jedenfalls stünde es weit besser,
1840 3565 3024 3644 wenn der „Burgfrieden“ sowie das Zensurhemmnis schon längst
1840 3631 3031 3706 ausgeschaltet wären. Wo der Burgfrieden nicht neu
1840 3663 3021 3746 reicht, tritt die Unverschämtheit in ihre Rechte. Das Unglaub¬
1840 3717 3016 3795 lichste an Unverschämtheit leistet sich der Wiener Mitarbeiter
1840 3760 3025 3838 des „Prager Tagblattes“ mit dem Schimpfartikel: „Der
1846 3816 3013 3892 Burgtheaterskandal“. Der saubere „Schornalist be¬
1850 3855 3016 3944 zeichnet die Berufung Morolds, dieses „Amateur-Schriftstel¬
1849 3907 3019 3987 lers, zur Leitung des Burgtheaters als — „Skandal." Kleri¬
1849 3950 3019 4039 kals und deutschradikale Blätter im Bunde hätten an dieser
1849 4011 3025 4080 frufung keinen geringen Anteil, bekenne sich doch Max Mo¬
1855 4064 3019 4129 old (dem Himmel sei Dank) zur „neuen Zeit", zu jenem
1858 4098 3025 4186 Neusterreichertum, das in der Tapezierung des optimistischen
1858 4163 2972 4229 Untalents seine Mission sieht. „Er liebt" heißt es weiter
