3344 4352
277 314 932 412 Miscellaneous
125 323 211 414 1.
438 611 876 714 uenenange¬
673 671 1120 758 ches Tagblatt
148 695 1139 835 Ausschnitt aus: Ostdeutsche Rundschau
155 804 280 866 vom
776 807 928 898 Wien
671 876 788 943 .
128 910 1161 982 K. v. Z. Jawohl, Direktor Weisse räumt das Feld.
133 975 1152 1019 und nun wird dem Deutschen Volkstheater hoffentlich eine
134 1010 1161 1063 schöne Zukunft beschieden sein. Wir brauchen in Wien
128 1055 1159 1102 eine wirklich künstlerisch geleitete, wahrhaft deutsche
131 1086 1162 1148 Volksbühne, auf der nicht die Salten und Schnitzler,
127 1118 456 1165 sondern die deut¬
513 1128 1164 1171 en Dichter zu Worte kommen. —
236 2016 1224 2106 schnitt audienes Wiener Tagblatt, Wien
645 2109 917 2217 12011915
323 2226 1246 2307 (Leichenbegängnisse.) Gestern nachmittag nahm
249 2276 1240 2348 der Schottenpfarrer Pater Bertold Bayer die
245 2333 1248 2392 Einsegnung der Leiche des vormaligen Direktors
251 2366 1249 2431 der Oesterreichischen Zentralbodenkreditbank Doktor
251 2423 1242 2478 Hugo v. Hofmannsthal vor. Anwesend waren:
237 2451 1242 2522 der Sohn, der Dichter Hugo v. Hofmannsthal, seine
257 2496 1239 2553 Gemahlin und die Kinder mit den andern Familien¬
255 2541 1239 2605 mitgliedern, dann G. d. J. v. Gangl, Geheimer Rat
254 2575 1238 2646 Franz Graf Hardegg, Ministerialrat Dr. Munk,
252 2617 1238 2693 Ministerialrat v. Luxardo, Herrenhausmitglied Frei¬
248 2659 1232 2724 herr v. Berger, Regierungsrat Dr. Baumfeld, Vize¬
246 2708 1235 2773 präsident der Advokatenkammer Dr. Pfeiffer, Dozent
249 2749 1242 2813 Dr. Hochsinger, Direktor Gericke, Fräulein Irma
240 2795 1236 2859 v. Wittek, die Schriftsteller Dr. Kozmian, Vize¬
240 2833 1238 2903 präsident des Journalisten= und Schriftsteller¬
235 2878 1235 2946 vereins „Concordia“ Dr. Raoul Auerheimer, Doktor
314 2922 1232 2984 ur Schnitzler, Regierungsrat Dr. Glossy, Eisner
236 2956 1235 3027 Advokaten Dr. Perez und Doktor
242 3000 1235 3075 Sternlicht, kaiserlicher Rat Max Duschnitz, viele
235 3031 1232 3117 Oberbeamte der Oesterreichischen Zentralbodenkredit¬
242 3081 1232 3151 bank und Freunde der Familie. Die Beisetzung er¬
237 3121 1229 3192 folgte im Familiengrabe am Zentralfriedhof. — In
233 3167 1223 3239 der Karlskirche nahm gestern nachmittag Pfarrer
229 3214 1220 3285 Pfob die Einsegnung der Leiche des Senats¬
236 3260 1220 3323 präsidenten a. D. Karl Stransky v. Heilkron
229 3301 1226 3363 vor, der am 9. d. im Alter von 85 Jahren gestorben
239 3334 1217 3403 ist. Außer der Witwe, der Tochter und den übrigen
239 3376 1220 3447 Familienmitgliedern waren zugegen: Präsident des
233 3422 1221 3493 Verwaltungsgerichtshofes Marquis Bacquehem mit
232 3460 1218 3525 mehreren Senatspräsidenten und Räten des Ver¬
232 3506 1218 3580 waltungsgerichtshofes, Sektionschef Ritter v. Hardt
224 3547 1229 3626 und viele Freunde des Verblichenen. Die Leiche
223 3592 910 3674 wurde im Zentralfriedhof beigesetzt.
1134 307 1555 403 box 41/5
1398 1389 1476 1435 om¬
1404 1801 1482 1858 ing
1410 1975 1493 2031 al¬
1417 2044 1497 2111 pe
2242 1099 2648 1205 Hanns Martin Elster.
1836 1233 2370 1332 Ein Theaterroman.
1592 1310 2698 1381 Ernst Decsey, der Biograph Hugo Wolfs, hat auch schon
1538 1356 2707 1425 mit einem Wiener Roman Glück gehabt. Jetzt legt er einen
1544 1404 2699 1465 Grazer Roman vor, der zugleich ein Theaterroman ist: „Die
1547 1432 2698 1509 Theaterfritz!“ (Berlin, Schuster u. Loeffler). Es ist nicht
1544 1479 2704 1561 unbedingt notwendig, daß sich diese Kulissen=, Logen- und Al¬
1547 1530 2707 1599 kovenvorgänge gerade in Graz zutragen; der Verfasser wird selbst
1559 1562 2705 1639 seinem Komödiantenvolk und dessen Nachläufern nicht das
1553 1603 2701 1680 Typische dadurch nehmen, daß er behaupten möchte, so etwas
1556 1645 2711 1721 sei nur in Graz möglich. Aber er lebt und wirkt in Graz und
1558 1698 2429 1779 ist mit Recht in das Antlitz dieser Stadt verliebt.
1609 1720 2711 1800 Ueberdies gibt sie ihm den scharfen Gegensatz, den er für
1564 1783 2713 1848 seinen romanhaften Vorwurf braucht. Die Theaterfritzl, keine
1562 1811 2713 1887 Theaterspielerin, sondern bloß eine Theaternärrin, ist mit einem
1555 1858 2717 1937 Naturmenschen verheiratet Für sie ist der Bühnenbrodem, für
1561 1901 2717 1977 ihn der Alpenwind Lebensluft. Er betet zu den Bergriesen, sie
1561 1943 2720 2016 zur Primadonna und leider noch mehr zum Operettentenor.
1562 1977 2715 2058 Das kann nicht gut enden, zumal da Fritzl von ihrem Gatten
1571 2019 2715 2099 geliebt wird und dem Operettentenor sehr, sehr nahe kommt.
1565 2056 2724 2139 Aber Ernst Decsey bringt das Kunststück zuwege, daß es doch
1562 2106 2723 2183 gut endet. Zuletzt läßt die Fritzl ihre Theaternarretei und kraxelt
1568 2142 2726 2220 mit hinauf in die Alpen. Es geschieht also eine Seelenumwand¬
1571 2192 2721 2263 lung, eine Bekehrung, ein Erziehungsresultat, ein Klugwerden
1571 2232 2732 2302 durch Erfahrung oder wie man es nennen will. So
1568 2264 2730 2351 etwas ist immer sehr schwer, glaubhaft zu machen. Ob Zu¬
1575 2304 2727 2390 reden hilft, ob ausgestandene Aengste halfen, ob gebrannte
1578 2348 2732 2437 Fritzls das Spiel mit dem Feuer wirklich scheuen, ob
1569 2394 2727 2477 eine so ausgerichte Theaterferin noch kraxeln kann, und wenn, auf
1575 2428 2735 2510 wie lange — um das zu wissen, müßte man diesen Menschen bis in
1572 2491 2272 2559 die tiefsten Eingeweide ihrer Seele sehen.
1630 2515 2733 2596 Doch den Anblick verschafft uns Ernst Decsey nicht. Von der
1581 2555 2733 2642 Kunst Hugo Wolfs liegt die seinige weit ab. Er ist ein allerliebster
1586 2605 2735 2677 Erzähler, um nicht zu sagen: Plauderer. Er schildert sein alters¬
1578 2645 2733 2721 holdes Graz mit dem alpinen Schloßberg mittendrin sehr nett, er
1578 2690 2739 2763 macht artige Verbeugungen vor dem Grazer Altmeister Rosegger.
1592 2736 2744 2805 Andererseits kennt er auch die Komödiantenwelt, Primadonnen¬
1594 2767 2741 2853 streit, Geschäftsspekulation, zigeunerische Umgangsformen, Preß¬
1575 2813 2741 2895 buhlerei, Habituéunfug, Abonnentenarroganz, Schwanken der
1565 2860 2745 2929 „Sterne zwischen Hochmut und Demut, frivoles Spielen mit der
1561 2898 2745 2972 eigenen und anderen Existenzen, aber auch unbedingteste Hingegeben¬
1575 2938 2742 3022 heit an den Lebensberuf. Er erzählt darüber nichts Neues,
1577 2978 2745 3062 kann es auch nicht, denn es ist immer und überall das Alte, das¬
1599 3021 2744 3103 selbe. Aber er erzählt munter, elegant und sorgt durch die seltsame
1592 3064 2749 3140 Geschichte von einem gestohlenen Schmuck auch für „Spannung,
1600 3105 2746 3182 Die Oberfläche der Dinge überzeugt, das Tiefere muß man auf
1586 3148 2751 3223 Treu und Glauben hinnehmen Sollte der feine Mann nicht mehr als
1597 3198 2757 3272 das können? Wenigstens in der von ihm eingeschlagenen Richtung
1600 3230 2748 3311 auf Spielhagen sollte er noch weiterkommen. Vielleicht könnte
1606 3269 2754 3351 er ein durch Schnitzler gemilderter Spielhagen werden. Solange
1597 3313 2758 3403 ein Mensch wertvoller ist als sein Werk, ist das Werk nicht vollendet.
2595 3356 2713 3428 P. S.
1863 3443 2434 3561 Literarische Chronik.
