3392 4256
660 109 1707 194 .
1778 160 2896 214 wildem Trotz und ingrimmiger Unablässigkeit dafür ein¬
706 166 1747 229 Diese „Götz-Aufführung, die gestern eine halbe Stunde
2047 194 2902 252 ist das nicht heute wieder wie nur
1784 209 2018 263 stehen.
620 217 1747 269 vor Mitternacht zu Ende war und deren Gäste die Straßen¬
1907 234 2899 292 und je die Tat unserer Besten geworden
1781 246 1875 300 einst.
615 254 1747 314 bahn schon im Sonderwagen heimbefördern mußte, war ohne
1787 277 2799 334 Auf Schritt und Tritt offenbaren sich nun
617 300 1744 363 Zweifel ein Ereignis in der Theaterstadt Wien. Eines von
2564 323 2899 377 fast eineinhalb¬
2296 323 2507 386 das nun
1830 329 2227 397 Drama Goethes,
626 340 1747 409 jenen Ereignissen, bei denen dabeigewesen zu sein sozusagen
1784 369 2899 426 Jahrhunderte alt ist, die treffendsten Beziehungen zu der
609 386 1744 443 zum guten literarischen Wiener Ton gehört, eines von jenen
1778 406 2899 463 Kampfe unserer Tage. Kein Literaturstäublein deckt für
626 429 1744 486 Ereignissen, die wieder einmal ein volles Haus gebracht
1775 455 2902 506 lebendige Menschen von heute dieses lebendige Drama,
623 480 1744 532 haben. Wohlgemerkt: Ein Ereignis nicht durch die neue
1787 500 2902 549 wenngleich mancherlei darin nur zu verstehen ist, wenn man
623 515 1750 575 wissenschaftlich interessante „Götz=Form, welche aus der
1792 537 2904 592 sich ganz in den Geist seiner Entstehungszeit und seines¬
626 560 1752 623 Zusammenziehung aller Goetheschen Götzfassungen ent¬
1778 577 2902 635 Dichters hineinzudenken vermag. So fällt ein Dutzendmal
952 597 1595 672 ein Ereignis nicht dadurch
623 606 880 663 standen ist,
1784 629 2899 683 das Wort „Pfaff, und ein wenig kindisch mutet es an,
617 635 1667 703 Herr Reimers das Erbe Baumeisters in der Titelrolle
1784 669 2904 726 wenn in so hoher dichterischer Umgebung kein treffenderes
626 689 1661 752 getreten hat, auch nicht ein Ereignis dadurch, daß
1784 712 2902 772 Wort zur Hand ist, um Bosheit, Tücke, Falschheit zu kenn¬
615 726 1747 795 meisten Rollen überhaupt neu und mit neuen Leuten besetzt
1781 763 2902 815 zeichnen. Hier zeigt sich der Goethe des Urgötz, jenes dreiund¬
626 778 1752 829 waren, sondern ganz einfach ein Ereignis dadurch, daß
1781 795 2902 863 zwanzigjährige, dichterisch explosive, allein gedanklich noch recht
623 818 1750 875 überhaupt wieder einmal nach zehnjähriger Pause der
1784 838 2902 901 unklare Genie, dessen Ausschreitungen eine klügere Regie wohl
638 858 1752 935 „Götz auf die Hofbühne gekommen ist. Und dies ist der
1787 883 2902 941 mit ruhigem Gewissen hätte Einhalt tun können, selbst wenn
623 901 1750 961 Schatten, der auf das Ereignis fällt: Man muß heute die
1787 926 2913 986 dies auf Kosten der historischen Korrektheit des Bühnentextes
632 946 1744 1001 Tage, an denen dieses Theater den Klassikern gewidme
1795 966 2907 1026 gegangen wäre. Indessen ist ja katholisches Wesen zu
629 995 1750 1058 ist, förmlich rot anstreichen, man muß sie besonders
1792 1006 2904 1072 schützen, katholischen Besitzstand des Gemutes zu wahren
640 1026 1747 1086 feiern und in jeder Klassikeraufführung förmlich ein
1787 1058 2907 1118 der heute am Burgtheater herrschende Geist nicht geneigt
632 1069 1758 1135 sensationelles Ereignis erblicken. Und doch sollten die
1787 1092 2907 1158 und so verschanzt sich denn die Regie in diesem Belange
620 1118 1755 1181 paar klassischen Stücke unseres deutschen Bühnen¬
1790 1132 2910 1209 wohl mit Behagen hinter die Erfordernisse der textlichen
626 1166 1755 1218 besitzes ohne jegliche Unterbrechung zum eisernen
1787 1201 2084 1264 Manuskriptreue.
629 1201 1750 1266 Bestande der Hofburgtheaters gehören. Wenn Neubesetzungen
1867 1198 2910 1284 Was nun die technische Seite der Aufführung anbe¬
629 1255 1758 1309 notwendig sind, so sollten sie ganz automatisch, ganz un¬
1790 1266 2913 1326 langt: Eine rasche Folge schön gestellter Bilder, auf der
626 1298 1755 1352 merklich vor sich gehen. Mit einem Wort: Es soll keine
1790 1304 2907 1378 Drehbühne mit kaum minutenlangen Pausen in den Raum
632 1335 1752 1392 Sensation abgeben, wenn im Burgtheater „Götz" gespielt
1795 1358 2910 1415 gerückt. Bilder von enger, aber tadelloser Schönheit.
632 1378 1752 1444 wird. Die Freude, daß wir ihn nun wieder haben, wird
1790 1398 2910 1455 Eines davon ist ein Erlebnis: Der Wachturm, durch dessen
629 1415 1755 1481 ganz wesentlich beeinträchtigt durch den gewiß sehr be¬
1801 1435 2913 1504 Fenster man auf ein blaues Meer wogender Waldwipfel
629 1461 1758 1529 rechtigten Aerger darüber, daß wir ihn so lange Zeit über
1792 1475 2913 1544 hinuntersieht, auf denen ein Sommertag seinen ganzen
635 1507 1761 1564 nicht mehr hatten. Wer dafür verantwortlich zu machen
1787 1527 2907 1584 Glanz und Schimmer webt. Die Bilder stammen von Pro¬
632 1549 1755 1607 ist, daß unserer Hofbühne die selbstverständlichsten Auf¬
1798 1567 2913 1647 fessor Roller, dem feinfühligsten Bühnenmaler, den das
635 1589 1752 1655 gaben verdunkelt werden, daß sie erst einer besonderer
1787 1621 2398 1687 Theater seit langem gehabt hat.
629 1629 1755 1695 Kraftanstrengung, eines gewaltsamen Zusammenraffens
1875 1638 2913 1721 Darstellerisch hatte das Burgtheater gestern vollens
629 1681 1758 1735 ihrer künstlerischen Energie bedarf, um das zu vollführen,
1792 1690 2919 1761 einen Ehrenabend ohne gleichen. Der Götz des Herrn
632 1724 1761 1778 was ihre selbstverständliche Aufgabe ist und ohne wochen¬
1790 1744 2910 1810 Reimers hielt sich in höchster Ebenbürtigkeit aufrecht
635 1770 1752 1824 lange Vorankündigung getan werden sollte, daß sie das
1792 1784 2913 1847 neben der vergleichenden Gegenüberstellung der einzigen,
635 1810 1755 1870 was ihr als Regel obliegt, zur ruhmredigen Ausnahme
1792 1827 2913 1892 uns Jüngeren geläufigen Götz=Tradition: Baumeister. Er
635 1852 1764 1924 macht, wissen wir nicht. Dies eine aber ist klar: Für ein
1792 1870 2916 1933 war von einer wunderbar klaren Güte, von einer durch
638 1890 1755 1958 Theater, das sein Ziel darin erblickt, Schnitzlerischen Schmu¬
1798 1913 2919 1978 Gutherzigkeit gebändigten Kraft, von einem so starken, schlich¬
629 1941 1758 1990 und Schönherrsche Erotif möglichst künstlerisch in Bühnen¬
1790 1953 2919 2015 ten Wesen, wie man es sich nur immer zu wünschen vermag.
638 1978 1764 2035 kunst umzugestalten, für ein solches Theater ist Goethe
1795 1995 2922 2064 Wie denn überhaupt die größten Tage dieses Kunstlers jetzt
643 2021 1770 2084 freilich eine Ausnahme, die man einmal in zehn Jahren
629 2041 2922 2130 macht, die man viele Monate vorher umfangreich ankündigt — zu strahlen beginnen, jetzt, da er in ergrauendem Haare das
1795 2087 2913 2153 rhetorisch polternde seiner bisherigen Tätigkeit allgemach
629 2104 1764 2164 und von der man bald wieder abrückt. Dies ist das
1792 2133 2910 2190 ablegen und sich dem verklärenden Schimmer reiferen
643 2153 1758 2210 schmerzliche gewesen an dem gestrigen Abend, daß er ein
1792 2178 2916 2233 Menschentumes erschließen wird. Dies wurde uns gestern
635 2193 1761 2247 Ereignis war. Das ist das Traurige an diesem Theater:
1792 2216 2913 2281 deutlich bewußt, als wir ihn neben dem Weislingen des
638 2238 1764 2296 Daß alles Große, was sich auf ihm zeigt, gleich wie ein
1801 2258 2919 2316 Gerrn Walden stehen sahen, der noch ziemlich weit von
635 2278 1767 2333 Gipfel aufragt aus seiner Fläche, deren stumpfe Niedrigkeit
1801 2296 2916 2370 jenem tiefmenschlichen Künstlersein mitten im Artistischen
635 2327 1761 2381 dadurch sinnfälliger wird denn je. Und noch ein Zweites
1801 2338 2919 2407 steht, als ein großer Könner, aber kein Versteher. Seine
638 2367 1764 2430 war traurig gestern abend: Die Aufführung schlug nicht
1801 2381 2916 2450 Sterbeszene ist ein schauspielerisches Meisterstück und läßt
638 2416 1772 2476 ein! Mit unsäglicher Mühe auf die Beine gebracht, mit
1795 2427 2916 2493 doch so ganz kalt! Fräulein Wohlgemut als Adelheid
640 2461 1761 2516 allem Fleiß und aller erdenklicher Sorgfalt vorbereitet, von
1798 2470 2925 2533 brachte eine Enttäuschung, die nicht ihr zur Last fällt,
635 2501 1690 2561 allen ersten Kräften der Hofbühne gefördert, schlug
1807 2524 2936 2584 sondern dem Regisseur, der sie an falsche Stelle setzte. Wir
638 2544 1767 2599 dennoch nicht ein! Fünfundzwanzig Szenen gab es und
1798 2567 2927 2624 glauben, sie wäre eine ganz vortreffliche Maria gewesen. Der
635 2581 1761 2644 wohl zehnmal ging der Vorhang nieder, ohne daß sich auch
1798 2604 2919 2664 Georg des Herrn Romberg war frisch und voll treu¬
638 2624 1770 2687 nur eine einzige Hand zum Beifalle gerührt hätte! Die
1804 2641 2922 2716 herziger Jugendlichkeit, doch rein äußerlich vielleicht doch ein
635 2667 1761 2736 anderen Male gab es einen ganz dünnen Beifall. Den
1798 2684 2925 2756 wenig zu erwachsen. Frau Bleibtreu und Medelsky
640 2716 1767 2782 einzigen, wirklich nennenswerten Beifall des ganzen, vier¬
1798 2730 2925 2796 nahmen die Weiblichkeit in Götzens Haufe in allertreueste
635 2756 1764 2819 einhalbstündigen Theaterabendes holte sich der Götzdarsteller
1795 2776 2925 2842 Obhut, während sich Herr Paulsens Biederkeit am
638 2802 1764 2856 Herr Reimers bei offener Szene in seinem prachtvollen
1798 2816 2925 2882 Sikingen geradstämmig auslebte. Auch die kleineren Rollen
632 2844 1764 2907 Auftreten gegen die Ratsherren von Heilbronn. Sonst
1798 2862 2925 2927 waren mit ersten Künstlern besetzt, deren das Burgtheater,
649 2884 1764 2950 stumpfes, verächtliches Schweigen, welches den Darstellern
1801 2916 2930 2967 wie man an solchen Abenden bemerkt, eine erstaunliche
638 2930 1764 2987 und dem Regisseur die schmerzliche Kunde brachte, daß das
1798 2947 2925 3016 Reihe zur Verfügung hat. Kein Wunder, daß sich trotz
640 2970 1767 3030 Haus nicht mitging, ganz und gar mit seinem Fühlen nicht
1798 2987 2930 3053 mancher Mangelhaftigkeit im einzelnen letzten Endes doch
643 3013 1761 3073 bei der Sache war. Wie wäre es denn auch anders möglich
635 3050 2630 3116 Dieses selbe Volk, daß sich fahren, tahraus an Schnitzlers geilen der Eindruck hoher Vollkommenheit einstellt
1884 3047 2927 3150 Und für all das hatte das Stammpublikum des Burg¬
643 3107 1761 3162 Quatsch erfreut, das Schönherrs brünstiger Geschlechtsmora
1798 3127 2933 3188 theaters von heute so gut wie gar kein Verständnis. Es
635 3147 1767 3202 begeistert lauscht, wie wäre dieses selbe Volk und plötzlich
1798 3159 2930 3236 wurde gegen Ende der Vorstellung schon merklich unruhig,
649 3188 1764 3245 für Göthes biederes Götz=Drama aufnahmsfähig? Jen¬
1807 3210 2933 3279 zeigte sich unwillig und verdrossen, das Theater lichtete
646 3230 1764 3288 Wiener Theaterfreunde, die einstens das Stammpublikum
1804 3250 2936 3316 sich allmählich lange vor Schluß. Verfall und Tiefstand
643 3276 1770 3333 für das klassische Programm gebildet haben, jenen einfachen
1801 3299 2939 3362 dieser Bühne offenbarten sich selten deutlicher als an diesem
635 3319 1770 3370 Mann, dem der Götz des fünfzigjährigen Baumeisters in
1807 3348 2556 3428 Abende ihres Anstieges und ihrer Höhe
640 3356 1767 3425 Fleisch und Blut saß, jene theaterfreudige Bürgerfrau, die
2524 3368 2893 3448 Hans Brecka.
640 3405 1767 3471 sich den Groschen vom Munde absparte, um die Wolter in
640 3448 1767 3502 einer ihrer klassischen Adelheidrolle zu sehen, die hat das
638 3488 1772 3553 Burgtheater von heute verloren, leichtsinnig verscherzt, den
635 3533 1775 3611 besten Bestand seiner treuesten Anhängerschaft hat es ein¬
638 3573 1772 3645 gebüßt. Das geschah ganz allmählich in all der Zeit, in
635 3619 1767 3676 welcher ein Schnitzler der Hausdichter dieses kaiserlichen
635 3665 1767 3734 Theaters werden konnte. Das geschah in eben jenen Jahren
643 3708 1778 3771 in denen dort die Zote zu regieren begann, wo ehedem
635 3748 1775 3811 reine Kunst ihre Wunder wob. Nun steht der Direktor mit
643 3796 1772 3854 betretenem Erstaunen da und wundert sich, warum in aller
643 3839 1772 3908 Welt denn eine so schöne und mühselige Neuaufführung des
638 3896 1309 3957 „Götz nicht einzuschlagen vermag.
726 3916 1764 3999 Wahrhaftig: Nicht leicht ist eine zweite so verdienst
640 3974 1784 4042 liche Tat auf dem Theater denkbar, wie es die gestrige
646 4022 1761 4091 „Götz-Aufführung war. Neu durchdacht, von Grund auf ne¬
640 4068 1770 4128 aufgebaut, von neuen Gesichtspunkten gesehen, mit neuen
649 4102 1764 4171 Szenenbildern versehen, mit neuen Schauspielern besetzt
640 4151 1772 4208 mit neuem Feuer, neuer, junger Hingabe gespielt. Und
