3296 4352
1105 277 1526 377 box 41/6
248 291 922 394 Miscellaneous
785 666 1305 761 Deutsches Tagblatt
339 742 1328 811 Ausschnitt aus deutsche Rundschau
339 802 1121 892 vom. MERZ 1916 Wien
258 898 1270 1006 holung der Anfrage. Antwort erfolgt dann brieflich. Heil!
258 968 1300 1043 Dr. R. Sie fragen stöhnend, auf welcher Bühne augen¬
253 1009 1307 1085 blicklich kein morgenländischer Stoff kredenzt
258 1044 1301 1125 wird? In der k. k. „Borg“ verzapft man natürlich neben
258 1075 1304 1163 dem heiligen Hausdichter Schwer die erhabenen
262 1128 1296 1201 „Fünf Frankfurter, in eiserner Zeit das Herz¬
258 1153 449 1211 erhebende.
541 1164 1301 1246 Der „Golem hier, der „Schrei
253 1178 1297 1279 aus dem Ghetto da, wo es am „schmierigsten ist; auf
254 1239 1297 1308 allen Operettenuudelbrettern unverfälschte Jargonmusik.
253 1276 1291 1345 und Marmorbilder stehn und sehen mich an: Was hat
250 1320 1296 1384 man dir, mein armes Wien getan? Sollte aber doch
251 1355 1286 1432 zufällig einmal aus leidigen Rückfall in arische Ver¬
253 1399 1291 1471 gangenheit Schiller oder Goethe zu Worte kommen, dann
244 1430 1228 1504 bitte schleunigst den seltenen Glücksfall zu benützen.
253 1468 1293 1569 Landet. Warum in der Nummer vom 29. Februar d.
296 1891 809 1996 ches Tagblatt
272 1973 835 2066 che Rundschen
480 2049 621 2131 in
820 2053 1315 2172 15 MERZ 1916
1248 2224 1396 2296 .
484 2254 1417 2341 Burgfrieden? Aus Graz wird uns geschrieben:
388 2323 1414 2372 Zwei Abende nacheinander trat Harry Walden vom
387 2364 1413 2422 Burgtheater in Wien hier in Schnitzlerstücken auf
387 2389 1448 2481 und auch für sein nächstes Gastspiel ist, wie man hört,
1002 2458 1167 2505 .
387 2547 1411 2597 die gleich leckere Kost in Aussicht genommen. Unsere
387 2584 1415 2638 Theaterleitung pflegt sich in der Regel dem Begehren der
391 2621 1410 2669 Gäste und einer sensationslüsternen Menge anzupassen:
394 2664 1411 2710 wie wäre es, wenn sie auch einmal auf den Geschmack
394 2701 1408 2758 jener Rücksicht nehmen würde, die im Musentempel etwas
388 2735 1414 2790 anderes suchen als entsittlichende Ehebruchsstücke, seien
387 2775 1408 2822 diese noch so „geistreich" und raffiniert hingestellt...
387 2822 1414 2862 Hier hat das nationale Reinigungswerk einzusetzen. Tau¬
387 2851 1417 2911 sende von Kunstverständigen unserer Stadt verlangen
391 2889 1423 2947 nach reiner und gesunder künstlerischer Kost, warum
388 2933 1418 2981 wird auf diese Bessergearteten so wenig Bedacht ge¬
388 2965 1414 3020 nommen? Herr Walden ist ein bedeutender Schau¬
391 3002 1423 3060 spieler, dem es nicht darauf anzukommen braucht, sich
388 3047 1420 3095 uns in Paraderollen vorzustellen. Vielleicht genügt es,
387 3079 1420 3139 dem geschätzten Künstler nahezulegen, daß das geistig
394 3136 1424 3178 vornehme und nationalgesinnte Theater¬
395 3157 1425 3226 publikum der deutschen Stadt Graz einen etwas
397 3208 1427 3254 anders gearteten Sinn für darstellende Kunst besitzt, denn
391 3242 1428 3297 die — Burgtheater=Stammgäste. Wenn ein Walden nach
391 3276 1420 3355 Graz kommt, wird das Haus auch ohne Schnitzler¬
394 3316 1423 3367 stücke ausverkauft sein, das steht fest; somit liegt gar
397 3353 1425 3414 keine Veranlassung dazu vor, für die angedeutete Kunst¬
390 3394 1428 3443 richtung einzutreten. In unserer großen Zeit spricht man
394 3429 1425 3486 viel und gerne vom „Burgfrieden — Schonzeit also für
401 3476 1424 3530 jenes verkappte Gelichter, das unter den verschiedensten
404 3511 1427 3569 Masken im sicheren Hinterlande sein Unwesen treibt,
391 3552 1425 3610 dessen schleichendes Gift nicht weniger Schaden anstiftet
392 3580 1425 3647 als die vernichtenden Bomben des erklärten Feindes,
497 3631 1435 3682 Das Kino mit seinen nervenaufpeitschenden
401 3662 1431 3719 Lasterdarstellungen (zumeist noch immer welsche
401 3703 1432 3762 Filme!) wie nicht minder das moderne Stück
406 3743 1431 3806 (Schnitzlerschule), — gegen diese „Kunst"=Richtung muß
397 3778 1432 3837 endlich einmal Generalsturm geblasen werden. Krieg
397 3819 1425 3877 dem alles Heilige verhöhnenden Geiste der Ich, Hab¬
404 3857 1427 3915 und Genußsucht, Krieg dem Pharisertum, Krieg über¬
639 3895 1425 3947 — Richtung, die das große Unheil
394 3909 607 3963 haupt jener
405 3937 1435 3992 über die Welt gebracht hat. Erst mit der Niederzwingung
404 3980 1441 4031 der Gesellschaftslaster wird der Weg frei werden für eine
406 4015 1444 4070 bessere Zukunft. Die gute Presse und eine reine
395 4050 1454 4155 Kunst können viel dazu beitreten. Franz Goldhaus¬
569 4128 875 4196 m
1811 1447 2717 1583 Neustimmen. Innsbruch
1818 1534 2254 1629 vom
2110 1715 2473 1815 Stadttheater.
1818 1782 2834 1878 „Die Frau von 40 Jahren“. Schauspiel in drei
1713 1850 2837 1946 Aufzügen von Sil=Vara. — In Szene gesetzt von Hans
1708 1897 1901 1964 Wilhelm
1806 1942 2385 2015 Nach Arthur Schnitzler —
2429 1939 2825 2032 Sil-Vara, Männer
1710 2004 2832 2080 gleichen Stammes und geistig nächstverwandt; jener
1708 2052 2832 2123 bereits eine Berühmtheit und gemachte Größe, dieser
1706 2097 2828 2176 mit Hilfe seiner einflußreichen Freunde unter den
1705 2145 2822 2209 Machern der öffentlichen Meinung gewiß zu „Ruhm
1705 2202 2817 2262 aufsteigend, weil als Theaterkritiker der „N. Fr. Pr."
1706 2247 2825 2329 dazu berufen. Uns freut am Manne eigentlich nichts,
1710 2298 2828 2367 als daß er so bescheiden oder klug ist, sich unter einem
1708 2338 2822 2416 Decknamen zu verstecken. Denn sein Schauspiel ist
1702 2393 2824 2465 wahrlich nicht darnach, daß es ihm zu Ehren gereichte,
1708 2449 2830 2506 und wir haben vom rein künstlerischen Standpunkte
1698 2492 2828 2564 kaum ein Quändchen mehr Freude dran, als wenn wir
1699 2546 2825 2605 es auf seinen geistig sittlichen Gehalt prüfen; es ist
1699 2588 2821 2645 eine künstlerisch unbedeutende, moralisch aber bedenk¬
1699 2638 2810 2707 liche Bühnenmache. Um zu verstehen, wie es mög¬
1703 2684 2811 2760 lich, daß dergleichen Schundware zur Aufführung über¬
1701 2727 2808 2811 haupt zugelassen wird, muß man sich des obener
1699 2784 2817 2849 wähnten Amtscharakters des Autors erinnern und
1696 2832 2818 2907 wird dann nichts unbegreiflich finden. Da hat man
1701 2880 2824 2952 eine Stelle, an der innere Zusammenhänge sichtbar
1692 2921 2817 2999 werden, die in der Hauptsache bestimmen, was für
1698 2988 2817 3045 unser Publikum als Bühnenwerk sich eignet; hier
1693 3033 2815 3093 tritt die Wirksamkeit der literarischen Kartelle zutage
1693 3084 2808 3151 oder besser des literarischen Kartells, das für den
1699 3132 2811 3189 einzelnen und das Volksganze ein gleich gefährliches
1696 3181 2813 3246 und schädliches Unwesen treibt. Zu allen Zeiten ist
1693 3222 2808 3295 die Bühne entweder eine Kanzel gewesen, von der aus
1691 3273 2813 3346 die besten, tiefsten und feurigsten des Volkes zu ihm
1688 3328 2820 3419 redeten, es Wahrheit lehrten und Weisheit, aufrich¬
2887 1723 3246 1792 teten und aufwär
2885 1773 3250 1846 bude der kläglichst
2890 1825 3235 1891 laten Wahrheit
2885 1873 3253 1939 Zustand sich unser
2885 1921 3240 1991 chen wir nicht zu
2894 1970 3247 2042 figer den Zungen
2883 2019 3250 2086 Charakter starken
2883 2065 3243 2135 Theaterleitung ha¬
2887 2115 3250 2187 letzten Schandover
2893 2165 3252 2233 gen gemacht, oder
2883 2217 3246 2290 der moralisch zu
2892 2264 3240 2331 stadtbühnen nicht
2882 2310 3260 2379 um den andern von
2886 2358 3261 2426 Erinnerung an de
2885 2408 3220 2473 Erneuerung und
2875 2461 3233 2523 man zu Beginn
2876 2506 3215 2570 und man bekennt
2880 2550 3247 2621 allen Schund der
2868 2601 3256 2670 meint, natürlich m
2875 2655 3256 2718 dort mit großem
2870 2700 3252 2767 kurz vor Torschlu¬
2882 2751 3254 2817 seine moralische
2873 2810 3261 2866 ganzen doch ziemli=
2873 2849 3254 2916 Es ist recht bezei
2869 2899 3247 2961 Stücken das Haus
2870 2942 3253 3014 begierige Publiku
2878 2993 3253 3061 ständiges, ärgerlich
2868 3051 3253 3105 weswegen es eigen
2863 3092 3233 3161 und muß immer
2862 3137 3253 3209 von denen, die in
2873 3187 3170 3256 sind, es gäbe
2872 3237 3112 3301 Ideengehalt
2863 3288 3098 3350 Sicherheits¬
2861 3335 3092 3410 rung wiede
