3344 4384
1155 375 1589 480 box 41/5
303 384 984 474 Miscellaneous
684 1539 1112 1653 Ausschnitt aus:
1208 1548 1848 1665 Vossische Zeitung, Berlin
873 1633 1176 1714 5. 1915
698 1659 856 1731 vom
1883 1699 3047 1833 Ich habe die Worte des Briefes nicht gelesen unersättliche
707 1775 3041 1871 Rednern zustande gebracht. Der Saal war übervoll, alle wollen riefen jetzt. Inhalt des Hardentesten vorlesene de los ver¬
166 1807 663 1871 ein wenig abstehende Ohren.
713 1833 1865 1909 Schermann sehen, zusehen, wie man hellsieht. Aber es kam nur
1883 1848 3047 1944 vorher sehr eifriger junger Mann nicht ohne Verlegenheit: „Ich
151 1862 666 1915 nen Fiduskopf und nicht das
716 1868 2744 1956 ein Herr Sachs, der die Trieblaute aus der deutschen Sprache gang muß Ihre Glossen mit bestem Dank ablehnen
151 1894 663 1973 faeliten anstrebt. Er ist ein
713 1918 1859 1990 ausgemerzt hat und den Leopoldstädter Dialekt der Wienerstad
1918 1926 3032 2002 So ging man von Schermann nicht ganz durchdrungen fort.
370 1935 669 2005 sein Vorführer
204 1953 317 2017 Scheu,
707 1961 1859 2034 mit einer Ungeniertheit redete als spielte er Domino in einem Caf
1886 1950 3035 2046 Auf dem Heimweg ertappte ich mich dabei, wie ich mich im Hell¬
186 1985 666 2060 im natürlichsten Leopold¬
713 2002 3029 2089 der Praterstraße. Dazu sollen Projektionsbilder vorgreicht werden sehen erprobte. Ich mußte seinen Vornamen von ersten
285 2028 663 2113 gewissen Abneigung
157 2040 242 2110 einer
719 2046 3029 2127 Aber es fehlte eine Lande, ein Bild waselle hinauf, zu den Gotfried heißt er gewiß nicht, auch nicht Helmuth, welche
338 2078 669 2139 einmal sprachlich
198 2081 303 2145 nicht
719 2089 3029 2200 andern fehlte die Erläuterung, und das Publikum, ohnehin schon aber Richard oder gar Samuel An seinen merkwürdigen Gabe¬
166 2121 666 2180 begreift, daß dieser sensitive
716 2136 2377 2220 gereizt, unterbrach mit Recht und mit Unrecht. Im Dunkel schreit wäre damit nichts geändert
151 2165 675 2226 einen Kreis tätig ist und daß
1755 2180 1871 2241 Jubel
719 2182 1723 2249 ein Zuschauer: „Was ist der langen Rede kurzer Sinn?"
169 2212 666 2284 und eine vielhundertköpfige
730 2235 1886 2302 geheul. Dann ruft jemand plötzlich: „Sie haben ja vergessen, Herrn
733 2267 1880 2343 Schermann vorzustellen!" Das Präsidium will zur Ordnung
151 2287 681 2372 in glaubwürdige Zeugen, hat
733 2325 1889 2389 läuten. Weit und breit keine Klingel.... Inzwischen tagt in
148 2337 666 2407 Dinge aus vorgelegten Hand
725 2351 1880 2433 einem Nebenraum eine kleine Kommission zur Prüfung Scher¬
154 2383 669 2459 sen Brief von Erich Schmidt
722 2401 1886 2476 manns. Sie tritt unter Ludwig Fuldas Führung ein. Sofort,
146 2433 675 2500 Kürlich jene unnachahmliche,
730 2447 1886 2520 ohne den Satz, ohne das Wort im Munde auszusprechen, bricht
157 2476 678 2540 son Erich Schmidts Vortrags¬
736 2482 1892 2564 Herr Sachs ab: „Bitte, Licht!“ sagt er noch in einem Anfall von
160 2520 675 2584 züge von Karl Scheffler, und
733 2543 1886 2607 Geistesgegenwart, dann zieht die Kommission auf die Tribüne
157 2564 585 2628 erden Bilder angehängt.
762 2584 1889 2654 Dr. Ludwig Fulda erzählt, er habe Schermann ein kurzes
154 2587 681 2677 des Erzählungen der Verläß¬
730 2628 1892 2700 Chinin=Rezept gegeben. Daraus las Schermann: „Ein Forscher
175 2654 538 2718 hellsicht! Vor uns
730 2671 1894 2744 der Seele, ein sehr vorsichtiger Mensch, ein Mensch, der die Fähigkeit
151 2671 693 2759 zig Leuten. Dr. Robert Scheu
742 2724 1897 2797 hat, seine Umgebung zu beruhigen, ich sehe ein Kommen und Gehen
151 2741 690 2799 nann habe nicht nur aus der
748 2767 1699 2843 um ihn. Das Rezept war vor Jahren von Dr. Arthur
154 2782 690 2849 s herausgelesen, sondern auch
739 2802 1894 2887 geschrieben, der ja wirklich ein Seelenforscher ist und von dem, das
148 2826 690 2893 ten Charakteren die ihnen
730 2849 1897 2919 wissen seine Bekannten, eine merkwürdige Beruhigung ausgeht. Nun
157 2872 681 2936 niedergeschrieben. Aber ...
730 2895 1900 2965 hörten die Leute, daß Schermann hellsah, und nun gab es einen
169 2913 693 2997 Feuilletonisten, zu verblüffen.
736 2936 1897 3003 Augenblick Applaus, Jubel, Zustimmung. Ein Graphologe aber
183 2962 687 3015 ... Der große Zirkel lieg
739 2983 1900 3053 kletterte auf die Tribüne — es war überhaupt buntes Leben auf
163 2997 701 3058 bleibt nur eine kleine Kom¬
736 3023 1900 3102 dem Podium, den ganzen Abend — und erklärte, das alles sei nur
195 3047 704 3117 Prof. Eulenburg und einige
742 3073 1903 3140 Graphologie, und die deutschen Schriftsachverständigen könnten das
207 3088 690 3163 Man legt ihm unterschrift
745 3114 1906 3186 alles ebenso gut, nur nach wissenschaftlichem Verfahren. Geschrei,
218 3137 713 3192 Pichon, von einer jungen
745 3166 1586 3239 Protest, Zwischenrufe, und — kein Vorsitzender.
160 3178 710 3245 in Siegfried Jakobsohn. Ueber
786 3189 1906 3271 Dann aber sollten die Leute endlich für ihre zehn Mark sehen,
160 3218 698 3291 des, über die junge Dame, das
754 3250 1900 3323 wie man hellsah. Schermann wurde weggeführt. Ein Zettel wurde
169 3271 710 3329 im großen richtiges seelisches
751 3291 1912 3355 vorbereitet, der von Harden herrührte. Der Name sollte auf die
154 3317 707 3381 r, daß er ein starker Bejaher,
751 3332 1909 3405 Tafel geschrieben werden, aber selbst die Kreide streikte an diesem
233 3358 701 3411 mit einem vergangener
754 3381 1906 3448 tollen Abend und brach. Dann wurde Schermann wieder her¬
180 3367 713 3460 Professor Dessoir konstatiert,
760 3431 1909 3495 eingeführt und las mit gesenktem Kopfe aus der ihm vorgelegten
166 3445 710 3507 sten Verneiner sei, und blickt ein
754 3466 1918 3547 Handschrift: „Scharfe Zunge, tritt jedermann gern entgegen, selbst
178 3489 710 3544 Aber sind denn nicht die
762 3521 1912 3576 einem König, sehr selbstbewußt, scharfer Kritiker, schneidet oft das
163 3533 716 3591 in Bejaher? Professor Dessoir
762 3559 1918 3623 Wort ab, kann die Menschen durch Schrift und Mund hinreißen,
163 3579 707 3635 hnliche graphologische Begabung
1694 3594 1912 3670 beeinflussen,
768 3594 1633 3667 glänzender Beobachter, läßt sich nicht
163 3620 716 3684 hm gefunden. Die Graphologen
768 3626 1921 3710 führt alles durch, was er will, ein bißchen eitel
157 3672 722 3751 scheidungskampf, abends in der
762 3681 1918 3754 in punkto Kleidung. Ein Mensch, der schwer hineinzulegen ist,
762 3728 1921 3795 lieber selbst hineinlegt, stolz auf den Namen, den er sich errungen".
160 3728 719 3809 rsaal) war denkwürdig. Man
760 3768 1926 3862 Das war nun verblüffend, besonders da Schermann dazu sagte:
163 3803 728 3882 ung mit so raffiniert schlechten
