3344 4352
1147 289 1573 404 box 41/6
293 306 966 406 Miscellaneous
113 1292 653 1450 timmen. Innsbruck
812 1542 1922 1606 teten und aufwärtsrichteten, oder eine Marktschreier¬
129 1539 395 1630 dttheater.
810 1596 1915 1660 bude der kläglichsten Eintagsphilosophen mit ihrer re¬
166 1602 761 1695 Jahren. Schauspiel in drei
812 1644 1929 1709 lativen Wahrheit und relativen Moral. In welchem
215 1687 763 1760 In Szene gesetzt von Hans
819 1690 1925 1746 Zustand sich unsere Bühne von heute befindet, brau¬
812 1743 1922 1789 chen wir nicht zu sagen, jedesfalls dient sie viel häu¬
119 1770 300 1840 sitzler
351 1760 763 1850 Sil-Vara, Männer
820 1789 1925 1847 figer den Zungengewandten als den Denkräftigen und
156 1821 758 1892 geistig nächstverwandt; jener
816 1841 1928 1891 Charakterstarken als Schauplatz der Tätigkeit. Unsere
135 1885 758 1937 it und gemachte Größe, dieser
809 1885 1926 1950 Theaterleitung hat entweder mit Schnitzler und der
129 1933 755 1987 ißreichen Freunde unter den
810 1937 1922 2004 letzten Schandoperette recht erfreuliche Kassenerfahrun¬
146 1974 741 2038 Meinung gewiß zu „Ruhm
817 1995 1929 2045 gen gemacht, oder es lassen sie die billigen Lorbeeren
129 2025 739 2082 seaterkritiker der „N. Fr. Pr.
809 2037 1922 2093 der moralisch zu tiefstehenden Hof= und andern Groß¬
147 2072 755 2137 am Manne eigentlich nichts,
812 2080 1925 2141 stadtbühnen nicht schlafen, daß sie uns jetzt einen
135 2122 756 2180 oder klug ist, sich unter einem
812 2137 1929 2187 um den andern von diesen Tagesgötzen vorführt. Die
200 2170 755 2236 Denn sein Schauspiel ist
826 2180 1926 2239 Erinnerung an den Schwur auf das Programm der
211 2221 756 2284 es ihm zu Ehren gereichte,
812 2224 1929 2287 Erneuerung und Versittlichung des Volksgeistes, den
201 2279 758 2337 künstlerischen Standpunkte
812 2280 1930 2335 man zu Beginn der Spielzeit getan, scheint verwischt
139 2318 758 2378 hr Freude dran, als wenn wir
812 2327 1919 2389 und man bekennt sich so recht als Provinz, indem man
133 2379 756 2436 stlichen Gehalt prüfen; es ist
810 2386 1922 2444 allen Schund der Großstadt hier einbürgern zu müssen
139 2418 755 2477 tende, moralisch aber bedenk¬
803 2425 1922 2480 meint, natürlich mit der Empfehlung, daß er da und
180 2474 759 2532 zu verstehen, wie es mög¬
803 2471 1922 2537 dort mit großem Beifall aufgenommen worden. Noch
142 2511 756 2566 indware zur Aufführung über¬
812 2522 1930 2586 kurz vor Torschluß, im 21. Kriegsmonat, gibt man
152 2562 753 2630 muß man sich des obener¬
807 2570 1925 2633 seine moralische Unabhängigkeit preis, die man im
171 2612 752 2680 des Autors erinnern und
816 2623 1922 2684 ganzen doch ziemlich gewahrt und hochgehalten hatte!
126 2658 752 2718 greiflich finden. Da hat man
807 2674 1922 2733 Es ist recht bezeichnend, daß bei diesen modernen
135 2719 752 2767 sere Zusammenhänge sichtbar
809 2709 1926 2774 Stücken das Haus stets vollbesetzt ist. Das „kunst¬
129 2757 755 2823 uptsache bestimmen, was für
809 2763 1926 2814 begierige Publikum aber verrät durch sein unan¬
125 2808 752 2864 Bühnen er sich eignet; hier
809 2813 1926 2876 ständiges, ärgerliches Lachen über jeden kitzlichen Witz,
139 2864 748 2923 literarischen Kartelle zutage
809 2869 1926 2930 weswegen es eigentlich in den Musentempel geeilt ist,
135 2906 752 2963 schen Kartells, das für den
812 2917 1922 2968 und muß immer wieder zur Ruhe gemahnt werden
132 2957 753 3018 ganze ein gleich gefährliches
803 2963 1928 3015 von denen, die im naiven Glauben herzugekommen
171 3005 765 3065 treibt. Zu allen Zeiten ist
812 3011 1925 3066 sind, es gabe da ein abgerundetes Ganze mit einem
150 3058 748 3120 Kanzel gewesen, von der aus
809 3063 1926 3121 Ideengehalt zu genießen. Am Mittwoch hatten diese
139 3093 755 3160 feurigsten des Volkes zu ihm
812 3113 1923 3175 Sicherheitsmänner für die Ruhe während der Auffüh¬
139 3151 753 3229 hrten und Weisheit, aufrich¬
804 3167 1945 3246 rung wieder reichliche Gelegenheit einzuschreiten. Die
1976 1544 3107 1603 Morallehren, die Sil=Vara vorträgt, klingen man¬
1983 1599 3097 1650 chen Ohren ja allzu erfreulich, als daß sie ihrem kanni¬
1980 1650 3097 1700 balischen Wohlgefühl nicht Luft machen sollten. Sinn¬
1983 1697 3095 1745 lichkeit und Brunst im ganzen Stück, in allen Haupt¬
1983 1739 3103 1801 personen, der Kuhstall auf der Bühne. Ein Schauspiel
1983 1794 3097 1850 von solchem sittlichen Gehalt und den fraglichsten
1983 1843 3093 1899 künstlerischen Qualitäten preist man als Sensations¬
1980 1892 3097 1950 neuheit an mit dem Vermerk, daß es sich für junge
1980 1945 3097 1998 Mädchen nicht eigne. Sapienti sat! Der Inszenierung
1979 1997 3097 2052 und dem Spiel vorenthalten wir das verdiente Lob
1983 2041 3100 2096 nicht. Herr Groß (Felix), Frl. Bergner (Grete) und
1986 2083 3097 2144 Frl. Czernitz (Amelie) spielten frisch und packend. Frl.
1983 2139 3100 2192 Pape hat sich in der Titelrolle von uns verabschiedet;
1983 2184 3103 2250 sie bewies ihre oft erprobte Charakterisierungskunst
1983 2236 3107 2293 aufs neue. Das Urteil über Frl. Pape ist einstimmig:
1986 2282 3100 2338 sie verstand es, ihre Aufgabe mit intuitiv richtigem
1983 2331 3103 2385 Gefühl anzupacken; mit dieser einen notwendigen Ei¬
1983 2382 3107 2442 genschaft eines echten Mimen verband sie stets ein
1973 2427 3107 2497 abgeklärtes, stilgerechtes und an Mitteln reiches Spiel
1980 2471 3097 2539 und eine ungewöhnliche und vorbildliche Beherrschung
1980 2529 3106 2578 und Meisterung der Sprache. Man wird sie ungern
1986 2576 3096 2640 ziehen sehen, diese langjährige, bewährte Kraft un¬
1980 2626 3097 2699 serer Bühne, und wird sie nicht so bald vergessen.
2974 2675 3052 2745 st.
2071 2770 3035 2847 Aus der Theaterkanzlei wird uns geschrieben:
2078 2841 3089 2934 Dienstag die Operette „Hoheit tanzt Walzer“
1980 2908 3112 2973 von Leo Ascher. Für Mittwoch wird, Lessings „Emilia
1980 2956 2432 3027 Galotti" vorbereitet.
2078 2995 3103 3099 Mittwoch der letzte Klassikerabend, das fünfaktige
1971 3059 3106 3148 Trauerspiel „Emil Galot von C. E. Lessing: (Se¬
1971 3114 2216 3198 rie braun.)
