3392 4256
1172 254 1609 370 box 41/6
317 277 998 384 Miscellaneous
1604 1495 2730 1549 Deutschland und wir wissen nichts davon. Je mehr unsere
428 1502 1562 1558 speare, Vondel nicht das Christentum; und verdanken nicht
1602 1532 2725 1597 Literatur von den Modernen, den Modemächten boykottier
423 1549 1560 1604 auch Goethe und Schiller, die beiden Schlegel und sämtliche
1595 1579 2725 1639 wird, um so mehr muß sie von uns ins Licht gestellt und ver¬
428 1590 1560 1636 Romantiker „den größten Teil ihres Poesievorrates christlichen
1602 1627 2727 1678 breitet werden. Im Interesse unserer ganzen kulturellen Position
425 1629 1567 1690 Quellen und Anregungen? Damit kam es ja zum Niedergang
1599 1671 2725 1729 die von der allmächtigen Literatur, wie schon hervorgehoben
432 1678 1562 1724 der modernen Literatur, wie der Kultur überhaupt, daß sie sich
1592 1715 2727 1768 wesentlich bestimmt wird. Im Interesse auch der Entwicklung
428 1722 1558 1770 von der Logik und Ethik, von den großen Ueberzeugungen und
1602 1754 2725 1807 unseres Schrifttums, die um so reicher sein wird, je größer das vor¬
428 1761 1562 1821 Willensantrieben der alten Religion löste, und, einmal dem
1602 1803 2732 1854 stehende Publikum und das fördernde Mägententum. Genies singen
428 1803 1558 1856 Subjektivismus verfallend, auch aller Enge und Ver¬
1599 1847 2730 1900 ihr Lied unbekümmert um Beifall oder Boykott, singen noch
922 1849 1560 1909 Vor sieben Jahren hat ein
428 1854 890 1925 äußerlichung verfiel.
432 1888 1553 1946 moderner Kritiker selbst, der bekannte Literat Kar
1602 1891 2727 1948 auf dem Mithauen, wie Joh. Der Entwicklungsgang der
430 1944 1551 1990 Scheffler, diesbezüglich ein interessantes Geständnis abgelegt
1602 1932 2720 1992 Talente aber läuft nicht unabhängig von äußeren Erfahrungen
435 1978 1560 2032 ein Geständnis, das gewissen Modeschwätzern und ihren Nach¬
1604 1983 2723 2041 So manche la ente, noch ringend und suchend, noch nicht fertig
428 2015 1569 2071 betern in den Ohren gellen mag: „Wer geht nicht, bei größtem
1602 2029 2727 2080 in der Ueberzeugung, geraten ins Gegnerlager, wachsen in
425 2066 1558 2117 Wohlwollen für die neue architektonische Kunst, schließlich
1604 2071 2725 2126 fremde Welten und Glaubensbekenntnisse hinein, Talente, die
425 2110 1558 2161 immer wieder zur Baukunst der Alten, die nicht nur gute
1599 2119 2720 2170 sich positiv in unserm Sinn hätten entwickeln können, wenn
428 2147 1558 2207 Grundsätze und Tendenzen darbietet, sondern lebendig amende
1592 2159 2725 2210 ihnen nur auf Seite der Position nicht bloße Verständnis und
430 2198 1562 2249 Schönheit! Wer liebt die an uralten Traditionen erzogene
1604 2198 2718 2265 Interesselosigkeit entgegengegähnt hätten. Es ließe sich da
432 2242 1562 2293 Malerei des alten Holland und Italien nicht mit temperament¬
1592 2251 2723 2297 manch Interessantes über Typen wie Rosegger und Bartsch er¬
423 2284 1567 2334 vollerer Zärtlichkeit als die des eigenen Landes! Wem impo¬
1599 2290 2720 2346 zählen Die Gegner schnappen nach jedem Talent, suchen
425 2325 1560 2392 niert nicht eine rechte, männliche Gottgläubigkeit mehr als der
1595 2332 2720 2381 das Werden seiner Weltanschauung in ihrem Sinn zu
423 2364 1558 2420 monistisch=darwinistische Mischmasch ganz moderner Philosophie
2154 2371 2720 2445 im Fall des Gelingen
1879 2381 2112 2445 füttern es
1590 2376 1814 2441 beeinflussen,
428 2408 1558 2468 Und wem macht nicht die von hundert Vorurteilen durchsetzte
2297 2415 2718 2482 — ist auf unserer
1602 2411 2270 2473 reichlich mit Gold und Ruhm
435 2452 1558 2512 einfache Moral des Bauern mehr Freude als die mora infreie
1602 2461 2720 2519 Seite nicht dasselbe werktätige Interesse für werdendes Lite¬
423 2501 1565 2552 Aufgeklärtheit der Literarischen! Der Ewigkeitssinn
1592 2505 2725 2561 ratentum nötig? Müssen unsere Literaten prinzipiell Märtyrer
425 2545 1560 2596 ist einer ganzen Generation getrübt und
1599 2549 2720 2605 sein, Märtyrer, wie Eichert, Pfenner, Gangl Wie weiter
423 2582 1558 2642 darum auch der lebendige Zeitsinn. Die vom
1592 2586 2713 2646 könnten wir am Ende in unserem gesellschaftlichen, staatlichen
423 2633 1560 2686 Vorurteil Befreiten sehen Chaos außer sich, weil es
1595 2637 2718 2690 auch wirtschaftlichen Sein fortgeschritten, wie gesünder könnten
432 2672 1562 2730 in ihnen ist. Sie gelangen nicht zur höheren Freiheit,
1592 2674 2725 2734 wir sein, wenn wir ebenso ein Schrifttum zu unseren Gunsten
423 2718 1558 2773 weil der Stolz auf ihr bißchen Freidenkerei, die Furcht vor der
1595 2718 2725 2783 gefördert hätten wie die Geldbourgeoisie, die Kapitalistenwelt
428 2760 1560 2813 Unfreiheit sie daran hindert. Daher diese epidemisch grassierenden
1586 2767 2709 2827 eines in ihrem Sinne? Wäre Oesterreichs Kraft heute nicht noch
425 2806 1558 2859 Vorurteilslosigkeitsideen in denen doch ebensoviel Vorurteil
1595 2808 2720 2861 viel stärker, wenn in seiner Presse und Literatur immer minde¬
425 2845 1560 2903 enthalten ist wie im trübten Philistermeinen. Darum ist aus
1592 2857 2718 2910 stens ebenso stark der Heldengedanke und Heimatglaube als das
428 2898 1562 2947 dem Willen zur Freiheit nur eine Geheimkultur hervorgegangen,
1599 2894 2718 2956 seichte Weltbürger- und „Fremdium sich durchgesetzt hätten
425 2935 1558 3000 die nicht ins Volk, nicht in die Tiefe und nicht zur Höhe des
1599 2940 2711 3000 Wäre es z. B. nicht auch wirtschaftlich besser un
425 2984 1128 3058 nationalen Lebens zu dringen vermag.
1595 2984 2718 3044 uns bestellt, wenn wir Dichter des sozialen Ge¬
1592 3023 2716 3090 dankens, der sozialen Gerechtigkeit gefördert hätten? Wären
495 3014 1558 3097 Eine reiche Literatur besteht auf christlicher Seite, man
1592 3069 2718 3139 gewisse Ausschreitungen der Plutokratie der letzten Jahrzehnte
418 3079 1553 3143 muß sie nur finden wollen. Sie wird zwar von der in der
1595 3120 2720 3173 möglich, wenn in der Literatur und im Theater die
418 3122 1560 3190 Hand Fremder monopolisierten Kritik fast ganz totgeschwiegen
1595 3157 2713 3220 Plutokraten ebenso aufs Korn genommen worden wären, wie
414 3171 1555 3229 und der Buchhandel schließt sich praktisch weithin ganz bewußt
1592 3208 2720 3259 von ihren Literaten die Junker und Pfaffen; wenn die Pluto¬
414 3217 1558 3280 dem Boykott der offiziellen Literaturreferenten an — aber
1590 3245 2720 3305 kraten die Ueberzeugung hätten, daß die Sonne der Literatur
418 3252 1553 3317 müssen wir eins von diesen Tatsachen knechten lassen
1595 3291 2716 3347 ihre Schandaten beleuchtet, daß Literaten bereit stehen, nicht
423 3296 1553 3370 Für die Modernen ist das Catholica non leguntur,
1586 3344 2720 3393 minder gegen sie ihr in Tyrannos in glühenden Bildern vor
416 3337 1549 3411 non laudantur, non propagantur (Katholika werden nicht gelesen
1590 3384 2730 3455 den Massen zu predigen, als es seinerzeit Schiller gegen die
411 3402 1560 3453 gelobt, verbreitet selbstverständlich. Maximilian Harden kon¬
414 3418 2267 3511 statiert gelegentlich: „Eine große katholische Literatur lebt in Tyrannen auf den Thronen predigte
2834 1493 3335 1555 Tausende und Tausende Be¬
2762 1537 3331 1586 als Weihnachtsgaben gekauft un
2771 1583 3335 1632 des Christentums bei der Auswa
2773 1627 3331 1680 sein, jenen Stolz und Freiheits
2762 1669 3328 1722 von Modemächten an den Tag
2762 1715 3326 1759 Wir sind nicht nur in Hinsicht
2762 1752 3333 1810 wir sind auch reich an besser Ge¬
2764 1800 3328 1849 nur wahrhafte Literatur will, d.
2769 1844 3310 1888 lich den Wortrunk suchenden
2764 1870 3333 1939 Feuilletonismus und Nervensch¬
2762 1930 3333 1976 Geist, Charakter und Ideen. (Se
2762 1969 3333 2022 thal schöner singen können soll
2764 2020 3335 2066 doch ein einziges Bändchen von
2771 2057 3335 2122 sämtlichen Werke von zehn
2773 2101 3280 2166 weil Kralik überreich an
2769 2140 3247 2207 etwas sagt, während
2764 2189 3298 2244 Bänden nichts sagt.) Leider
2762 2228 3326 2284 menschen allzusehr vom bloßen
2757 2270 3333 2323 die Ideen zu werten. Schon Hel
2757 2316 3344 2376 Ausdrucks findet weit mehr Be¬
2764 2353 3275 2413 Idee. Und doch ist sie nichts.
2762 2406 3314 2455 Literatur und sollten mit ihrer
2760 2450 3344 2496 warten, bis das Lob der Ander¬
2764 2494 3305 2542 Jahren schrieb, anläßlich eines
2760 2531 3340 2591 Liberale Max Lorenz im Berline
2760 2577 3324 2626 und katholischen Literatur= und
2753 2619 3335 2686 dieser in der Tiefe von Jahrtau
2760 2658 3340 2720 geheuren Schicksalen erprobt
2760 2697 3347 2762 nicht gelingen, das bißchen me
2760 2746 3340 2813 verschlingen? Man nehme ein
2760 2790 3324 2843 modernsten Lyrikern, einem
2760 2841 3331 2891 schwelgenden Stimmungskünstler
2750 2882 3340 2942 wessen Stimmungsgehalt und we
2757 2917 3344 2972 katholischen Kirche wetteifern an=
2757 2963 3333 3018 derten angehäuft und wie es in
2750 3007 3344 3060 von Jahrhunderten herübergekom¬
2753 3051 3294 3102 naturalistisch-romantische Geist
2760 3092 3349 3148 schen Spielereien in seiner Kleinlich
2760 3141 3344 3192 sich die Christen, die in diesen T.
2750 3180 3344 3236 bewußt sein, daß eine große chrif¬
2753 3231 3344 3277 Literatur besteht und daß es im
2760 3263 3342 3321 heimsuchung zwiefach, Verrat
2760 3314 3347 3379 Verrat an der besseren Kultur
2750 3363 3351 3423 lagen bedeutet — wenn diese Lit¬
2753 3402 3300 3465 Modeware vernachlässigt wird.
