3344 4352
504 179 2862 307 de vos de auch as a faites de se lo de
266 266 2856 341 sigen, ausgezeichnet für den Aufmarsch großer Truppenmassen. Polen, Steinrück, „da flüchtete ich mich in mein Tutzinger Häuschen und
276 317 2859 414 irgs¬ welches heute ein Kriegsschauplatz ersten Ranges geworden ist, oblag meiner anderen Kunst, der Malerei. Die Bilder an den
262 359 2759 452 kleine war gestern noch das industriellste Land des gesamten russischen Wänden sagen Ihnen wohl, daß ich wenigstens
393 410 2776 497 Kaiserreichs. Warschau ist mit einem Gürtel großer Fabrikstätte fl. ißiger Maler bin. Und ich habe, subjektiv gesprochen
279 455 2862 541 zählt umgeben, deren Namen dem deutschen Leser wenig bekannt sein dieser durch Deutschlands gemeinsame Erhebung hervor¬
2756 507 2862 562 wohl
262 500 2725 579 ar sie dürften: Lodz, das polnische Manchester, mit seinen großen gerufenen, seelisch großen und tiefbewegten Stimmung
397 552 2859 628 Webereien, die zwar in deutschen Händen liegen, fabriziert jährlich die besten Bilder gemalt, die ich je geschaffen habe.
266 576 369 635 t da¬
400 597 2866 679 für mehr als 300 Millionen Kronen Stoffe, Tschenstakow (auch Als wir dann langsam und zögernd dazu übergingen, im
279 624 369 686 zuckt
1642 645 2866 714 Münchener Hoftheater wieder zu spielen, da erlebten wir die erste
272 676 379 735 ven¬
397 662 1614 728 Czenstochowa genannt, Kalisch, Kielce, Radom, Wlotslawsk
404 690 2866 776 Piotzkow und Lublin sind keine polnischen Dörfer, sondern große Ueberraschung, daß patriotische Stücke und Stücke mit kriegerischem
1652 741 2866 810 Inhalt und Milieu kein Publikum fanden. Weder „Wallensteins
407 762 1621 828 Industriezentren ersten Ranges Daß Polen trotz der enormen
1649 793 2869 855 Lager noch „Robert Guiscard“ und „Colberg" behagten den
272 793 376 876 hrend
410 804 1624 883 Industrie und seines Handels fast keine Verbindungswege hat,
1649 841 2873 907 Münchenern Lediglich nach guter, etwas komplizierter Literatur
266 862 372 924 chte
404 869 1076 938 schuldet es seiner eigenen Geschichte.
1642 883 2869 952 ohne Anspielung auf Zeitereignisse verlangt die Gegenwart. Die
510 873 1617 959 Dann erscheinen auf meinem Wege Dörfchen mit den nied
1649 928 2862 997 Münchener Kammerspiele haben zum Beispiel jetzt bei Strindberg
407 945 1624 1017 lichen Holzhäuschen der polnischen Landbevölkerung. Sie sind
1649 976 2869 1055 volle Häuser und bei uns im Hoftheater war Wedekinds „Der
286 986 1628 1069 traße meist niedergebrannt und alle envölkert. Und hier in diesem
407 1017 2783 1135 göttergleichen Lande, das weder in der Sprache noch in den Marquis von Keith" Zugstück im besten Sinne des Wortes.
1752 1055 2873 1142 Hauptstationen meines Schaffens als Künstler waren
404 1079 1628 1148 Sitten, weder in der Religion noch in der Tradition mit den
279 1069 379 1159 cher
1649 1124 2873 1179 Breslau, Berlin und München, aber eine Hauptstation meines
407 1131 1624 1200 Moskowiten identisch ist, wird Rußlands Schicksal ent¬
283 1148 383 1214 krieg
1649 1162 2873 1238 Lebens überhaupt war Wien; mit Wien verknüpfen mich ver¬
404 1190 1624 1273 schieden werden. Eine Rache der Vorsehung jahrhundertelangen
1642 1211 2880 1279 wandtschaftliche Bande, denn meine Frau ist eine Schwägerin
279 1242 383 1297 ner
407 1238 631 1314 Knechtschaft.
507 1255 2876 1338 Und neben der polnischen Bevölkerung des römisch-katholischen Artur Schnitzlers. In Wien war ich bis jetzt als Künstler
286 1290 386 1342 inten
283 1314 2890 1393 ch in Glaubens lebt eine jüdische Bevölkerung unter der gleichen rohen das heißt als gastierender Künstler zweimal, zuerst als Dr. Schin
414 1352 2887 1442 Geißel des russischen Bären. In Warschau allein gibt es mehr in Wedekin „Erdgeist, das zweitemal als Baumeister Solneß
1652 1407 2887 1493 von Josen, als Wozzek von Büchner, als Simson von Wedekind,
269 1407 1617 1480 ühmte als 300000 Juden, in Lodz 100.000, während die 31.000 Ein
1652 1438 2873 1517 als Paul Lange in „Paul Lange und Tora Parsberg
290 1455 1624 1548 Viele wohner von Plotzk ganz israelitisch sind, wie noch so viele Städt.
2328 1483 2897 1569 Neri in „Das Mahl
2190 1504 2273 1559 als
1652 1500 2124 1569 von Björnson und
262 1497 1045 1583 Nikita und Dörfer im weiten Polenlande
528 1535 2894 1624 Im Polenlande wird auch die barbarische, bestialische Wut der Spötter“ von San Benetti. Wiens Presse und Wiens
272 1573 390 1628 steiler
1662 1576 2890 1659 Publikum haben mich gelobt, gefeiert. Als Mensch aber komme
255 1604 1631 1680 bepackt der Russen, mit der sie Polen wie Juden behandelten, zer¬
293 1631 2894 1717 dann schmettert werden, und den gewaltigen, blutrünstigen, grausamen ich alle Jahre nach Wien, das mir als Maler in seiner Um¬
421 1680 2890 1766 Moloch zugrunde richten. Weiß man in den politischen Kreisen gebung immer neue, vorher nie gesehene Reize enthüllt. In
248 1707 386 1780 klettern
424 1728 2890 1817 Petersburgs nur zu gut, daß ein Sieg Deutschlands die Freiheit Artur Schnitzler achte und liebe ich einen Menschen von
245 1762 390 1835 he mi
424 1769 2894 1890 Polens und Finnlands aus einer rohen Gewalt der Mongolenhorde unbeschreiblicher Innerlichkeit. Als ich zum erstenmal in Wien
1662 1817 2897 1897 weilte, bin ich mit Artur Schnitzler ein paar Stunden durch den
241 1835 845 1924 inimierte nach sich ziehen würde
535 1859 2894 1980 Vor Stunden ist hier eine Kavalleriebrigade den germanischen Wienerwald gegangen und habe da von dem Dichter erfahren,
241 1907 386 1966 Sprach¬
1659 1924 2900 1990 daß er alle Ideen und Grundrisse seines schriftstellerischen
435 1938 1628 2011 Heerscharen entgegenmarschiert. Vor uns ein schrecklicher Lärn
224 1949 393 2018 enegrine
231 1966 2890 2069 sie mich ein Gemisch von Wagenrollen, Pferdegetrampel und Gesang. Wir Schaffens auf einsamen, langen Spaziergängen durch den Wiener¬
224 2035 2114 2107 Beratung befinden uns hinter einem neuen russischen Armeekorps. Und wald geistig verarbeitet.
1773 2028 2894 2131 Dieser Wienerwald ist ihm Inspiration, die Arbeit am
421 2083 1635 2152 plötzlich sehen wir tausende schwarze Bajonette aus einer unend
245 2100 400 2159 amerika
1666 2107 2897 2187 Schreibtisch ist nur Reflex der geistigen Meditationen im Wiener¬
417 2131 1631 2197 lichen langen dunklen Kolonne in den grauen Himmel hinein
424 2155 2897 2245 ragen. Alles ist grau hier, grau wie die Erde, grau wie der wald. Niemals habe ich einen vornehmeren, graderen und pracht¬
207 2159 397 2266 teten ein
255 2200 2897 2293 kommen Staub, grau wie der zähe Schlamm, während der wenigen Kriegs= volleren Menschen kennen gelernt, darin wird mir jeder bei¬
1669 2252 2900 2331 stimmen, der Artur Schnitzler auch nur einigermaßen kennt. Ich
221 2273 1642 2342 uns die monate haben die Russen viel von den Deutschen entlehnt und
1666 2300 2897 2376 glaube, daß dieser Krieg, wenigstens die Tatsache, daß all die
421 2321 1642 2414 nicht minder die graue Farbe. Die neue russische Uniform is
217 2331 376 2397 griner
1666 2345 2894 2424 Begleiterscheinungen noch in unserer Zeit möglich sind, drückend
207 2376 1028 2459 ten sollten das deutsche Feldgrau geworden
535 2393 2904 2476 Ein russisches Armeekorps ist eine undenkbare Flut tausender und lastend auf ihn einwirkt. Ich weiß, daß Artur
1673 2442 2897 2514 Schnitzler zwei Stücke noch vor Ausbruch
431 2466 1642 2531 Menschen, Pferde, Kanonen, Munitionswagen. An der Spitze eine
197 2456 407 2542 hinauf auf
190 2487 2894 2580 ! Unter jeden Regiments marschieren die bestgeschulten Soldaten, dahinter des Krieges vollendet hat, er will sie aber erst
428 2535 2894 2624 die schwachen, unzuverlässigen. Sie singen ihre schweren russischen nach dem Kriege gespielt haben Ich hatte oft Gelegenheit, seine
183 2569 407 2642 t und Gen¬
1669 2587 2900 2659 Stücke von ihm selbst vorgelesen zu hören, er liest mit einer bei
431 2604 1645 2673 Weisen. Jede Armee hat ja schließlich seine eigene Tradition
186 2621 407 2687 n. In der
428 2638 2524 2725 seine unveränderlichen Gewohnheiten: In Rußland, wenn die Autoren seltenen Aus- und Eindrucksfähigkeit
179 2676 404 2728 m und ein
1776 2652 2911 2752 Sie fragten mich voriin, mit welchen Bühnendichten mich
176 2700 1655 2780 ze Gebäude! Kolonne in Marsch ist, wird der Infanterie eine große Aus¬
431 2731 2921 2821 dehnung gestattet, die in anderen Ländern kaum angewandt persönliche Bekanntschaft verbindet. Da darf ich wohl die
169 2769 407 2828 ein Mensch
1669 2769 2900 2849 Namen Gerhart Hauptmann, Frank Wedekind, Heinrich Mann,
179 2814 676 2887 umgeht, um werden darf.
1673 2835 2904 2900 Max Halbe Adolf Paul, Fritz v. Unruh und in gewissem Sinne
545 2835 1645 2921 Kanonen, Kanonen, Munitionswagen, Fußtruppen, Gepäck
162 2852 410 2925 8 und weiter
162 2873 2907 2969 chmiegt, nur wagen in hunderten, in tausenden transportieren ihre Ladung an auch August Strindberg nennen. Strindberg deshalb, weil
435 2914 2897 3007 Patronen, Granaten, Jebensmitteln, Bagage und Furage an die ich bei diesem Dichter durch persönliches Erleben seine Wirkung
166 2952 407 3035 die die Wach
438 2983 2352 3062 Front hinaus. Das ist eine lange, schneckenartig dahinschleichende auf das Publikum empfunden habe.
1783 2994 2918 3094 Gerhart Hauptmann habe ich vor zwei Jahren in
141 3014 1649 3111 värts, da sich Lawine von ziehenden Pferden, marschierenden Truppen, tram
1673 3059 2911 3131 Berlin kennen gelernt, als ich seinen Michael Kramer im Kleinen
152 3097 1652 3169 se nicht weiter pelnden Reitern, rasselnden Artillerien, reitenden Offizieren, vor
1676 3114 2914 3190 Theater spielte. Der Dichter kam, als ich noch nicht abgeschminkt
435 3131 1649 3200 Prunkwagen der Generale und der Popen, rollenden Feldküchen
155 3152 410 3211 und Bajonett
148 3159 2921 3252 wollen zurück beweglichen Bäckereien und von Schiffen, die nur ein einziges war, zu mir in die Garderobe. Als ich kürzlich den Alba in
1997 3211 2918 3280 sah ich Hauptmann wieder und sagte
441 3221 1945 3311 Ziel kennen, loszustürmen gegen die Reichsadler der Germanen. Berlin gab,
138 3238 410 3314 Paß vorzeigen
2707 3259 2918 3331 sei, den
548 3266 2652 3338 Die große Menschenmenge vor mir ist dennoch nicht geeignet, ihm, daß es mein sehnlichster Wunsch
131 3290 414 3376 olken, die un¬
438 3307 2897 3397 nach Berlin, wenn auch auf Zickzackwegen, zu marschieren, den Kaiser Karl in seinem Werk „Kaiser Karls Geisel
131 3345 286 3411 rhüllen.
438 3352 2918 3442 mehr als einmal werden sie wohl genötigt sein, vor den unend darzustellen. Und Hauptmann erwiderte, daß ihm dies eine be¬
131 3373 407 3456 er den breit
1683 3397 2918 3469 sondere Freude bereiten würde. Ich werde das Stück meinem
186 3418 1649 3487 die auf den lichen grauen Menschenmauern der Germanen den Rückzug an
1680 3442 2918 3518 Chef, unserem Generalintendanten Freiherrn v. Frankenstein, vor¬
435 3473 1655 3566 zutreten. Das „nach Berlin gehen" hat unter den Russen auf
124 3466 407 3549 raf Sternberg
1686 3497 2907 3566 schlagen und hoffe, daß wir es noch in dieser Saison im
159 3538 1176 3607 jetzt mitsicht, gehört, das geflügelte Wort zu bleiben.
552 3545 2518 3645 Rußland führt in seinen Armeen nicht das Slawentum Münchener Hoftheater herausbringen werden.
1793 3563 2918 3659 Und Frank Wedekin? Was kann ich Ihnen da
135 3607 1652 3690 sagte man mir, gegen das Germanentum ins Feld, sondern es sind Völker ver
1683 3635 2911 3714 Neues sagen! Die einen, zu denen auch ich mich bekenne, lieben
131 3659 1655 3749 en in Cetinje schiedener Rassen, verschiedener Religionen. Neben den blonden
441 3690 2904 3783 blauangigen Weißrussen kämpfen die schmächtigen dunklen Klein= und achten ihn als echten, tiefen Dichter, der in seiner Weis¬
135 3725 407 3794 hotel „Negus
1686 3735 2911 3807 und Art der Welt ihr wahres Antlitz zeigt, die anderen ver¬
441 3756 1652 3828 russen, die langhaarigen Hyperboräerstämme Sibiriens, die katholi¬
141 3776 417 3842 ausfalle sitzen
1683 3776 2914 3863 dammen ihn in Grund und Boden. Ich habe bei Wedekind
445 3804 1652 3876 schen Polen, die protestantischen Letten Kurlands, die katho¬
135 3821 417 3897 s Kompagnon
159 3828 2918 3932 König sehen, lischen Lithauer, die Deutschrussen der Ostseeprovinzen, die unendlich dankbare Rollen gefunden, mein künstlerisch schönstes
1683 3876 2914 3980 und schauspielerisch stärkstes Erlebnis war meine Simson-Dar¬
138 3894 1655 3976 nalisten, sonst Kosaken vom Don die zahlreichen Juden, die muselmanische
210 3935 2018 4021 auf den sichten des Katalie, die Beichten von uns in Deckung selig in den
1793 3963 2918 4038 Für Heinrich Mann als Künstler wie als Menschen
141 3976 1669 4073 Dreimal, dann die buddhistischen Burjäten aus Transbaikalien, die lamaisischen
1683 4021 2918 4090 habe ich die denkbar größte Verehrung. Als ich einmal Arthur
135 4045 1655 4125 den blos die Mongolestämme der Kirgissen und Kalmücken aus Astrachan, de
159 4070 2918 4197 jetzt sein Ge¬ mohammedanischen Tataren aus der Krim und von der Wolga, Schnitzler von der Bahn abholte, da teilte mir Schnitzler mit,
424 4111 2918 4256 se de¬
