3392 4256
653 130 1128 202 Die klingende Schelle.
723 183 1448 241 Was Salten in diesem formvollendeten
647 234 1447 292 Werke gibt, ist etwas ganz Eigenartiges:
653 279 1447 327 die Tragödie zugleich mit der Parodie des
653 320 1447 367 Asthetizismus, seine kultivierteste Durch¬
650 368 1447 420 bildung und sein schwerster Zusammenbruch.
653 412 1447 457 Georg Erbacher ist der Held. Schon der
653 450 1447 503 Vorname, den die moderne Wiener Lite¬
644 498 1451 548 ratur besonders bevorzugt — man denke an
644 540 1451 602 Schnitzler. Beer=Hofmann — bezeichnet ihn,
644 582 1451 629 all seinen Neigungen, Stimmungen, Launen
647 625 1450 670 wird bis in die leisesten Regungen feinfühlend
650 667 1453 720 nachgegangen, gewöhnlich mit einem „Georg
644 711 1451 758 liebte“ ganz wie etwa in Andrians „Garten
647 756 1450 808 der Erkenntnis“. Diese Figur bedeutet die
650 799 1450 850 höchste Blüte der Wiener Kultur, die raffi¬
644 841 1447 890 nierteste Ausbildung des Lebensegoismus,
644 885 1451 932 den Luxus, Reichtum, Musik, schöne Frauen
644 931 1447 974 umgeben, während das wirkliche Dasein nur
647 974 1450 1017 von weitem, kaum vernehmlich hereinschallt.
641 1020 1450 1072 Was er, der Herr unermeßlichen Reichtums,
653 1057 1450 1117 sich geschaffen, ist das Symbol seines Wesens:
650 1105 1457 1150 ein Palmenhaus, dessen schwüle, beklemmende
653 1142 1453 1203 Luft die wundervollsten tropischen Pflanzen
656 1194 1456 1246 großzieht, der verwirklichte Traum einer
660 1228 1459 1288 Flucht aus der Brutalität des Wiener Klimas.
656 1277 1450 1323 Und gerade an dieser Stätte seiner Los¬
660 1319 1453 1381 lösung von jedem Zwange der Umgebung
660 1376 1457 1425 tritt ihm ein kleines, unbedeutendes Mädchen
656 1414 1449 1477 entgegen, mit der Forderung plattester, ge¬
689 1509 1494 1560 wöhnlichster Wirklichkeit: sie begehrt seine
695 1563 1490 1615 Hand, nachdem sie ihm ihre Liebe gegeben
686 1608 1490 1662 und Folgen zu erwarten sind, die ihr Vater,
692 1647 1481 1693 der alte Soldat, auch an ihm nicht unge¬
692 1691 1494 1741 ahndet lassen würde. Daß er diesem Drucke
692 1736 1494 1779 weicht, mag im ersten Augenblicke wohl
689 1772 1487 1823 überraschen, aber gerade aus Georgs Cha¬
689 1825 1491 1874 rakter, gewaltsamen Eingriffen aus dem Wege
695 1865 1491 1924 zu gehen und sich mit dem Leben abzufinden,
695 1913 1493 1966 wird es wohl verständlich, daß er einen Ver¬
688 1954 1496 1999 trag eingeht, der ihn auf keine Weise zu
692 1997 1494 2045 binden und an seinem Dasein nichts zu
695 2046 1409 2089 ändern scheint. Wohl zieht Maria in
691 2081 1496 2139 fürstliches Schloß, er aber führt seine Existenz
692 2132 1384 2182 weiter, als das „Genie des Lebens
1417 2133 1493 2180 wie
695 2179 1498 2229 bisher. Aber doch — er fühlt es bald, wie
695 2213 1498 2269 er mit diesem scheinbar bedeutungslosen
700 2263 1496 2314 Schritte sich gebeugt vor der Konvention der
692 2310 1487 2352 Tatsachen, wie er die Macht, die er bisher
695 2350 1498 2400 über die Menschen besessen, eingebüßt. Ein
698 2401 1497 2446 junges Mädchen, das als halbverstehendes
692 2445 1494 2485 Kind heiß in seinen Armen geruht, entgleitet
694 2488 1493 2535 ihm zu einer gesellschaftlich passenden Ehe,
698 2527 1487 2576 eine bedeutende Frau, die ein tiefes Ver¬
704 2569 1493 2618 ständnis für ihn offenbart, ist ihm zu spät
695 2616 1490 2666 begegnet, eine bezaubernde Tänzerin wird
701 2660 1493 2709 ihm nur ein ästhetischer Genuß, wo er auch
692 2706 1494 2749 hier sich nicht einem fremden Willen beugen
694 2755 1492 2800 lassen will. Aber immer zwingender drängt
704 2797 1498 2841 sich die Alltäglichkeit in seine Existenz: eines
698 2843 1498 2890 Tages muß er vor das Bett der jungen
698 2883 1498 2934 Mutter treten und ein quorrendes Wesen
692 2930 1496 2977 als seinen Sprößling sich entgegenhalten
692 2972 1501 3016 lassen. Er ergreift die Flucht nach dem
701 3010 1493 3064 Süden, ohne der Meldung von dem bedenk¬
695 3068 1498 3112 lichen Zustande seiner Gattin zu achten, er
698 3105 1498 3160 fährt übers Meer der Freiheit entgegen.
695 3151 1497 3192 Kaum ans Land gestiegen, kommt ihm die
695 3196 1498 3243 Nachricht vom Tode der Mutter wie des
695 3239 1510 3286 Kindes. Was ihn sofort zurücktreibt, ist ihm
695 3282 1497 3332 nicht recht klar, aber das Gefühl der Be¬
698 3326 1499 3388 freiung stellt sich ebensowenig rein in ihm
686 3370 1498 3424 ein, wie das der Trauer, erst in Neapel bringt
695 3420 1498 3473 ihm die schattenhafte Vision einer Frau
692 3460 1499 3512 mit einem Kinde an der Brust das Bild der
692 3504 1501 3569 Entschlafenen, das ihn nicht mehr verläßt,
701 3547 1498 3602 ihn auf das Schicksal anderer Menschen,
695 3600 1499 3644 dessen er bisher nicht geachtet, seinen Blick
701 3636 1498 3686 richten heißt. So kommt er nach Haus;
692 3679 1499 3736 ähnlich wie in der Ebner schönen Studie
698 3723 1498 3777 „Nach dem Tode sucht er Maria jetzt im
692 3767 1499 3826 verödeten Gemache, er findet nichts mehr
698 3811 1505 3863 als eine kleine Kinderschelle, die er zu sich
704 3856 1498 3913 steckt. Jetzt möchte er in wilder Selbstanklage
707 3895 1501 3955 Zuflucht bei den Menschen suchen: seine
692 3938 1496 3995 Mutter, die er immer beiseite geschoben,
704 3982 1504 4042 wendet sich mit stummer Entrüstung von
698 4044 1425 4089 ihm, er ist glücklich, wie ihm Maurer,
703 4080 1438 4134 junger Mann, dessen schwerfälliger Art
1334 4125 1411 4161 nach
948 4124 1058 4166 S
1092 4123 1285 4176 ge
709 4127 814 4175 der
1549 1508 2340 1564 ins Gesicht schlägt, seine stille Liebe zu
1552 1561 2054 1612 Maria plötzlich offenbarend.
1632 1598 2346 1656 In wilder Abrechnung mit sich selbst
1549 1646 2346 1695 vernichtet Georg sein Werk, den herrlichen
1546 1688 2346 1744 Ziergarten, freudig stellt er sich der Pistole
1546 1740 2346 1780 des Gegners und, wo ihm der ersehnte Tod
1546 1778 2339 1829 nicht wird, will er ihn selbst suchen. Aber
1546 1821 2339 1872 mit fester Hand hält Maurer ihn zurück:
1546 1867 2346 1924 wie er die Verwüstung des Palmenhauses
1549 1915 2342 1973 gesehen, ist ihm die seelische Umwandlung,
1549 1960 2340 2009 die in dem Virtuosen des Egoismus vor¬
1549 1998 2342 2053 gegangen, klar geworden, er lehrt ihm, daß
1549 2049 2340 2098 er nun den Weg zur Güte gefunden und
1546 2089 2337 2142 ihn weitergehen müsse, unter dem Klange
1541 2130 2342 2186 der kleinen Schelle, die er hören wird, so
1549 2178 1795 2234 lange er lebt.
1623 2202 2333 2270 Eine tiefe Ethik liegt in dem Buche,
1549 2263 2340 2312 es ist eine Erziehung zur Menschlichkeit. Es
1549 2308 2340 2361 ist durchzogen von edler Sentimentalität,
1546 2355 2339 2406 oder, besser gesagt, von Sehnsucht nach
1549 2398 2346 2444 Sentimentalität. An Schnitzler geschult, er¬
1546 2441 2346 2488 hebt sich die Sprache zu feinster Durchgliede¬
1549 2486 2349 2532 rung und berauschendsten Wohllaut. Kleine
1549 2529 2340 2581 Bedenken sollen schweigen, wie daß die
1552 2579 2343 2621 Wandlung Georgs durch die Erscheinung
1549 2619 2346 2666 in Neapel nicht völlig überzeugend zum
1549 2664 2349 2710 Ausdruck gebracht erscheint. Auch gegen
1546 2709 2349 2755 den Schluß dürfen sich wohl Zweifel geltend
1549 2755 2349 2801 machen. Man erwartet unbedingt Georgs
1555 2793 2349 2842 Tod und man möchte dem Verfasser das
1549 2833 2356 2888 Wort Wilhelm Meisters über den Hamlet
1555 2883 2349 2935 zurufen: Wie konnte ich ihn am Leben
1552 2928 2355 2975 lassen, wo ihn das ganze Stück zu Tode
1549 2969 2352 3020 drückt. Jedoch — auch seine Lösung hat
1555 3019 2355 3062 eine innere Berechtigung. Jedenfalls ist das
1555 3057 2349 3108 Werk Saltens eine der hervorragendsten
1555 3106 2349 3153 Leistungen auf dem Gebiete des Wiener
1895 3148 2331 3210 Alexander v. Weilen,
1555 3147 1729 3218 Romans
