3436 4320
1227 244 1654 339 box 41/6
372 255 1039 362 Miscellaneous
812 577 1209 648 Ausschnitt aus
903 638 1661 702 sterreichische Rundschau, on
808 669 959 734 vom
835 772 1325 843 Die klingende Schelle“.
914 826 1636 878 Was Salten in diesem formvollendeten
826 869 1633 933 Werke gibt, ist etwas ganz Eigenartiges:
838 922 1643 970 die Tragödie zugleich mit der Parodie des
835 962 1633 1010 Asthetizismus, seine kultivierteste Durch¬
832 1007 1634 1051 bildung und sein schwerster Zusammenbruch.
841 1051 1639 1093 Georg Erbacher ist der Held. Schon der
838 1092 1633 1148 Vorname, den die moderne Wiener Lite¬
832 1137 1636 1190 ratur besonders bevorzugt — man denke an
835 1180 1637 1251 Schnitzler. Beer=Hofmann — bezeichnet ihn,
832 1224 1637 1278 all seinen Neigungen, Stimmungen, Launen
832 1268 1634 1313 wird bis in die leisesten Regungen feinfühlend
835 1312 1633 1369 nachgegangen, gewöhnlich mit einem „Georg
832 1355 1639 1405 liebte“ ganz wie etwa in Andrians „Garten
838 1399 1636 1449 der Erkenntnis“. Diese Figur bedeutet die
841 1444 1639 1498 höchste Blüte der Wiener Kultur, die raffi¬
832 1482 1642 1535 nierteste Ausbildung des Lebenseegoismus,
832 1530 1642 1574 den Luxus, Reichtum, Musik, schöne Frauen
832 1571 1644 1631 umgeben, während das wirkliche Dasein nur
832 1616 1639 1665 von weitem, kaum vernehmlich hereinschallt.
832 1661 1643 1716 Was er, der Herr unermeßlichen Reichtums,
845 1715 1648 1757 sich geschaffen, ist das Symbol seines Wesens:
838 1751 1647 1796 ein Palmenhaus, dessen schwüle, beklemmende
848 1801 1645 1850 Luft die wundervollsten tropischen Pflanzen
851 1843 1651 1892 großzieht, der verwirklichte Traum einer
851 1879 1642 1931 Flucht aus der Brutalität des Wiener Klimas.
845 1925 1642 1990 Und gerade an dieser Stätte seiner Los¬
845 1973 1644 2019 lösung von jedem Zwange der Umgebung
851 2014 1644 2062 tritt ihm ein kleines, unbedeutendes Mädchen
854 2060 1635 2130 entgegen, mit der Forderung plattester, ge¬
889 2149 1684 2209 wöhnlichster Wirklichkeit: sie begehrt seine
889 2207 1672 2262 Hand, nachdem sie ihm ihre Liebe gegeben
880 2261 1681 2304 und Folgen zu erwarten sind, die ihr Vater,
883 2296 1672 2344 der alte Soldat, auch an ihm nicht unge¬
886 2338 1686 2387 ahndet lassen würde. Daß er diesem Drucke
892 2383 1681 2441 weicht, mag im ersten Augenblicke wohl
883 2423 1685 2472 überraschen, aber gerade aus Georgs Cha¬
889 2471 1686 2521 rakter, gewaltsamen Eingriffen aus dem Wege
886 2512 1678 2561 zu gehen und sich mit dem Leben abzufinden
885 2555 1686 2603 wird es wohl verständlich, daß er einen Ver¬
886 2603 1684 2646 trag eingeht, der ihn auf keine Weise zu
886 2641 1681 2697 binden und an seinem Dasein nichts zu
892 2690 1604 2732 ändern scheint. Wohl zieht Maria in
895 2732 1682 2787 fürstliches Schloß, er aber führt seine Existenz
886 2775 1686 2823 weiter, als das „Genie des Lebens wie
886 2820 1681 2872 bisher. Aber doch — er fühlt es bald, wie
895 2861 1687 2913 er mit diesem scheinbar bedeutungslosen
889 2909 1689 2957 Schritte sich gebeugt vor der Konvention der
892 2949 1681 2999 Tatsachen, wie er die Macht, die er bisher
886 2995 1687 3049 über die Menschen besessen, eingebüßt. Ein
898 3040 1686 3095 junges Mädchen, das als halbverstehendes
886 3084 1693 3127 Kind heiß in seinen Armen geruht, entgleitet
895 3127 1675 3183 ihm zu einer gesellschaftlich passenden Ehe
895 3172 1687 3219 eine bedeutende Frau, die ein tiefes Ver¬
895 3213 1678 3267 ständnis für ihn offenbart, ist ihm zu spä¬
895 3263 1682 3306 begegnet, eine bezaubernde Tänzerin wird
895 3306 1682 3355 ihm nur ein ästhetischer Genuß, wo er auch
892 3351 1684 3392 hier sich nicht einem fremden Willen beugen
895 3396 1687 3445 lassen will. Aber immer zwingender drängt
892 3438 1681 3490 sich die Alltäglichkeit in seine Existenz eines
892 3482 1686 3539 Tages muß er vor das Bett der jungen
898 3524 1693 3578 Mutter treten und ein quorrendes Wesen
892 3568 1695 3620 als seinen Sprößling sich entgegenhalten
895 3612 1698 3669 lassen. Er ergreift die Flucht nach dem
895 3664 1689 3705 Süden, ohne der Meldung von dem bedenk¬
892 3703 1695 3753 lichen Zustande seiner Gattin zu achten, er
898 3750 1698 3803 fährt übers Meer der Freiheit entgegen.
895 3790 1692 3837 Kaum ans Land gestiegen, kommt ihm die
892 3835 1695 3891 Nachricht vom Tode der Mutter wie des
895 3876 1698 3926 Kindes. Was ihn sofort zurücktreibt, ist ihm
898 3925 1692 3970 nicht recht klar, aber das Gefühl der Be¬
892 3968 1704 4024 freiung stellt sich ebensowenig rein in ihm
892 4014 1708 4068 ein, wie das der Trauer, erst in Neapel bringt
898 4059 1698 4107 ihm die schattenhafte Vision einer Frau
898 4099 1698 4150 mit einem Kinde an der Brust das Bild der
1738 2139 2535 2209 ins Gesicht schlägt, seine stille Liebe zu
1734 2208 2240 2251 Maria plötzlich offenbarend.
1818 2239 2528 2301 In wilder Abrechnung mit sich selbst
1738 2295 2529 2341 vernichtet Georg sein Werk, den herrlichen
1744 2333 2537 2389 Ziergarten, freudig stellt er sich der Pistole
1741 2379 2532 2429 des Gegners und, wo ihm der ersehnte Tod
1735 2421 2528 2469 nicht wird, will er ihn selbst suchen. Aber
1738 2467 2529 2518 mit fester Hand hält Maurer ihn zurück:
1738 2509 2531 2557 wie er die Verwüstung des Palmenhauses
1741 2555 2528 2604 gesehen, ist ihm die seelische Umwandlung,
1738 2598 2529 2646 die in dem Virtuosen des Egoismus vor¬
1744 2640 2542 2699 gegangen, klar geworden, er lehrt ihm, daß
1735 2688 2531 2740 er nun den Weg zur Güte gefunden und
1744 2731 2538 2777 ihn weitergehen müsse, unter dem Klange
1744 2772 2536 2826 der kleinen Schelle, die er hören wird, so
1735 2821 1989 2877 lange er lebt.
1818 2859 2528 2912 Eine tiefe Ethik liegt in dem Buche,
1735 2916 2536 2955 es ist eine Erziehung zur Menschlichkeit. Es
1738 2949 2535 3006 ist durchzogen von edler Sentimentalität,
1735 2999 2538 3044 oder, besser gesagt, von Sehnsucht nach
1744 3042 2538 3087 Sentimentalität. An Schnitzler geschult, er¬
1744 3080 2544 3139 hebt sich die Sprache zu feinster Durchgliede¬
1741 3124 2535 3173 rung und berauschendsten Wohllaut. Kleine
1744 3170 2538 3219 Bedenken sollen schweigen, wie daß die
1741 3216 2538 3264 Wandlung Georgs durch die Erscheinung
1744 3263 2538 3307 in Neapel nicht völlig überzeugend zum
1744 3300 2544 3348 Ausdruck gebracht erscheint. Auch gegen
1744 3351 2547 3401 den Schluß dürfen sich wohl Zweifel geltend
1744 3393 2542 3440 machen. Man erwartet unbedingt Georgs
1744 3438 2541 3485 Tod und man möchte dem Verfasser das
1741 3476 2544 3528 Wort Wilhelm Meisters über den Hamlet
1740 3519 2544 3576 zurufen: Wie konnte ich ihn am Leben
1744 3569 2542 3618 lassen, wo ihn das ganze Stück zu Tode
1740 3611 2550 3656 drückt. Jedoch — auch seine Lösung hat
1741 3663 2544 3712 eine innere Berechtigung. Jedenfalls ist das
1746 3704 2545 3748 Werk Saltens eine der hervorragendsten
1749 3747 2548 3794 Leistungen auf dem Gebiete des Wiener
2092 3780 2523 3855 Alexander v. Weilen,
1748 3794 1917 3862 Royal
1744 3861 2024 3916 ...
