3344 4320
1126 291 1571 404 box 41/6
274 311 965 411 Miscellaneous
1718 1581 2844 1653 all die Phrasen von Autonomie, Fortschritt, natürlich
548 1595 1684 1653 Monopol zu werden, im Theater= und Konzertleben sei der
1728 1622 2844 1694 guter Menschennatur, natürlicher Ethik, Freiheit, Recht auf Aus¬
127 1609 517 1732 zur Weih¬
558 1629 1687 1701 Jude tonangebend, auch die deutsche Literaturwissenschaft scheine
1722 1674 2851 1735 leben, zu Schanden gemacht. Seine Schauerschlachten, Ruinen
548 1687 1694 1749 in jüdische Hände überzugehen — nicht genug damit: Christen
1715 1715 2844 1780 und Blutmeere sind die Frucht all dieser Irrlehren. Der Welt¬
548 1722 1691 1787 und Deutsche sorgten und sorgen durch ihr werktätiges Inter¬
558 1756 2848 1831 esse für die Literatur der anderen und ihrer Freunde, krieg ist ein Appell zur Rückkehr zum Dekalog als zu den Natur¬
116 1742 527 1828 tur für die Welt des
1722 1811 2851 1869 gesetzen unseres Wesens, unserer Gesellschaft, unserer Staaten.
561 1807 1687 1876 für die Literatur der Schnitzler, Salten. Kisseren Hoffmanns¬
120 1817 527 1876 geliebtesten Weihnachts¬
1722 1848 2844 1920 Ist diese Einsicht möglich ohne Kampf gegen eine Literatur,
554 1858 1687 1917 thal, Meyrink, Wassermann, Viebig, Huch dafür, daß die
130 1869 527 1927 letzten Adventswochen
1722 1893 2851 1958 welche die neuen Erkenntnisse verhöhnt, das Kriegsleid nicht
561 1896 1680 1975 Worte Goldsteins immer wahrer werden; wahrer auch in bezug
120 1913 527 1978 llen Prediger wandern
1718 1930 2851 1999 wahrhaft nützlich werden läßt? Ist diese Einsicht möglich ohne
561 1951 1455 2006 auf Charakter und Verbreitung der Buchliteratur.
137 1954 520 2016 letzten Gebirgsdörfer
1718 1985 2848 2043 lebhafteste Unterstützung einer Literatur, die, alten
130 1999 524 2060 Schützengräben, in die
633 1978 1680 2064 Ist der Krieg mit seinen Offenbarungen und Mahnungen
1722 2033 2851 2084 christlichen Idealismus kündend und wahrhafte Vater¬
123 2043 517 2108 den Tauchbootes. E
554 2047 1687 2105 nicht ein dringender Appell zur Abkehr von solchen Methoden
1718 2067 2854 2129 landsliebe almend, mitgeholfen hat zu den Siegen unserer
127 2088 527 2142 er wären. Aber viel
565 2091 1684 2156 Für Christen und Oesterreicher nicht ein Appell zur Betätigung
1718 2115 2851 2170 Völker im Weltkrieg! Man sagt, es bestünde auf christlicher
144 2125 524 2187 Büchermarkt ist über¬
554 2132 1691 2194 von Christentum und Oesterreichertum auch bei der Wahl der
1718 2156 2848 2214 Seite keine Literatur, ebenbürtig der der Modernen. Der Ein¬
168 2173 530 2231 schlecht. Die schöne
561 2177 1691 2235 Weihnachtsgaben auf dem Büchermarkt. Bücher sind nicht etwas
1718 2197 2848 2262 wand ist falsch. Gibt es in Oesterreich bedeutendere Literatur
133 2218 530 2279 vorwiegend Literatur
565 2221 1691 2276 Belangloses; sie sind die stärksten Potenzen im neuzeitlichen
1728 2242 2854 2307 gestalten als Kralik, Handel=Mazzetti, als den Hermann Bahr
127 2262 527 2327 r Skepsis, der bloßen
561 2259 1680 2327 Kulturleben. Mächtig sind die Professoren und Priester; vie
1722 2286 2854 2348 der „Himmelfahrt und der Essays über Franz Josef Rudiger
171 2303 527 2362 des Glaubens an
561 2300 1687 2368 mächtiger die Journale und Bücher; denn wo jene zu Hunderten
1725 2334 2851 2392 Welche Literaten des neueren Oesterreich sind bezüglich Reichtum
161 2344 527 2413 lachenden Nymphen¬
561 2351 1694 2413 reden, reden diese zu Tausenden. Carlyle nennt die Schreiber
1722 2379 2851 2440 und Tiefe der Ideen, bezüglich Verankerung im Heimatboden
133 2385 527 2451 die Menschheit und
554 2392 1687 2451 von Büchern die einflußreichsten Menschen eines Landes, die
1722 2416 2858 2485 und Volksempfinden, bezüglich Frische und Echtheit der Empfin¬
133 2440 527 2498 kens, ist Literatur der
551 2433 1698 2498 wahren Bischöfe und Hierarchen unserer Zeit. Kralik betont ge¬
1722 2468 2858 2522 dung, bezüglich auch der Gestaltungskraft größer als Eichert,
130 2474 527 2546 ses Titanentre es, des
554 2481 1691 2543 legentlich in bezug auf die Geschichte, die Herrschaft der Kirche
1718 2502 2854 2574 Kernstock, Domanig, Trabert, Hlatky, Bruder Willram, Gangl,
133 2519 527 2574 sigen und Triumphen,
558 2522 1694 2587 im Mittelalter, ihre kulturelle Macht und Größe, verlaufe
1725 2546 2851 2632 Seeber, Schrot=Fiechtl, Wagen Kenner die Kunst der Pau¬
130 2570 527 2632 Literatur zur Unter¬
561 2563 1694 2628 parallel mit der literarischen Tätigkeit und dem besonderen
1728 2591 2848 2656 Keller, Heinrich Federer, Isabelle Kaiser, Marie Herbert
127 2601 524 2666 pikuriern. Diese Lie¬
561 2605 1698 2673 literarischen Interesse ihrer Glieder. Der Erfolg der Reformation
1732 2635 2858 2700 Peter Dörfler zu bezweifeln? Erlangten die Coloma,
123 2649 530 2707 ter des Kapitalismus,
565 2652 1691 2714 beruhe wesentlich auf einem literarischen Vorsprung der Re¬
1725 2683 2851 2741 Sienkiewicz, Sheehan nicht Weltruf? Sind für die weiterer
133 2697 527 2759 ganisation von Presse
561 2704 1698 2765 sormatorenkreise: „Nur den regen literarischen Interessen, dem
1732 2721 2858 2786 Gebiete der Philosophie und Geschichte nicht die Willmann,
161 2738 527 2800 von Kulturrücksichten
561 2741 1694 2800 vollen Bewußtsein von ihrer Wichtigkeit verdankt die Kirche des
1725 2776 2871 2834 Kralik, Pastor, Hertling, Mausbach, Schrörs, Faulhaber, Kepp¬
154 2786 527 2844 noch überhäufig und
561 2786 1694 2844 Mittelalters die beherrschende Stellung auf allen Gebieten. Durch
1728 2817 2858 2871 ler, Ehrhard, Meyenberg, Gisler auch bei ernsten Gegnern al=
127 2830 527 2889 bare Kriegserlebnisse
554 2830 1687 2889 die Literatur stand sie an der Spitze aller literarischen, kirchlichen
1725 2851 2861 2913 Autoren ersten Ranges anerkannt? Gewisse Kreise möchten
127 2865 527 2950 ser diese Literatur ge¬
565 2868 1694 2937 politischen, wissenschaftlichen Bewegungen des Zeitalters. Die¬
1732 2892 2861 2960 die Literatur, die auf christlichem Boden erwachsen, als Tendenz¬
561 2909 1691 2978 ändert sich um das Jahr 1500 herum. Da trat in mehrerer
1725 2943 2868 3005 kunst abrun. Als ob nicht auch die moderne Kunst, selbst die
561 2957 1691 3022 Ländern eine weltliche Literatur auf, die sich zuerst unabhängig
123 2954 530 3029 lich geworden, wären
1728 2984 2865 3049 des angeblichen l'art pour l'art Tendenzkunst wäre, als ob sich
558 3005 1694 3063 von der Kirche, dann sogleich im Gegensatz gegen sie entwickelte
127 3019 534 3077 sennern des Idealismus
1728 3022 2865 3091 die Literatur vom Religiösen und Moralischen scheiden ließe.
561 3049 1694 3104 Es ist die falsche humanistische und die falsche reformatorische
127 3060 524 3125 fürde. Sie sind Christer
1732 3070 2868 3132 Nichts ist inniger verbunden. Es gibt in einem Kunstwerk nur
565 3101 1698 3156 Bewegung. Es war die Schuld der Zeit, daß die Vertreter der
127 3104 534 3166 rauf dem Schlachtfeld,
1732 3114 2871 3186 so viel Schönheit, als Wahrheit und Güte. Höchste Kunst ist
561 3128 1694 3203 guten kirchlichen Tradition vielleicht nur einige Jahre damals ver¬
133 3149 530 3203 in Theater, nicht beim
1728 3156 2865 3224 undenkbar ohne höchste Wahrheit und Güte, Modeschwärzern
565 3176 1701 3248 paßten, daß sie die literarische Bewegung unterschätzten, daß sie
130 3197 530 3245 zur Weihnachtszeit jene
1732 3207 2868 3265 muß entgegengehalten werden, daß die monumentale Literatur
565 3221 1701 3286 erst dann eingriffen, als die gegnerische Literatur bereits einen kleinen
123 3238 530 3292 terlandsliebe entspricht
1732 3245 2875 3310 der letzten zwei Jahrtausende auf dem Boden der christlichen
568 3265 1701 3327 Vorsprung hatte. Aber dieser Vorsprung genügte, um die
133 3279 530 3344 ommis problematische
1732 3289 2878 3361 Weltanschauung erwuchs und daß es in der alten Welt nur so viel
565 3306 1684 3371 Kulturentwicklung dreier Jahrhunderte in die Irre zu lenken.
133 3323 530 3392 ter Scherl und Ullstein
1735 3334 2868 3402 ganz große Literatur gab, als es Inspiration durch die Urossen¬
565 3354 1701 3419 Unter diesen Umständen sollte nichts ernster genommen, nichts
144 3368 534 3426 Moritz Goldstein vor
1732 3378 2871 3446 barung und Vorahnen von Christi Offenbarung gab. Ist die
565 3392 1711 3460 vorsichtiger gehandhabt werden als die Auslese der Bücher.
157 3412 534 3464 im „Kunstwart“ ver¬
1739 3426 2885 3491 große Inspiration und Weltanschauung der Dante, Walter von
565 3440 1708 3501 Wir sind Verräter unserer Weltanschauung, wenn wir die Eigen¬
140 3453 530 3518 te den geistigen Besitz
1732 3467 2878 3525 der Vogelweide, Wolfram von Eschenbach, Calderon, Lope de
568 3488 1708 3546 literatur vernachlässigen, die Gegnerliteratur verbreiten
140 3498 530 3566 Macht der Juden in
130 3508 2882 3600 griff, geradezu jüdisches helfen. Der Weltkrieg hat die modernen Weltanschauungstheorien, Vega, Cervantes, Tasso, Camoes, Corneille, Racine, Shake¬
