<?xml version="1.0" encoding="UTF-8" standalone="yes"?>
<PcGts xmlns="http://schema.primaresearch.org/PAGE/gts/pagecontent/2013-07-15" xmlns:xsi="http://www.w3.org/2001/XMLSchema-instance" xsi:schemaLocation="http://schema.primaresearch.org/PAGE/gts/pagecontent/2013-07-15 http://schema.primaresearch.org/PAGE/gts/pagecontent/2013-07-15/pagecontent.xsd">
    <Metadata>
        <Creator>prov=READ-COOP:name=PyLaia@TranskribusPlatform:version=2.12.1:model_id=39995:lm=provided:date=28_03_2024_20:27</Creator>
        <Created>2019-10-07T20:36:26.443+02:00</Created>
        <LastChange>2024-03-28T20:27:58.962+01:00</LastChange>
        <TranskribusMetadata docId="224454" pageId="9577906" pageNr="12" tsid="156372751" status="IN_PROGRESS" userId="40391" imgUrl="https://files.transkribus.eu/Get?id=AFMUXRYEBEPQYPZBIWMDHPCY&amp;fileType=view" xmlUrl="https://files.transkribus.eu/Get?id=SFRKNIBQVKBEDKZIEWMTZVOW" imageId="6207924"/>
    </Metadata>
    <Page imageFilename="224454_0012.jpeg" imageWidth="3344" imageHeight="4320">
        <ReadingOrder>
            <OrderedGroup id="ro_1712662111597" caption="Regions reading order">
                <RegionRefIndexed index="0" regionRef="tr_1"/>
            </OrderedGroup>
        </ReadingOrder>
        <TextRegion orientation="0.0" id="tr_1" custom="readingOrder {index:0;}">
            <Coords points="298,129 298,4195 2764,4195 2764,129"/>
            <TextLine id="tr_1_tl_1" custom="readingOrder {index:0;}">
                <Coords points="384,169 1531,175 1504,107 384,114"/>
                <Baseline points="400,149 456,152 513,154 570,155 627,155 684,156 741,158 797,158 854,161 911,159 968,161 1025,164 1082,164 1139,164 1195,164 1252,167 1309,170 1366,170 1423,170 1480,170 1537,167"/>
                <TextEquiv>
                    <Unicode>geben.</Unicode>
                </TextEquiv>
            </TextLine>
            <TextLine id="tr_1_tl_2" custom="readingOrder {index:1;}">
                <Coords points="304,209 1544,230 1544,172 304,169"/>
                <Baseline points="322,194 383,198 445,202 506,203 568,201 629,203 691,203 752,207 814,205 875,205 937,205 998,208 1060,208 1121,211 1183,211 1244,213 1306,211 1367,214 1429,216 1490,214 1552,220"/>
                <TextEquiv>
                    <Unicode>werten Zweck haben ihr in den weitesten Kreisen der Wiener</Unicode>
                </TextEquiv>
            </TextLine>
            <TextLine id="tr_1_tl_3" custom="readingOrder {index:2;}">
                <Coords points="304,249 1476,288 1528,276 1525,227 301,206"/>
                <Baseline points="319,238 379,242 440,244 501,244 562,245 623,249 684,250 745,251 806,253 867,251 928,253 988,256 1049,256 1110,256 1171,259 1232,259 1293,259 1354,259 1415,262 1476,262 1537,262"/>
                <TextEquiv>
                    <Unicode>Gesellschaft Anerkennung und Sympathien erworben. Auch jetzt,</Unicode>
                </TextEquiv>
            </TextLine>
            <TextLine id="tr_1_tl_4" custom="readingOrder {index:3;}">
                <Coords points="298,298 1261,334 1522,328 1522,282 295,252"/>
                <Baseline points="316,289 376,290 437,290 498,292 559,293 619,295 680,298 741,298 802,301 862,301 923,303 984,304 1045,304 1105,304 1166,307 1227,307 1288,305 1348,304 1409,307 1470,309 1531,310"/>
                <TextEquiv>
                    <Unicode>in den schweren Kriegszeiten, zählt Gräfin Wydenbruck nicht zu</Unicode>
                </TextEquiv>
            </TextLine>
            <TextLine id="tr_1_tl_5" custom="readingOrder {index:4;}">
                <Coords points="304,347 1531,374 1531,322 1467,310 304,298"/>
                <Baseline points="322,337 382,337 443,337 504,343 565,341 626,341 687,343 748,344 809,346 870,346 931,348 991,349 1052,352 1113,352 1174,355 1235,351 1296,351 1357,355 1418,354 1479,355 1540,355"/>
                <TextEquiv>
                    <Unicode>jenen — glücklicherweise nicht allzu zahlreichen — Damen der</Unicode>
                </TextEquiv>
            </TextLine>
            <TextLine id="tr_1_tl_6" custom="readingOrder {index:5;}">
                <Coords points="298,396 1522,411 1522,365 298,350"/>
                <Baseline points="316,382 376,382 437,386 498,388 559,388 619,390 680,391 741,393 802,394 862,392 923,394 984,397 1045,400 1105,400 1166,400 1227,400 1288,400 1348,403 1409,401 1470,403 1531,400"/>
                <TextEquiv>
                    <Unicode>Gesellschaft, die sich von den dem Gemeinwohl gewidmeten Werken</Unicode>
                </TextEquiv>
            </TextLine>
            <TextLine id="tr_1_tl_7" custom="readingOrder {index:6;}">
                <Coords points="298,445 1516,466 1513,411 298,396"/>
                <Baseline points="316,429 376,432 436,434 496,435 557,435 617,437 677,438 738,438 798,438 858,441 919,442 979,442 1039,444 1099,447 1160,447 1220,447 1280,447 1341,447 1401,447 1461,449 1522,450"/>
                <TextEquiv>
                    <Unicode>abseits halten, sondern sie hat sich in schier aufopfernder Weise</Unicode>
                </TextEquiv>
            </TextLine>
            <TextLine id="tr_1_tl_8" custom="readingOrder {index:7;}">
                <Coords points="295,488 1519,509 1519,460 295,454"/>
                <Baseline points="310,477 370,479 431,479 492,480 553,481 613,483 674,483 735,486 796,486 856,488 917,489 978,489 1039,493 1099,495 1160,492 1221,495 1282,497 1342,495 1403,497 1464,497 1525,495"/>
                <TextEquiv>
                    <Unicode>einer weitgehenden Fürsorgetätigkeit gewidmet, die fast ihre ganze</Unicode>
                </TextEquiv>
            </TextLine>
            <TextLine id="tr_1_tl_9" custom="readingOrder {index:8;}">
                <Coords points="310,543 1519,552 1485,503 310,488"/>
                <Baseline points="328,525 388,526 448,526 508,528 568,529 628,531 688,534 748,533 808,533 868,537 928,538 988,538 1048,540 1108,539 1168,542 1228,540 1288,542 1348,542 1408,543 1468,543 1528,540"/>
                <TextEquiv>
                    <Unicode>Zeit in Anspruch nimmt. Sie zählt nicht nur zu den künst¬</Unicode>
                </TextEquiv>
            </TextLine>
            <TextLine id="tr_1_tl_10" custom="readingOrder {index:9;}">
                <Coords points="292,589 1482,608 1516,552 288,534"/>
                <Baseline points="307,570 367,573 428,575 489,576 550,579 611,581 672,582 733,582 794,582 855,586 916,588 976,588 1037,591 1098,591 1159,591 1220,593 1281,591 1342,591 1403,594 1464,594 1525,594"/>
                <TextEquiv>
                    <Unicode>lerisch Genießenden, sondern auch zu jenen, die auch soziale Arbeit</Unicode>
                </TextEquiv>
            </TextLine>
            <TextLine id="tr_1_tl_11" custom="readingOrder {index:10;}">
                <Coords points="1623,678 2725,675 2697,595 1623,601"/>
                <Baseline points="1639,662 1693,665 1748,665 1803,665 1858,665 1912,668 1967,668 2022,666 2077,667 2131,668 2186,665 2241,666 2296,668 2350,668 2405,665 2460,665 2515,665 2569,665 2624,665 2679,665 2734,665"/>
                <TextEquiv>
                    <Unicode>Die Gräfin hegt auch eine Reihe von Plänen für kleinere</Unicode>
                </TextEquiv>
            </TextLine>
            <TextLine id="tr_1_tl_12" custom="readingOrder {index:11;}">
                <Coords points="282,675 1494,675 1494,605 1452,598 282,592"/>
                <Baseline points="298,665 358,666 418,666 478,668 538,671 598,669 658,671 719,669 779,668 839,671 899,671 959,671 1019,672 1079,672 1140,671 1200,671 1260,669 1320,668 1380,667 1440,665 1501,662"/>
                <TextEquiv>
                    <Unicode>leisten und in diesem Sinne die höhere und edlere Kultur de¬</Unicode>
                </TextEquiv>
            </TextLine>
            <TextLine id="tr_1_tl_13" custom="readingOrder {index:12;}">
                <Coords points="1522,721 2731,727 2731,678 2593,666 1522,672"/>
                <Baseline points="1540,713 1599,713 1659,714 1719,714 1779,714 1839,713 1899,716 1958,714 2018,713 2078,714 2138,716 2198,716 2258,715 2318,715 2377,713 2437,714 2497,712 2557,713 2617,711 2677,713 2737,713"/>
                <TextEquiv>
                    <Unicode>und größere Veranstaltungen, durch die der Kunstfürsorge</Unicode>
                </TextEquiv>
            </TextLine>
            <TextLine id="tr_1_tl_14" custom="readingOrder {index:13;}">
                <Coords points="292,727 1494,724 1494,675 1436,672 292,678"/>
                <Baseline points="307,710 366,714 426,716 486,716 545,717 605,717 665,719 724,719 784,719 844,719 904,720 963,722 1023,722 1083,722 1142,720 1202,719 1262,719 1321,717 1381,716 1441,713 1501,713"/>
                <TextEquiv>
                    <Unicode>menschlichen Herzens erweisen. Ihre graziöse Erscheinung und</Unicode>
                </TextEquiv>
            </TextLine>
            <TextLine id="tr_1_tl_15" custom="readingOrder {index:14;}">
                <Coords points="1513,770 2544,792 2725,770 2728,730 1516,715"/>
                <Baseline points="1531,761 1591,761 1651,761 1711,761 1771,764 1831,764 1891,762 1952,764 2012,764 2072,764 2132,764 2192,761 2252,764 2312,764 2373,764 2433,761 2493,759 2553,761 2613,761 2673,759 2734,758"/>
                <TextEquiv>
                    <Unicode>neue Mittel zufließen sollen und sie verweist auf die Ehren¬</Unicode>
                </TextEquiv>
            </TextLine>
            <TextLine id="tr_1_tl_16" custom="readingOrder {index:15;}">
                <Coords points="295,773 1488,773 1488,724 1430,718 295,727"/>
                <Baseline points="310,761 369,761 428,762 487,764 547,764 606,767 665,765 724,767 784,767 843,767 902,765 961,767 1021,767 1080,767 1139,767 1198,767 1258,767 1317,764 1376,764 1435,762 1495,758"/>
                <TextEquiv>
                    <Unicode>ihr Wesen umgibt gleichwohl eine Atmosphäre von Ver¬</Unicode>
                </TextEquiv>
            </TextLine>
            <TextLine id="tr_1_tl_17" custom="readingOrder {index:16;}">
                <Coords points="295,822 2722,819 2722,770 2602,764 295,773"/>
                <Baseline points="310,809 431,812 552,812 673,815 794,815 915,812 1036,815 1157,814 1278,812 1399,812 1520,808 1641,809 1762,812 1883,809 2004,812 2125,812 2246,812 2367,812 2488,808 2609,808 2731,806"/>
                <TextEquiv>
                    <Unicode>feinerung und ausgeprägtem Schönheitssinn, die auch aus präsidentin Fürstin von Metternich=Sandor, die es stets ver¬</Unicode>
                </TextEquiv>
            </TextLine>
            <TextLine id="tr_1_tl_18" custom="readingOrder {index:17;}">
                <Coords points="295,868 2725,878 2725,822 2651,807 295,822"/>
                <Baseline points="310,856 431,859 552,859 673,859 794,862 916,860 1037,862 1158,862 1279,859 1400,859 1522,856 1643,858 1764,859 1885,859 2006,857 2128,861 2249,859 2370,859 2491,857 2612,859 2734,859"/>
                <TextEquiv>
                    <Unicode>ihrem eleganten Heim in der Gußhausstraße dem Besucher standen habe, irgendeiwas Neues. Zugkräftiges ausfinden zu machen,</Unicode>
                </TextEquiv>
            </TextLine>
            <TextLine id="tr_1_tl_19" custom="readingOrder {index:18;}">
                <Coords points="295,918 2731,921 2713,868 295,868"/>
                <Baseline points="310,907 431,904 552,904 674,908 795,907 916,910 1038,907 1159,909 1280,907 1402,906 1523,901 1644,904 1766,907 1887,907 2008,909 2130,910 2251,907 2372,905 2494,907 2615,907 2737,907"/>
                <TextEquiv>
                    <Unicode>sofort ins Bewußtsein wird Mit Kennerblick ausgewählte um den von ihr geförderten Zwecken reichliche Mittel zufließen</Unicode>
                </TextEquiv>
            </TextLine>
            <TextLine id="tr_1_tl_20" custom="readingOrder {index:19;}">
                <Coords points="295,970 2731,961 2707,911 2406,905 295,918"/>
                <Baseline points="310,949 431,954 552,955 674,955 795,957 916,955 1038,956 1159,955 1280,955 1402,952 1523,954 1644,955 1766,952 1887,955 2008,957 2130,958 2251,955 2372,955 2494,953 2615,953 2737,952"/>
                <TextEquiv>
                    <Unicode>Gemälde älterer und neuer Meister schmücken die Wände und zu lassen. Bei dieser Gelegenheit erwähnt die Gräfin</Unicode>
                </TextEquiv>
            </TextLine>
            <TextLine id="tr_1_tl_21" custom="readingOrder {index:20;}">
                <Coords points="288,1010 2728,1016 2728,961 2581,951 288,964"/>
                <Baseline points="304,997 425,1002 547,1003 668,1003 790,1000 912,1005 1033,1004 1155,1006 1277,1003 1398,1001 1520,1000 1642,1000 1763,1003 1885,1003 2007,1003 2128,1006 2250,1006 2372,1003 2493,1002 2615,1003 2737,1003"/>
                <TextEquiv>
                    <Unicode>man sieht, daß vornehmlich ein feiner Farbensinn und Vorliebe auch der deutschen Meisterabende, deren künstlerischer Ernst sich</Unicode>
                </TextEquiv>
            </TextLine>
            <TextLine id="tr_1_tl_22" custom="readingOrder {index:21;}">
                <Coords points="295,1065 2731,1065 2731,1019 2661,1000 295,1010"/>
                <Baseline points="310,1044 431,1049 553,1050 674,1050 796,1050 917,1051 1039,1053 1160,1050 1282,1050 1403,1049 1525,1045 1646,1047 1768,1050 1889,1050 2011,1051 2132,1053 2254,1050 2375,1050 2497,1049 2618,1047 2740,1047"/>
                <TextEquiv>
                    <Unicode>für Zartes. Enervierendes die Richtlinien für die Auswahl der dem Wesen der Zeit durchaus anpassen und deren dritter</Unicode>
                </TextEquiv>
            </TextLine>
            <TextLine id="tr_1_tl_23" custom="readingOrder {index:22;}">
                <Coords points="1516,1111 2731,1111 2731,1065 2519,1046 1516,1056"/>
                <Baseline points="1534,1095 1594,1096 1654,1098 1714,1098 1775,1100 1835,1098 1895,1098 1956,1099 2016,1099 2076,1098 2137,1099 2197,1099 2257,1098 2317,1098 2378,1098 2438,1097 2498,1097 2559,1095 2619,1095 2679,1095 2740,1095"/>
                <TextEquiv>
                    <Unicode>voraussichtlich eine musikalische Sensation bedeuten dürfte, denn</Unicode>
                </TextEquiv>
            </TextLine>
            <TextLine id="tr_1_tl_24" custom="readingOrder {index:23;}">
                <Coords points="292,1126 531,1099 1056,1117 1056,1065 1031,1062 292,1068"/>
                <Baseline points="307,1104 344,1098 382,1098 419,1096 457,1097 495,1097 532,1096 570,1098 607,1098 645,1098 683,1098 720,1098 758,1098 795,1098 833,1098 871,1098 908,1098 946,1099 983,1101 1021,1101 1059,1101"/>
                <TextEquiv>
                    <Unicode>gesammelten Kunstwerke abgegeben haben.</Unicode>
                </TextEquiv>
            </TextLine>
            <TextLine id="tr_1_tl_25" custom="readingOrder {index:24;}">
                <Coords points="405,1166 2734,1151 2734,1111 2624,1099 405,1114"/>
                <Baseline points="423,1146 538,1146 654,1146 770,1147 886,1146 1002,1146 1118,1149 1233,1146 1349,1146 1465,1144 1581,1146 1697,1147 1813,1147 1929,1146 2044,1148 2160,1149 2276,1149 2392,1146 2508,1146 2624,1143 2740,1143"/>
                <TextEquiv>
                    <Unicode>Seit Kriegsbeginn hat Gräfin Wydenbruck freilich nur er bringt zum erstenmal Kläre Dux nach Wien, eine Sängerin</Unicode>
                </TextEquiv>
            </TextLine>
            <TextLine id="tr_1_tl_26" custom="readingOrder {index:25;}">
                <Coords points="1522,1203 2731,1203 2731,1151 1522,1154"/>
                <Baseline points="1540,1191 1599,1194 1659,1194 1719,1194 1779,1194 1839,1194 1899,1194 1958,1194 2018,1194 2078,1194 2138,1194 2198,1196 2258,1194 2318,1194 2377,1194 2437,1194 2497,1191 2557,1193 2617,1194 2677,1191 2737,1191"/>
                <TextEquiv>
                    <Unicode>von höchsten künstlerischen Qualitäten, die Richard Strauß be¬</Unicode>
                </TextEquiv>
            </TextLine>
            <TextLine id="tr_1_tl_27" custom="readingOrder {index:26;}">
                <Coords points="292,1203 1501,1200 1501,1154 292,1154"/>
                <Baseline points="307,1191 366,1191 426,1191 486,1194 546,1194 606,1194 666,1197 725,1197 785,1197 845,1194 905,1197 965,1197 1025,1197 1085,1197 1144,1195 1204,1197 1264,1196 1324,1194 1384,1194 1444,1193 1504,1194"/>
                <TextEquiv>
                    <Unicode>wenig Zeit in ihrem schönen Heim zu weilen. Fast den ganzen</Unicode>
                </TextEquiv>
            </TextLine>
            <TextLine id="tr_1_tl_28" custom="readingOrder {index:27;}">
                <Coords points="292,1249 2731,1252 2710,1197 292,1203"/>
                <Baseline points="307,1238 428,1241 550,1240 671,1241 793,1241 915,1242 1036,1244 1158,1244 1280,1241 1401,1240 1523,1239 1645,1239 1766,1242 1888,1244 2010,1243 2131,1244 2253,1241 2375,1243 2496,1241 2618,1241 2740,1241"/>
                <TextEquiv>
                    <Unicode>Tag verbringt sie in der von ihr geleiteten Nähstube im Palais seiner letzten Anwesenheit in Wien als die beste Mozartsängerin</Unicode>
                </TextEquiv>
            </TextLine>
            <TextLine id="tr_1_tl_29" custom="readingOrder {index:28;}">
                <Coords points="292,1298 2145,1301 2145,1261 2062,1246 292,1249"/>
                <Baseline points="307,1286 399,1283 491,1289 583,1289 675,1289 767,1289 859,1291 951,1290 1043,1292 1135,1292 1228,1292 1320,1289 1412,1289 1504,1286 1596,1289 1688,1289 1780,1291 1872,1291 1964,1292 2056,1289 2149,1289"/>
                <TextEquiv>
                    <Unicode>des Militärkasinos auf dem Schwarzenbergplatz. Ich hatte bezeichnete, die er je gehört habe.</Unicode>
                </TextEquiv>
            </TextLine>
            <TextLine id="tr_1_tl_30" custom="readingOrder {index:29;}">
                <Coords points="1630,1347 2734,1344 2734,1292 2639,1286 1630,1301"/>
                <Baseline points="1647,1337 1701,1334 1756,1337 1811,1337 1866,1337 1921,1339 1975,1337 2030,1337 2085,1338 2140,1340 2195,1338 2249,1337 2304,1338 2359,1339 2414,1337 2469,1337 2523,1337 2578,1337 2633,1335 2688,1334 2743,1334"/>
                <TextEquiv>
                    <Unicode>Das Gespräch führt bei dieser Gelegenheit auch auf die</Unicode>
                </TextEquiv>
            </TextLine>
            <TextLine id="tr_1_tl_31" custom="readingOrder {index:30;}">
                <Coords points="292,1347 1501,1341 1501,1295 292,1298"/>
                <Baseline points="307,1331 367,1334 427,1336 487,1334 547,1337 607,1337 667,1337 727,1339 787,1337 847,1337 907,1339 967,1339 1027,1340 1087,1340 1147,1340 1207,1340 1267,1340 1327,1340 1387,1337 1447,1336 1507,1337"/>
                <TextEquiv>
                    <Unicode>wiederholt Gelegenheit, ihr dort einen Besuch abzustatten und</Unicode>
                </TextEquiv>
            </TextLine>
            <TextLine id="tr_1_tl_32" custom="readingOrder {index:31;}">
                <Coords points="295,1402 2734,1396 2734,1341 295,1344"/>
                <Baseline points="313,1385 434,1382 556,1383 677,1388 799,1385 920,1387 1042,1388 1163,1388 1285,1388 1406,1387 1528,1383 1649,1385 1771,1386 1892,1385 2014,1385 2135,1386 2257,1385 2378,1388 2500,1383 2621,1385 2743,1379"/>
                <TextEquiv>
                    <Unicode>stets fand ich sie, angetan mit der obligaten Nähschürze, eifrigst künstlerischen Erinnerungen der Gräfin und sie bezeichnet mir als</Unicode>
                </TextEquiv>
            </TextLine>
            <TextLine id="tr_1_tl_33" custom="readingOrder {index:32;}">
                <Coords points="288,1445 2734,1439 2716,1393 288,1399"/>
                <Baseline points="304,1427 432,1430 560,1433 689,1433 817,1434 945,1436 1074,1436 1202,1436 1330,1433 1459,1431 1587,1433 1716,1436 1844,1433 1972,1436 2101,1434 2229,1436 2357,1433 2486,1433 2614,1430 2743,1427"/>
                <TextEquiv>
                    <Unicode>mit dem Abzählen von Leinwandstücken oder mit irgendeiner die tiefste und nachhaltigste ihre persönlichen Beziehungen zu</Unicode>
                </TextEquiv>
            </TextLine>
            <TextLine id="tr_1_tl_34" custom="readingOrder {index:33;}">
                <Coords points="295,1498 2734,1485 2734,1439 2673,1436 295,1442"/>
                <Baseline points="310,1477 431,1477 553,1480 674,1477 796,1483 918,1483 1039,1483 1161,1483 1283,1482 1404,1482 1526,1478 1648,1482 1769,1483 1891,1483 2013,1483 2134,1480 2256,1483 2378,1483 2499,1480 2621,1477 2743,1474"/>
                <TextEquiv>
                    <Unicode>Handarbeit beschäftigt. Denn sie ordnet nicht nur alles an leitet Mahler, von dessen Persönlichkeit sie den allerstärksten Eindruck</Unicode>
                </TextEquiv>
            </TextLine>
            <TextLine id="tr_1_tl_35" custom="readingOrder {index:34;}">
                <Coords points="292,1537 2734,1534 2734,1491 2575,1482 292,1494"/>
                <Baseline points="307,1528 428,1527 550,1528 672,1531 794,1528 916,1531 1037,1531 1159,1531 1281,1528 1403,1531 1525,1528 1646,1530 1768,1529 1890,1531 2012,1531 2134,1531 2255,1531 2377,1531 2499,1531 2621,1525 2743,1525"/>
                <TextEquiv>
                    <Unicode>alles mit zielbewußtem Sinn in die richtigen Wege, sie erhalten habe. „Er war, bemerkte die Gräfin, „nicht nur als</Unicode>
                </TextEquiv>
            </TextLine>
            <TextLine id="tr_1_tl_36" custom="readingOrder {index:35;}">
                <Coords points="1525,1583 2734,1583 2734,1537 1525,1534"/>
                <Baseline points="1543,1576 1602,1576 1662,1579 1722,1579 1782,1579 1842,1579 1902,1576 1961,1578 2021,1579 2081,1576 2141,1578 2201,1579 2261,1579 2321,1579 2380,1576 2440,1576 2500,1574 2560,1573 2620,1573 2680,1573 2740,1573"/>
                <TextEquiv>
                    <Unicode>Künstler, sondern auch als Mensch einer der wenigen ganz</Unicode>
                </TextEquiv>
            </TextLine>
            <TextLine id="tr_1_tl_37" custom="readingOrder {index:36;}">
                <Coords points="295,1593 1504,1587 1504,1541 1442,1528 1390,1559 295,1537"/>
                <Baseline points="310,1576 369,1574 429,1576 489,1575 549,1575 609,1576 669,1579 728,1579 788,1579 848,1579 908,1579 968,1579 1028,1579 1088,1579 1147,1582 1207,1579 1267,1577 1327,1579 1387,1578 1447,1576 1507,1573"/>
                <TextEquiv>
                    <Unicode>greift auch selbst wacker zu und arbeitet, umgeben von einem</Unicode>
                </TextEquiv>
            </TextLine>
            <TextLine id="tr_1_tl_38" custom="readingOrder {index:37;}">
                <Coords points="1525,1636 2483,1645 2737,1633 2740,1587 1528,1580"/>
                <Baseline points="1543,1624 1603,1625 1663,1627 1723,1627 1783,1624 1843,1626 1903,1627 1964,1627 2024,1624 2084,1624 2144,1624 2204,1627 2264,1626 2324,1626 2385,1621 2445,1623 2505,1621 2565,1624 2625,1622 2685,1620 2746,1618"/>
                <TextEquiv>
                    <Unicode>Großen. Ich betrachte es als ein Glück, daß ich dem Manne</Unicode>
                </TextEquiv>
            </TextLine>
            <TextLine id="tr_1_tl_39" custom="readingOrder {index:38;}">
                <Coords points="288,1630 509,1666 1498,1636 1498,1587 1396,1574 288,1590"/>
                <Baseline points="304,1618 364,1621 424,1621 484,1621 544,1624 604,1624 664,1627 724,1628 784,1628 844,1627 904,1628 964,1630 1024,1630 1084,1630 1144,1630 1204,1630 1264,1629 1324,1627 1384,1627 1444,1626 1504,1621"/>
                <TextEquiv>
                    <Unicode>Stab hilfsbereiter Damen, an Liebesgaben für unsere Soldater</Unicode>
                </TextEquiv>
            </TextLine>
            <TextLine id="tr_1_tl_40" custom="readingOrder {index:39;}">
                <Coords points="292,1694 310,1691 328,1709 341,1703 362,1709 430,1679 473,1682 473,1636 374,1633 356,1642 288,1630"/>
                <Baseline points="307,1668 335,1666 364,1665 393,1665 422,1667 451,1670 480,1674"/>
                <TextEquiv>
                    <Unicode>im Felde</Unicode>
                </TextEquiv>
            </TextLine>
            <TextLine id="tr_1_tl_41" custom="readingOrder {index:40;}">
                <Coords points="1516,1679 2731,1685 2713,1630 1516,1639"/>
                <Baseline points="1534,1668 1594,1671 1654,1671 1714,1671 1775,1671 1835,1671 1895,1674 1956,1673 2016,1671 2076,1673 2137,1673 2197,1671 2257,1672 2317,1672 2378,1674 2438,1668 2498,1670 2559,1665 2619,1668 2679,1668 2740,1665"/>
                <TextEquiv>
                    <Unicode>näher gestanden habe als viele andere, und daß es mir vergönnt</Unicode>
                </TextEquiv>
            </TextLine>
            <TextLine id="tr_1_tl_42" custom="readingOrder {index:41;}">
                <Coords points="408,1731 2737,1725 2737,1682 2575,1666 2256,1700 1519,1700 1393,1660 408,1682"/>
                <Baseline points="426,1719 542,1722 658,1722 774,1720 890,1722 1006,1725 1122,1722 1238,1719 1354,1721 1470,1719 1586,1719 1702,1717 1818,1717 1934,1719 2050,1719 2166,1719 2282,1719 2398,1719 2514,1717 2630,1718 2746,1713"/>
                <TextEquiv>
                    <Unicode>Sie erzählt mir von der wohltätigen Aktion der Nähstube, war, in die Tiefe seines Wesens einzudringen, das leider</Unicode>
                </TextEquiv>
            </TextLine>
            <TextLine id="tr_1_tl_43" custom="readingOrder {index:42;}">
                <Coords points="1522,1774 2734,1777 2734,1725 2633,1718 1522,1725"/>
                <Baseline points="1540,1764 1600,1766 1660,1764 1720,1764 1780,1765 1840,1767 1900,1767 1961,1767 2021,1767 2081,1766 2141,1766 2201,1767 2261,1767 2321,1767 2382,1764 2442,1763 2502,1761 2562,1761 2622,1761 2682,1761 2743,1758"/>
                <TextEquiv>
                    <Unicode>so vielen verschlossen blieb, und das zu seinen Lebzeiten oft</Unicode>
                </TextEquiv>
            </TextLine>
            <TextLine id="tr_1_tl_44" custom="readingOrder {index:43;}">
                <Coords points="292,1777 1491,1780 1491,1731 1332,1718 292,1722"/>
                <Baseline points="307,1764 366,1764 426,1766 485,1764 545,1767 604,1765 664,1770 723,1770 783,1770 842,1767 902,1771 962,1773 1021,1770 1081,1771 1140,1771 1200,1770 1259,1768 1319,1770 1378,1767 1438,1767 1498,1764"/>
                <TextEquiv>
                    <Unicode>die unter dem Protektorate der Erzherzogin Marie Valerie steht</Unicode>
                </TextEquiv>
            </TextLine>
            <TextLine id="tr_1_tl_45" custom="readingOrder {index:44;}">
                <Coords points="292,1826 832,1817 914,1854 954,1820 2728,1817 2694,1768 292,1780"/>
                <Baseline points="307,1809 428,1812 549,1813 671,1815 792,1816 913,1820 1035,1818 1156,1818 1277,1816 1399,1814 1520,1814 1641,1811 1763,1812 1884,1812 2005,1815 2127,1813 2248,1812 2369,1815 2491,1812 2612,1812 2734,1806"/>
                <TextEquiv>
                    <Unicode>und in der durch der Krieg brotlos gewordene Frauen so arg verkannt wurde. Aber schon jetzt, wenige Jahre</Unicode>
                </TextEquiv>
            </TextLine>
            <TextLine id="tr_1_tl_46" custom="readingOrder {index:45;}">
                <Coords points="1525,1869 2734,1866 2716,1814 1525,1820"/>
                <Baseline points="1543,1859 1602,1859 1662,1859 1722,1859 1782,1857 1842,1861 1902,1862 1961,1862 2021,1860 2081,1859 2141,1859 2201,1859 2261,1862 2321,1861 2380,1857 2440,1859 2500,1856 2560,1856 2620,1856 2680,1856 2740,1859"/>
                <TextEquiv>
                    <Unicode>nach seinem Tode, beginnen sich die Wolken, die Unverständnis,</Unicode>
                </TextEquiv>
            </TextLine>
            <TextLine id="tr_1_tl_47" custom="readingOrder {index:46;}">
                <Coords points="288,1869 1501,1869 1501,1820 288,1829"/>
                <Baseline points="304,1856 364,1859 424,1859 484,1859 544,1860 604,1862 664,1862 725,1862 785,1864 845,1865 905,1864 965,1862 1025,1862 1085,1865 1146,1865 1206,1865 1266,1863 1326,1863 1386,1859 1446,1859 1507,1859"/>
                <TextEquiv>
                    <Unicode>und Mädchen Arbeit finden. Die Leitung der Nähtud</Unicode>
                </TextEquiv>
            </TextLine>
            <TextLine id="tr_1_tl_48" custom="readingOrder {index:47;}">
                <Coords points="282,1921 2728,1918 2694,1863 282,1866"/>
                <Baseline points="298,1904 426,1907 554,1908 683,1910 811,1913 939,1910 1068,1911 1196,1913 1324,1910 1453,1907 1581,1907 1710,1904 1838,1907 1966,1909 2095,1907 2223,1908 2351,1907 2480,1904 2608,1904 2737,1901"/>
                <TextEquiv>
                    <Unicode>vermittelt die Uebernahme der Arbeiten, die im Säumen vielleicht auch Neid und Mißgunst um seine künstlerische und</Unicode>
                </TextEquiv>
            </TextLine>
            <TextLine id="tr_1_tl_49" custom="readingOrder {index:48;}">
                <Coords points="282,1958 2737,1973 2737,1915 282,1924"/>
                <Baseline points="298,1952 420,1956 542,1955 665,1958 787,1958 910,1960 1032,1958 1154,1961 1277,1958 1399,1955 1522,1954 1644,1953 1766,1955 1889,1955 2011,1955 2134,1955 2256,1958 2378,1956 2501,1955 2623,1955 2746,1952"/>
                <TextEquiv>
                    <Unicode>und Nähen bestehen und für welche den Arbeiterinnen nicht nur menschliche Erscheinung gewoben haben, zu klären und immer</Unicode>
                </TextEquiv>
            </TextLine>
            <TextLine id="tr_1_tl_50" custom="readingOrder {index:49;}">
                <Coords points="1522,2032 1731,2004 1755,2025 2335,2016 2335,1970 2173,1958 1522,1970"/>
                <Baseline points="1540,2003 1580,2003 1620,2003 1660,2001 1700,2002 1740,2001 1780,2000 1821,2001 1861,2003 1901,2003 1941,2003 1981,2003 2021,2003 2061,2003 2102,2003 2142,2003 2182,2003 2222,2003 2262,2003 2302,2003 2343,2000"/>
                <TextEquiv>
                    <Unicode>reiner und größer tritt seine Gestalt hervor.</Unicode>
                </TextEquiv>
            </TextLine>
            <TextLine id="tr_1_tl_51" custom="readingOrder {index:50;}">
                <Coords points="295,2022 1494,2044 1494,1964 1439,1958 295,1967"/>
                <Baseline points="310,2000 369,2001 429,2003 488,2006 548,2005 607,2005 667,2006 726,2006 786,2008 845,2009 905,2009 965,2007 1024,2009 1084,2007 1143,2009 1203,2009 1262,2009 1322,2009 1381,2006 1441,2006 1501,2003"/>
                <TextEquiv>
                    <Unicode>ein Stücklohn ausbezahlt, sondern auf dem Wege von Speise</Unicode>
                </TextEquiv>
            </TextLine>
            <TextLine id="tr_1_tl_52" custom="readingOrder {index:51;}">
                <Coords points="1639,2059 2740,2056 2740,1982 2707,1976 2277,2022 1639,2004"/>
                <Baseline points="1656,2051 1710,2051 1765,2051 1819,2051 1874,2051 1928,2051 1983,2048 2037,2051 2092,2051 2146,2051 2201,2051 2255,2051 2310,2051 2364,2051 2419,2049 2473,2051 2528,2048 2582,2048 2637,2048 2691,2046 2746,2048"/>
                <TextEquiv>
                    <Unicode>Auch zur zeitgenössischen Literatur steht die Gräfin in enger</Unicode>
                </TextEquiv>
            </TextLine>
            <TextLine id="tr_1_tl_53" custom="readingOrder {index:52;}">
                <Coords points="292,2078 841,2078 841,2010 743,2028 565,2010 528,2025 365,2007 292,2019"/>
                <Baseline points="307,2051 334,2051 361,2052 388,2053 415,2054 442,2054 469,2054 496,2054 523,2054 550,2054 577,2054 604,2054 631,2054 658,2054 685,2055 712,2057 739,2057 766,2056 793,2054 820,2055 847,2054"/>
                <TextEquiv>
                    <Unicode>marken Kost verabreicht wird.</Unicode>
                </TextEquiv>
            </TextLine>
            <TextLine id="tr_1_tl_54" custom="readingOrder {index:53;}">
                <Coords points="1528,2114 2737,2111 2737,2056 1725,2074 1528,2032"/>
                <Baseline points="1546,2098 1605,2098 1665,2098 1725,2098 1785,2098 1845,2098 1905,2098 1964,2098 2024,2095 2084,2096 2144,2098 2204,2098 2264,2098 2324,2098 2383,2098 2443,2098 2503,2096 2563,2095 2623,2095 2683,2093 2743,2095"/>
                <TextEquiv>
                    <Unicode>Fühlung Sie spricht von ihrer besonderen Verehrung für Artur</Unicode>
                </TextEquiv>
            </TextLine>
            <TextLine id="tr_1_tl_55" custom="readingOrder {index:54;}">
                <Coords points="414,2130 1501,2117 1501,2041 414,2078"/>
                <Baseline points="432,2116 485,2110 539,2110 593,2110 647,2112 700,2113 754,2112 808,2111 862,2113 915,2113 969,2113 1023,2113 1077,2113 1130,2113 1184,2113 1238,2110 1292,2108 1345,2109 1399,2107 1453,2107 1507,2110"/>
                <TextEquiv>
                    <Unicode>„Gegenwärtig sind etwa sechzig Arbeiterinnen beschäftigt</Unicode>
                </TextEquiv>
            </TextLine>
            <TextLine id="tr_1_tl_56" custom="readingOrder {index:55;}">
                <Coords points="1537,2154 2734,2151 2688,2099 1537,2105"/>
                <Baseline points="1555,2146 1614,2146 1673,2146 1733,2146 1792,2146 1852,2143 1911,2146 1970,2146 2030,2146 2089,2146 2149,2146 2208,2146 2267,2147 2327,2147 2386,2143 2446,2144 2505,2144 2564,2143 2624,2143 2683,2141 2743,2134"/>
                <TextEquiv>
                    <Unicode>Schnitzler, den sie zu den eigenartigsten und feinsten Er¬</Unicode>
                </TextEquiv>
            </TextLine>
            <TextLine id="tr_1_tl_57" custom="readingOrder {index:56;}">
                <Coords points="288,2170 1507,2163 1507,2111 503,2139 288,2099"/>
                <Baseline points="304,2155 364,2153 424,2155 485,2158 545,2158 606,2160 666,2161 727,2163 787,2159 848,2158 908,2159 968,2161 1029,2162 1089,2162 1150,2161 1210,2160 1271,2158 1331,2158 1392,2158 1452,2156 1513,2155"/>
                <TextEquiv>
                    <Unicode>erzählt die Gräfin, „und es herricht unter allen ein wahrhaft</Unicode>
                </TextEquiv>
            </TextLine>
            <TextLine id="tr_1_tl_58" custom="readingOrder {index:57;}">
                <Coords points="1537,2197 2731,2200 2710,2148 1537,2157"/>
                <Baseline points="1555,2194 1614,2194 1673,2194 1732,2193 1792,2193 1851,2191 1910,2194 1969,2194 2029,2194 2088,2194 2147,2194 2206,2194 2266,2194 2325,2194 2384,2194 2443,2191 2503,2193 2562,2191 2621,2191 2680,2189 2740,2188"/>
                <TextEquiv>
                    <Unicode>scheinungen der modernen Literatur zählt. Sie war auch sehr</Unicode>
                </TextEquiv>
            </TextLine>
            <TextLine id="tr_1_tl_59" custom="readingOrder {index:58;}">
                <Coords points="288,2219 1513,2219 1513,2163 288,2170"/>
                <Baseline points="304,2203 364,2206 425,2204 485,2203 546,2206 607,2206 667,2209 728,2208 788,2206 849,2206 910,2206 970,2209 1031,2208 1091,2208 1152,2209 1213,2206 1273,2206 1334,2206 1394,2204 1455,2204 1516,2203"/>
                <TextEquiv>
                    <Unicode>rührendes patriarchalisches Verhältnis. Jeder passende Anlaß</Unicode>
                </TextEquiv>
            </TextLine>
            <TextLine id="tr_1_tl_60" custom="readingOrder {index:59;}">
                <Coords points="1528,2252 2737,2249 2737,2200 2664,2191 1528,2200"/>
                <Baseline points="1546,2242 1605,2242 1665,2242 1725,2240 1785,2240 1845,2242 1905,2241 1964,2241 2024,2242 2084,2240 2144,2242 2204,2245 2264,2242 2324,2242 2383,2239 2443,2240 2503,2240 2563,2239 2623,2238 2683,2236 2743,2233"/>
                <TextEquiv>
                    <Unicode>befreundet mit Mark Twain, dessen trockener, unvergleichlich köst¬</Unicode>
                </TextEquiv>
            </TextLine>
            <TextLine id="tr_1_tl_61" custom="readingOrder {index:60;}">
                <Coords points="292,2262 1501,2259 1470,2210 292,2219"/>
                <Baseline points="307,2254 366,2251 426,2254 486,2254 546,2254 606,2257 666,2255 725,2255 785,2257 845,2255 905,2257 965,2257 1025,2257 1085,2257 1144,2257 1204,2254 1264,2254 1324,2254 1384,2253 1444,2251 1504,2251"/>
                <TextEquiv>
                    <Unicode>wird benutzt, um durch Veranstaltung einer improvisierten Feier</Unicode>
                </TextEquiv>
            </TextLine>
            <TextLine id="tr_1_tl_62" custom="readingOrder {index:61;}">
                <Coords points="288,2308 2740,2298 2740,2243 288,2262"/>
                <Baseline points="304,2298 426,2298 548,2301 670,2304 792,2304 914,2304 1036,2302 1158,2301 1280,2301 1402,2299 1525,2297 1647,2288 1769,2288 1891,2286 2013,2288 2135,2289 2257,2289 2379,2287 2501,2286 2623,2285 2746,2280"/>
                <TextEquiv>
                    <Unicode>den schwer arbeitenden Frauen und Mädchen eine kleine Freude licher Humor ihr viele unvergeßliche Stunden bereitet hat Bei</Unicode>
                </TextEquiv>
            </TextLine>
            <TextLine id="tr_1_tl_63" custom="readingOrder {index:62;}">
                <Coords points="1531,2345 2731,2348 2731,2292 1531,2305"/>
                <Baseline points="1549,2337 1608,2337 1668,2334 1727,2335 1787,2337 1846,2337 1906,2337 1965,2337 2025,2337 2084,2335 2144,2337 2204,2340 2263,2337 2323,2337 2382,2337 2442,2337 2501,2337 2561,2337 2620,2332 2680,2332 2740,2331"/>
                <TextEquiv>
                    <Unicode>dieser Gelegenheit führt das Gespräch auch auf August¬</Unicode>
                </TextEquiv>
            </TextLine>
            <TextLine id="tr_1_tl_64" custom="readingOrder {index:63;}">
                <Coords points="285,2363 1501,2357 1501,2305 285,2308"/>
                <Baseline points="301,2352 361,2347 421,2349 481,2349 542,2347 602,2349 662,2349 723,2352 783,2352 843,2352 904,2352 964,2352 1024,2352 1084,2350 1145,2349 1205,2351 1265,2349 1326,2349 1386,2348 1446,2346 1507,2346"/>
                <TextEquiv>
                    <Unicode>zu bereiten. Jeder Kaisertag wird gefeiert, ebenso Ostern. Weih¬</Unicode>
                </TextEquiv>
            </TextLine>
            <TextLine id="tr_1_tl_65" custom="readingOrder {index:64;}">
                <Coords points="288,2409 2704,2397 2737,2348 288,2366"/>
                <Baseline points="304,2394 432,2394 560,2396 689,2400 817,2402 945,2398 1074,2400 1202,2400 1330,2397 1459,2394 1587,2385 1716,2382 1844,2385 1972,2385 2101,2385 2229,2385 2357,2385 2486,2384 2614,2382 2743,2379"/>
                <TextEquiv>
                    <Unicode>nachten und Neujahr. Ja selbst alle Namenstage und Geburts¬ Wilbrandt=Baudius, die gleichfalls zu dem engeren Wiener</Unicode>
                </TextEquiv>
            </TextLine>
            <TextLine id="tr_1_tl_66" custom="readingOrder {index:65;}">
                <Coords points="288,2455 2740,2440 2740,2391 2602,2381 288,2409"/>
                <Baseline points="304,2439 426,2442 548,2445 670,2446 792,2448 914,2447 1036,2448 1158,2448 1280,2445 1402,2443 1525,2440 1647,2433 1769,2431 1891,2433 2013,2433 2135,2433 2257,2433 2379,2432 2501,2431 2623,2430 2746,2430"/>
                <TextEquiv>
                    <Unicode>tage der einzelnen werden in Evidenz gehalten und keine geht Freundeskreis des Dichters zählte und deren unerreichte Kunst des</Unicode>
                </TextEquiv>
            </TextLine>
            <TextLine id="tr_1_tl_67" custom="readingOrder {index:66;}">
                <Coords points="288,2498 2740,2486 2722,2437 288,2452"/>
                <Baseline points="304,2489 426,2492 548,2492 670,2493 792,2495 914,2495 1036,2496 1158,2495 1280,2492 1402,2490 1525,2488 1647,2480 1769,2480 1891,2477 2013,2481 2135,2480 2257,2480 2379,2480 2501,2478 2623,2476 2746,2474"/>
                <TextEquiv>
                    <Unicode>an einem solchen persönlichen Festtage leer aus. Es ist wirklich intimen Vorlesens — jetzt leider viel zu selten gehört — in</Unicode>
                </TextEquiv>
            </TextLine>
            <TextLine id="tr_1_tl_68" custom="readingOrder {index:67;}">
                <Coords points="292,2550 2750,2538 2750,2483 2645,2476 292,2498"/>
                <Baseline points="307,2540 429,2539 552,2541 674,2543 797,2543 919,2543 1042,2543 1164,2543 1287,2537 1409,2540 1532,2533 1655,2527 1777,2528 1900,2528 2022,2527 2145,2528 2267,2528 2390,2528 2512,2525 2635,2525 2758,2525"/>
                <TextEquiv>
                    <Unicode>wie eine große Familie, und ich freue mich dieses einträchtigen einigen der köstlichsten Skizzen Mark Twains wahre Triumphe</Unicode>
                </TextEquiv>
            </TextLine>
            <TextLine id="tr_1_tl_69" custom="readingOrder {index:68;}">
                <Coords points="1534,2596 2734,2578 2710,2529 1534,2544"/>
                <Baseline points="1552,2582 1611,2577 1671,2576 1730,2574 1790,2576 1849,2579 1909,2577 1968,2577 2028,2576 2087,2579 2147,2579 2207,2576 2266,2578 2326,2576 2385,2576 2445,2574 2504,2574 2564,2573 2623,2573 2683,2573 2743,2564"/>
                <TextEquiv>
                    <Unicode>gefeiert hat. Die Gräfin erzählt davon in ihrer geist</Unicode>
                </TextEquiv>
            </TextLine>
            <TextLine id="tr_1_tl_70" custom="readingOrder {index:69;}">
                <Coords points="288,2593 1513,2593 1491,2547 288,2547"/>
                <Baseline points="304,2585 364,2585 425,2585 485,2588 546,2588 607,2590 667,2591 728,2589 788,2589 849,2591 910,2591 970,2591 1031,2591 1091,2591 1152,2591 1213,2591 1273,2589 1334,2588 1394,2587 1455,2585 1516,2582"/>
                <TextEquiv>
                    <Unicode>Verhältnisses das gewiß wesentlich dazu beiträgt, vielen unter</Unicode>
                </TextEquiv>
            </TextLine>
            <TextLine id="tr_1_tl_71" custom="readingOrder {index:70;}">
                <Coords points="1534,2633 2743,2630 2719,2575 1534,2596"/>
                <Baseline points="1552,2624 1612,2624 1672,2624 1732,2626 1792,2624 1852,2624 1912,2624 1972,2624 2032,2624 2092,2624 2152,2624 2212,2624 2272,2624 2332,2624 2392,2624 2452,2624 2512,2622 2572,2621 2632,2621 2692,2621 2752,2621"/>
                <TextEquiv>
                    <Unicode>vollen lebendigen Art und schildert, daran anknüpfend,</Unicode>
                </TextEquiv>
            </TextLine>
            <TextLine id="tr_1_tl_72" custom="readingOrder {index:71;}">
                <Coords points="292,2651 1510,2642 1510,2599 1424,2593 292,2596"/>
                <Baseline points="307,2636 367,2633 427,2635 488,2636 548,2635 609,2635 669,2639 730,2639 790,2639 851,2639 911,2639 971,2637 1032,2639 1092,2639 1153,2636 1213,2639 1274,2637 1334,2636 1395,2634 1455,2636 1516,2633"/>
                <TextEquiv>
                    <Unicode>ihnen ihr hartes und unverschuldetes Los zu erleichtern und zu</Unicode>
                </TextEquiv>
            </TextLine>
            <TextLine id="tr_1_tl_73" custom="readingOrder {index:72;}">
                <Coords points="288,2694 1261,2688 1390,2722 1590,2679 2740,2679 2740,2630 2538,2624 288,2648"/>
                <Baseline points="304,2680 426,2680 548,2683 670,2683 793,2686 915,2685 1037,2686 1159,2686 1282,2683 1404,2680 1526,2676 1648,2673 1771,2672 1893,2672 2015,2671 2137,2673 2260,2674 2382,2670 2504,2669 2626,2669 2749,2663"/>
                <TextEquiv>
                    <Unicode>verschönen. Gerade in schwerer Lebenslage ist ja jedes Gemüt für wie unvergeßlich ihr auch ein Frühstück mit Mark Twain</Unicode>
                </TextEquiv>
            </TextLine>
            <TextLine id="tr_1_tl_74" custom="readingOrder {index:73;}">
                <Coords points="1528,2734 2737,2725 2737,2679 2630,2670 1528,2682"/>
                <Baseline points="1546,2719 1606,2720 1666,2719 1726,2719 1786,2719 1846,2719 1906,2719 1966,2719 2026,2719 2086,2719 2146,2721 2206,2719 2266,2719 2326,2719 2386,2719 2446,2719 2506,2719 2566,2716 2626,2714 2686,2714 2746,2713"/>
                <TextEquiv>
                    <Unicode>und Peter Nansen sei, bei dem die beiden großen Dichter</Unicode>
                </TextEquiv>
            </TextLine>
            <TextLine id="tr_1_tl_75" custom="readingOrder {index:74;}">
                <Coords points="295,2747 1252,2743 1252,2704 1172,2691 295,2694"/>
                <Baseline points="313,2728 360,2731 407,2731 454,2731 502,2732 549,2734 596,2734 644,2734 691,2734 738,2734 786,2734 833,2734 880,2734 927,2734 975,2734 1022,2734 1069,2734 1117,2734 1164,2734 1211,2731 1259,2731"/>
                <TextEquiv>
                    <Unicode>ein wenig Herzlichkeit und Wärme doppelt dankbar.</Unicode>
                </TextEquiv>
            </TextLine>
            <TextLine id="tr_1_tl_76" custom="readingOrder {index:75;}">
                <Coords points="411,2805 2265,2768 2740,2808 2725,2722 414,2743"/>
                <Baseline points="429,2788 545,2789 661,2791 777,2791 893,2791 1009,2791 1125,2790 1242,2788 1358,2788 1474,2785 1590,2770 1706,2767 1822,2767 1938,2767 2055,2765 2171,2767 2287,2767 2403,2768 2519,2767 2635,2766 2752,2764"/>
                <TextEquiv>
                    <Unicode>Die Gräfin spricht auch von der zweiten Aktion, der „Alle drei bis vier Stunden auf einem Fleck beisammen gesessen waren</Unicode>
                </TextEquiv>
            </TextLine>
            <TextLine id="tr_1_tl_77" custom="readingOrder {index:76;}">
                <Coords points="288,2851 2452,2826 2452,2783 2265,2768 292,2802"/>
                <Baseline points="304,2839 411,2836 519,2838 627,2839 735,2839 843,2836 950,2839 1058,2839 1166,2836 1274,2838 1382,2833 1489,2831 1597,2818 1705,2818 1813,2815 1921,2815 2028,2814 2136,2815 2244,2815 2352,2812 2460,2815"/>
                <TextEquiv>
                    <Unicode>gemeinen Kunstfürsorge, an der sie als Präsidentin des Damen= und sich gegenseitig ihre Erlebnisse erzählt hatten</Unicode>
                </TextEquiv>
            </TextLine>
            <TextLine id="tr_1_tl_78" custom="readingOrder {index:77;}">
                <Coords points="1642,2872 2704,2869 2676,2802 1642,2829"/>
                <Baseline points="1659,2863 1711,2863 1764,2863 1816,2863 1869,2864 1921,2865 1974,2863 2026,2861 2079,2863 2131,2863 2184,2863 2237,2863 2289,2863 2342,2863 2394,2863 2447,2863 2499,2863 2552,2862 2604,2860 2657,2860 2710,2857"/>
                <TextEquiv>
                    <Unicode>Da ich von ihrer eigenen künstlerichen Betätigung spreche</Unicode>
                </TextEquiv>
            </TextLine>
            <TextLine id="tr_1_tl_79" custom="readingOrder {index:78;}">
                <Coords points="292,2891 1510,2897 1510,2845 292,2851"/>
                <Baseline points="307,2880 367,2883 427,2883 488,2883 548,2883 609,2883 669,2886 730,2884 790,2886 851,2883 911,2882 971,2882 1032,2883 1092,2885 1153,2886 1213,2883 1274,2885 1334,2883 1395,2882 1455,2880 1516,2878"/>
                <TextEquiv>
                    <Unicode>komitees regen Anteil nimmt Sie weist darauf hin, wie not¬</Unicode>
                </TextEquiv>
            </TextLine>
            <TextLine id="tr_1_tl_80" custom="readingOrder {index:79;}">
                <Coords points="1531,2925 2743,2915 2719,2857 1531,2866"/>
                <Baseline points="1549,2907 1609,2910 1669,2910 1729,2910 1789,2912 1849,2910 1909,2910 1970,2908 2030,2910 2090,2909 2150,2909 2210,2910 2270,2910 2330,2910 2391,2910 2451,2908 2511,2910 2571,2907 2631,2907 2691,2907 2752,2904"/>
                <TextEquiv>
                    <Unicode>die Gräfin ist wiederholt bei intimen Veranstaltungen als Sängerin</Unicode>
                </TextEquiv>
            </TextLine>
            <TextLine id="tr_1_tl_81" custom="readingOrder {index:80;}">
                <Coords points="292,2940 1510,2937 1510,2894 1332,2885 292,2891"/>
                <Baseline points="307,2931 367,2929 428,2931 488,2931 549,2931 610,2931 670,2934 731,2934 791,2932 852,2931 913,2931 973,2934 1034,2932 1094,2932 1155,2931 1216,2931 1276,2931 1337,2930 1397,2928 1458,2928 1519,2925"/>
                <TextEquiv>
                    <Unicode>wendig diese Bestrebungen wären und wie bedauerlich das Lo¬</Unicode>
                </TextEquiv>
            </TextLine>
            <TextLine id="tr_1_tl_82" custom="readingOrder {index:81;}">
                <Coords points="1528,2971 2740,2964 2740,2915 1528,2925"/>
                <Baseline points="1546,2958 1606,2958 1666,2958 1726,2958 1786,2960 1846,2958 1906,2958 1967,2958 2027,2958 2087,2957 2147,2955 2207,2958 2267,2958 2327,2958 2388,2958 2448,2956 2508,2958 2568,2955 2628,2955 2688,2955 2749,2952"/>
                <TextEquiv>
                    <Unicode>und auch (im Schönbrunner Schloßtheater) als Schauspielerin (in</Unicode>
                </TextEquiv>
            </TextLine>
            <TextLine id="tr_1_tl_83" custom="readingOrder {index:82;}">
                <Coords points="295,2989 1510,2986 1510,2937 295,2940"/>
                <Baseline points="313,2976 373,2977 433,2979 493,2979 554,2979 614,2979 674,2979 735,2980 795,2980 855,2982 916,2980 976,2980 1036,2979 1096,2979 1157,2982 1217,2981 1277,2979 1338,2976 1398,2979 1458,2977 1519,2979"/>
                <TextEquiv>
                    <Unicode>der Künstler gerade in der jetzigen Zeit sei, welche kein Ohr für</Unicode>
                </TextEquiv>
            </TextLine>
            <TextLine id="tr_1_tl_84" custom="readingOrder {index:83;}">
                <Coords points="1531,3014 2740,3010 2740,2967 2636,2961 1531,2967"/>
                <Baseline points="1549,3006 1609,3005 1669,3006 1729,3007 1789,3007 1849,3003 1909,3006 1969,3006 2029,3006 2089,3006 2149,3006 2209,3006 2269,3006 2329,3006 2389,3006 2449,3006 2509,3004 2569,3006 2629,3003 2689,3001 2749,3000"/>
                <TextEquiv>
                    <Unicode>dem Wilbrandtschen Einakter „Von Angesicht zu Angesicht) vor</Unicode>
                </TextEquiv>
            </TextLine>
            <TextLine id="tr_1_tl_85" custom="readingOrder {index:84;}">
                <Coords points="288,3044 1504,3035 1504,2989 1458,2980 288,2989"/>
                <Baseline points="304,3024 364,3025 424,3025 484,3027 545,3023 605,3025 665,3027 726,3027 786,3027 846,3027 907,3027 967,3027 1027,3024 1087,3027 1148,3027 1208,3027 1268,3027 1329,3024 1389,3025 1449,3025 1510,3027"/>
                <TextEquiv>
                    <Unicode>die feineren Stimmen des Lebens habe und so leicht geneigt sei</Unicode>
                </TextEquiv>
            </TextLine>
            <TextLine id="tr_1_tl_86" custom="readingOrder {index:85;}">
                <Coords points="1528,3066 2743,3063 2743,3007 2679,3001 1528,3014"/>
                <Baseline points="1546,3051 1606,3055 1666,3055 1726,3057 1787,3056 1847,3054 1907,3054 1968,3053 2028,3051 2088,3054 2149,3054 2209,3052 2269,3054 2329,3054 2390,3051 2450,3054 2510,3054 2571,3051 2631,3051 2691,3049 2752,3051"/>
                <TextEquiv>
                    <Unicode>das Publikum getreten — wehrt sie bescheiden ab und spricht voll</Unicode>
                </TextEquiv>
            </TextLine>
            <TextLine id="tr_1_tl_87" custom="readingOrder {index:86;}">
                <Coords points="295,3084 1507,3084 1507,3035 1458,3032 295,3038"/>
                <Baseline points="310,3072 370,3072 430,3072 490,3072 550,3075 610,3075 670,3076 731,3076 791,3078 851,3075 911,3075 971,3075 1031,3075 1091,3077 1152,3078 1212,3075 1272,3075 1332,3075 1392,3072 1452,3072 1513,3069"/>
                <TextEquiv>
                    <Unicode>alles als überflüssig zu betrachten, was nicht zu ihren unmittel¬</Unicode>
                </TextEquiv>
            </TextLine>
            <TextLine id="tr_1_tl_88" custom="readingOrder {index:87;}">
                <Coords points="1531,3112 2740,3112 2713,3060 1531,3066"/>
                <Baseline points="1549,3098 1609,3101 1669,3101 1729,3102 1789,3102 1849,3101 1909,3100 1969,3100 2029,3101 2089,3098 2149,3098 2209,3098 2269,3100 2329,3100 2389,3101 2449,3100 2509,3100 2569,3098 2629,3098 2689,3096 2749,3095"/>
                <TextEquiv>
                    <Unicode>dankbarer Erinnerung von ihrer Gesanglehrerin, der bekannten</Unicode>
                </TextEquiv>
            </TextLine>
            <TextLine id="tr_1_tl_89" custom="readingOrder {index:88;}">
                <Coords points="292,3136 1507,3130 1488,3081 292,3084"/>
                <Baseline points="307,3122 367,3119 427,3121 487,3122 548,3122 608,3122 668,3125 729,3122 789,3122 849,3122 910,3122 970,3122 1030,3122 1090,3122 1151,3122 1211,3122 1271,3122 1332,3122 1392,3118 1452,3120 1513,3119"/>
                <TextEquiv>
                    <Unicode>baren Erfordernissen gehöre. So lebt gerade die Kunst, die im</Unicode>
                </TextEquiv>
            </TextLine>
            <TextLine id="tr_1_tl_90" custom="readingOrder {index:89;}">
                <Coords points="1531,3158 2743,3152 2697,3103 1531,3112"/>
                <Baseline points="1549,3149 1609,3149 1669,3149 1729,3149 1789,3148 1849,3149 1909,3149 1970,3149 2030,3149 2090,3148 2150,3146 2210,3149 2270,3147 2330,3149 2391,3149 2451,3146 2511,3146 2571,3146 2631,3146 2691,3144 2752,3143"/>
                <TextEquiv>
                    <Unicode>Meisterin Mathilde Marchesi „Die Gesangstunden bei dieser wunderbar</Unicode>
                </TextEquiv>
            </TextLine>
            <TextLine id="tr_1_tl_91" custom="readingOrder {index:90;}">
                <Coords points="295,3185 1504,3179 1467,3124 295,3133"/>
                <Baseline points="313,3173 372,3168 432,3170 492,3170 552,3170 612,3173 672,3170 731,3170 791,3167 851,3170 911,3168 971,3170 1031,3170 1091,3170 1150,3170 1210,3170 1270,3170 1330,3167 1390,3166 1450,3166 1510,3164"/>
                <TextEquiv>
                    <Unicode>Frieden einen Teil unseres besten Lebens gebildet hat, jetzt ein</Unicode>
                </TextEquiv>
            </TextLine>
            <TextLine id="tr_1_tl_92" custom="readingOrder {index:91;}">
                <Coords points="1528,3204 2740,3201 2740,3152 1528,3167"/>
                <Baseline points="1546,3197 1606,3198 1666,3198 1726,3200 1786,3197 1846,3197 1906,3197 1967,3197 2027,3194 2087,3194 2147,3196 2207,3197 2267,3195 2327,3197 2388,3197 2448,3194 2508,3194 2568,3194 2628,3194 2688,3194 2749,3188"/>
                <TextEquiv>
                    <Unicode>musikalischen Frau, erzählt die Gräfin, sind mir durch den künst¬</Unicode>
                </TextEquiv>
            </TextLine>
            <TextLine id="tr_1_tl_93" custom="readingOrder {index:92;}">
                <Coords points="295,3234 1510,3231 1510,3185 1430,3173 295,3182"/>
                <Baseline points="313,3218 373,3215 433,3217 493,3218 553,3218 613,3218 673,3218 734,3218 794,3218 854,3215 914,3218 974,3218 1034,3215 1094,3218 1155,3218 1215,3215 1275,3217 1335,3215 1395,3215 1455,3215 1516,3218"/>
                <TextEquiv>
                    <Unicode>tiefe und innerliche Tragödie durch. Gerade sie, deren Sendung</Unicode>
                </TextEquiv>
            </TextLine>
            <TextLine id="tr_1_tl_94" custom="readingOrder {index:93;}">
                <Coords points="1528,3253 2725,3259 2747,3204 1531,3204"/>
                <Baseline points="1546,3245 1606,3248 1666,3248 1726,3248 1787,3247 1847,3245 1907,3245 1968,3245 2028,3243 2088,3244 2149,3242 2209,3242 2269,3242 2329,3242 2390,3245 2450,3242 2510,3242 2571,3242 2631,3242 2691,3240 2752,3239"/>
                <TextEquiv>
                    <Unicode>lerischen Ernst, durch das innige und begeisterte Versenken in die</Unicode>
                </TextEquiv>
            </TextLine>
            <TextLine id="tr_1_tl_95" custom="readingOrder {index:94;}">
                <Coords points="295,3277 1504,3280 1504,3225 295,3234"/>
                <Baseline points="313,3266 372,3265 432,3266 492,3265 552,3265 612,3269 672,3265 731,3263 791,3263 851,3266 911,3266 971,3266 1031,3268 1091,3266 1150,3266 1210,3264 1270,3266 1330,3266 1390,3266 1450,3266 1510,3263"/>
                <TextEquiv>
                    <Unicode>es ist, zum menschlichen Herzen zu sprechen, vermag sich jetz</Unicode>
                </TextEquiv>
            </TextLine>
            <TextLine id="tr_1_tl_96" custom="readingOrder {index:95;}">
                <Coords points="1534,3299 2673,3299 2743,3330 2743,3256 2697,3247 1534,3253"/>
                <Baseline points="1552,3292 1612,3294 1672,3292 1732,3292 1792,3292 1852,3292 1912,3292 1972,3291 2032,3292 2092,3290 2152,3290 2212,3290 2272,3291 2332,3292 2392,3292 2452,3291 2512,3291 2572,3292 2632,3290 2692,3290 2752,3290"/>
                <TextEquiv>
                    <Unicode>Tiefen der Musik durch die edle Begeisterungsfähigkeit, die uns</Unicode>
                </TextEquiv>
            </TextLine>
            <TextLine id="tr_1_tl_97" custom="readingOrder {index:96;}">
                <Coords points="295,3323 1507,3327 1507,3280 1363,3265 295,3277"/>
                <Baseline points="313,3310 373,3312 433,3310 493,3310 553,3311 613,3313 673,3310 733,3310 793,3310 853,3313 913,3310 973,3310 1033,3313 1093,3313 1153,3311 1213,3310 1273,3310 1333,3312 1393,3310 1453,3310 1513,3310"/>
                <TextEquiv>
                    <Unicode>neben der erschütternden Sprache der rauheren Wirklichkeiten nur</Unicode>
                </TextEquiv>
            </TextLine>
            <TextLine id="tr_1_tl_98" custom="readingOrder {index:97;}">
                <Coords points="1534,3351 2412,3360 2412,3302 2372,3299 1534,3299"/>
                <Baseline points="1552,3337 1595,3340 1638,3343 1682,3340 1725,3340 1769,3340 1812,3338 1856,3339 1899,3338 1943,3339 1986,3340 2029,3340 2073,3340 2116,3340 2160,3338 2203,3339 2247,3340 2290,3339 2334,3338 2377,3340 2421,3337"/>
                <TextEquiv>
                    <Unicode>Schüler damals alle durchflammte, unvergeßlich</Unicode>
                </TextEquiv>
            </TextLine>
            <TextLine id="tr_1_tl_99" custom="readingOrder {index:98;}">
                <Coords points="298,3379 1507,3366 1445,3311 298,3323"/>
                <Baseline points="316,3361 375,3356 435,3361 495,3359 555,3361 615,3361 675,3358 734,3360 794,3361 854,3361 914,3359 974,3361 1034,3361 1094,3363 1153,3361 1213,3361 1273,3361 1333,3361 1393,3360 1453,3358 1513,3355"/>
                <TextEquiv>
                    <Unicode>schwer vernehmbar zu machen. Und doch darf man auch jetzt ihre</Unicode>
                </TextEquiv>
            </TextLine>
            <TextLine id="tr_1_tl_100" custom="readingOrder {index:99;}">
                <Coords points="1636,3412 2753,3403 2725,3330 2292,3373 1636,3360"/>
                <Baseline points="1653,3397 1708,3394 1763,3396 1818,3394 1874,3394 1929,3394 1984,3394 2039,3394 2095,3394 2150,3394 2205,3394 2260,3394 2316,3397 2371,3394 2426,3394 2481,3394 2537,3394 2592,3394 2647,3394 2702,3394 2758,3394"/>
                <TextEquiv>
                    <Unicode>Von der Vergangenheit bei der sie mit sichtlicher Freude</Unicode>
                </TextEquiv>
            </TextLine>
            <TextLine id="tr_1_tl_101" custom="readingOrder {index:100;}">
                <Coords points="295,3416 1510,3419 1510,3363 1430,3360 295,3379"/>
                <Baseline points="310,3409 370,3409 430,3409 490,3409 551,3408 611,3408 671,3409 732,3409 792,3409 852,3406 913,3408 973,3406 1033,3409 1093,3409 1154,3412 1214,3406 1274,3406 1335,3406 1395,3405 1455,3405 1516,3406"/>
                <TextEquiv>
                    <Unicode>nicht vergessen, vielleicht gerade jetzt nicht, da unermeßliche</Unicode>
                </TextEquiv>
            </TextLine>
            <TextLine id="tr_1_tl_102" custom="readingOrder {index:101;}">
                <Coords points="295,3468 2750,3452 2750,3406 2295,3394 295,3419"/>
                <Baseline points="310,3454 432,3457 554,3457 677,3456 799,3454 922,3455 1044,3457 1166,3457 1289,3454 1411,3454 1534,3450 1656,3445 1778,3445 1901,3445 2023,3443 2146,3442 2268,3442 2390,3442 2513,3442 2635,3442 2758,3442"/>
                <TextEquiv>
                    <Unicode>Werte und Besitztümer der Kultur durch den Krieg vernichtet gerne verweilt, führt eine gelegentliche Bemerkung wieder rasch zu</Unicode>
                </TextEquiv>
            </TextLine>
            <TextLine id="tr_1_tl_103" custom="readingOrder {index:102;}">
                <Coords points="298,3520 2756,3498 2756,3449 298,3474"/>
                <Baseline points="316,3504 438,3503 560,3504 683,3504 805,3504 928,3501 1050,3502 1172,3502 1295,3501 1417,3501 1540,3494 1662,3493 1784,3490 1907,3490 2029,3488 2152,3488 2274,3490 2396,3490 2519,3488 2641,3488 2764,3487"/>
                <TextEquiv>
                    <Unicode>werden. Darum erscheint es mir als eine un der ernsten Gegenwart, die wie auf allen, auch auf der Gräfin</Unicode>
                </TextEquiv>
            </TextLine>
            <TextLine id="tr_1_tl_104" custom="readingOrder {index:103;}">
                <Coords points="295,3566 2753,3547 2756,3495 2148,3486 298,3520"/>
                <Baseline points="310,3552 432,3552 555,3552 678,3549 800,3552 923,3552 1046,3549 1168,3549 1291,3549 1414,3549 1537,3543 1659,3540 1782,3540 1905,3538 2027,3537 2150,3536 2273,3537 2395,3537 2518,3534 2641,3536 2764,3534"/>
                <TextEquiv>
                    <Unicode>endlich bedeutsame Aufgabe, nicht nur jetzt, sondern mit ihrem ganzen Schvergewicht wuchtet. Ihr Sohn sicht seit</Unicode>
                </TextEquiv>
            </TextLine>
            <TextLine id="tr_1_tl_105" custom="readingOrder {index:104;}">
                <Coords points="1534,3600 2759,3594 2759,3551 2691,3538 1534,3547"/>
                <Baseline points="1552,3588 1612,3588 1673,3588 1733,3588 1794,3585 1855,3585 1915,3585 1976,3585 2036,3585 2097,3585 2158,3582 2218,3584 2279,3585 2339,3585 2400,3582 2461,3584 2521,3582 2582,3582 2642,3583 2703,3583 2764,3582"/>
                <TextEquiv>
                    <Unicode>Kriegsbeginn als Husarenoffizier an der Front, ihre beiden Töchter</Unicode>
                </TextEquiv>
            </TextLine>
            <TextLine id="tr_1_tl_106" custom="readingOrder {index:105;}">
                <Coords points="298,3618 1510,3609 1510,3560 1359,3551 298,3566"/>
                <Baseline points="316,3600 376,3600 436,3603 496,3598 556,3600 616,3600 676,3600 736,3600 796,3600 856,3599 916,3599 976,3600 1036,3600 1096,3598 1156,3597 1216,3597 1276,3597 1336,3597 1396,3597 1456,3597 1516,3597"/>
                <TextEquiv>
                    <Unicode>auch in den kommenden Friedenszeiten die Kunst energisch</Unicode>
                </TextEquiv>
            </TextLine>
            <TextLine id="tr_1_tl_107" custom="readingOrder {index:106;}">
                <Coords points="1537,3646 2753,3636 2731,3590 1537,3597"/>
                <Baseline points="1555,3639 1615,3636 1675,3636 1735,3633 1796,3633 1856,3633 1916,3633 1977,3633 2037,3633 2097,3633 2158,3633 2218,3633 2278,3633 2338,3631 2399,3633 2459,3630 2519,3632 2580,3630 2640,3631 2700,3627 2761,3630"/>
                <TextEquiv>
                    <Unicode>leisten mit voller Hingabe Samariterdienste in Spitälern. Sie</Unicode>
                </TextEquiv>
            </TextLine>
            <TextLine id="tr_1_tl_108" custom="readingOrder {index:107;}">
                <Coords points="295,3667 1510,3652 1510,3609 1212,3600 295,3624"/>
                <Baseline points="310,3654 370,3651 430,3649 491,3648 551,3648 612,3648 672,3648 733,3647 793,3647 854,3648 914,3648 974,3646 1035,3648 1095,3646 1156,3645 1216,3645 1277,3645 1337,3645 1398,3644 1458,3642 1519,3642"/>
                <TextEquiv>
                    <Unicode>zu unterstützen, den Boden zu bereiten für ihre neu¬</Unicode>
                </TextEquiv>
            </TextLine>
            <TextLine id="tr_1_tl_109" custom="readingOrder {index:108;}">
                <Coords points="295,3704 2747,3689 2747,3636 2430,3633 295,3667"/>
                <Baseline points="310,3696 432,3696 554,3696 676,3698 799,3693 921,3695 1043,3693 1165,3693 1288,3693 1410,3691 1532,3689 1654,3684 1777,3681 1899,3681 2021,3681 2143,3679 2266,3678 2388,3678 2510,3678 2632,3680 2755,3678"/>
                <TextEquiv>
                    <Unicode>und nach dem Krieg gewiß bedeutsame Entwicklung Und was schwärmt für die österreichisch=ungarische Monarchie und sagt, daß</Unicode>
                </TextEquiv>
            </TextLine>
            <TextLine id="tr_1_tl_110" custom="readingOrder {index:109;}">
                <Coords points="295,3753 2750,3735 2750,3689 2584,3676 295,3704"/>
                <Baseline points="313,3743 435,3746 557,3743 679,3743 802,3743 924,3743 1046,3742 1168,3740 1291,3740 1413,3739 1535,3733 1657,3731 1780,3728 1902,3728 2024,3728 2146,3725 2269,3728 2391,3726 2513,3723 2635,3725 2758,3728"/>
                <TextEquiv>
                    <Unicode>die Tragödie der Kunst für den feiner Empfindenden um so es ihr immer Schmerz bereite und sie zu energischem Widerspruch</Unicode>
                </TextEquiv>
            </TextLine>
            <TextLine id="tr_1_tl_111" custom="readingOrder {index:110;}">
                <Coords points="304,3805 2750,3781 2731,3732 304,3756"/>
                <Baseline points="322,3791 443,3794 565,3793 687,3791 809,3788 931,3791 1052,3789 1174,3788 1296,3788 1418,3788 1540,3782 1661,3779 1783,3779 1905,3776 2027,3776 2149,3772 2270,3773 2392,3773 2514,3773 2636,3773 2758,3773"/>
                <TextEquiv>
                    <Unicode>schmerzlicher macht, ist der Umstand, daß es nicht nur besonders herausfordere, so oft sie höre, wie bei uns immer genörgelt und</Unicode>
                </TextEquiv>
            </TextLine>
            <TextLine id="tr_1_tl_112" custom="readingOrder {index:111;}">
                <Coords points="295,3851 2747,3827 2747,3784 2679,3778 295,3802"/>
                <Baseline points="313,3842 435,3842 557,3842 679,3841 801,3839 923,3839 1045,3839 1167,3836 1289,3836 1411,3834 1534,3832 1656,3827 1778,3824 1900,3824 2022,3823 2144,3823 2266,3821 2388,3821 2510,3821 2632,3821 2755,3818"/>
                <TextEquiv>
                    <Unicode>begabte, sondern auch empfindsamer organisierte Menschen sind, getadelt werde. Ich sage immer, meint sie lächelnd, ich bin eine</Unicode>
                </TextEquiv>
            </TextLine>
            <TextLine id="tr_1_tl_113" custom="readingOrder {index:112;}">
                <Coords points="295,3903 2747,3876 2747,3827 2673,3821 295,3851"/>
                <Baseline points="310,3890 432,3890 554,3887 676,3890 798,3887 920,3887 1042,3887 1164,3887 1286,3882 1408,3882 1531,3877 1653,3874 1775,3872 1897,3872 2019,3870 2141,3871 2263,3866 2385,3867 2507,3867 2629,3866 2752,3869"/>
                <TextEquiv>
                    <Unicode>die jetzt oft mit dem schwersten Existenzsorgen zu kämpfen haben ungarische Wienerin und bewundere dieses liebe, schöne Land</Unicode>
                </TextEquiv>
            </TextLine>
            <TextLine id="tr_1_tl_114" custom="readingOrder {index:113;}">
                <Coords points="295,3946 2747,3925 2747,3876 2526,3867 295,3903"/>
                <Baseline points="310,3937 432,3939 554,3937 676,3937 798,3932 920,3934 1042,3934 1164,3934 1286,3931 1408,3931 1531,3924 1653,3921 1775,3918 1897,3919 2019,3916 2141,3914 2263,3916 2385,3915 2507,3913 2629,3913 2752,3913"/>
                <TextEquiv>
                    <Unicode>und denen ein begreifliches Schamgefühl ihre Notlage noch tiefer Oesterreich über alles! Und ich bewundere unsere Soldaten, sie</Unicode>
                </TextEquiv>
            </TextLine>
            <TextLine id="tr_1_tl_115" custom="readingOrder {index:114;}">
                <Coords points="1534,3983 2529,3962 2743,3999 2747,3928 1537,3928"/>
                <Baseline points="1552,3967 1612,3970 1672,3970 1732,3967 1792,3967 1852,3967 1912,3964 1972,3962 2032,3964 2092,3962 2152,3964 2212,3964 2272,3964 2332,3962 2392,3961 2452,3959 2512,3961 2572,3961 2632,3962 2692,3962 2752,3961"/>
                <TextEquiv>
                    <Unicode>leisten Unvergleichliches und wir sollten alle nur ein einziges</Unicode>
                </TextEquiv>
            </TextLine>
            <TextLine id="tr_1_tl_116" custom="readingOrder {index:115;}">
                <Coords points="295,3999 1510,3992 1510,3937 295,3949"/>
                <Baseline points="313,3985 373,3985 433,3987 493,3988 554,3985 614,3985 674,3985 735,3984 795,3982 855,3982 916,3982 976,3982 1036,3982 1096,3982 1157,3979 1217,3981 1277,3979 1338,3979 1398,3978 1458,3976 1519,3976"/>
                <TextEquiv>
                    <Unicode>und verzweifelter zum Bewußtsein bringt. Darum muß auch</Unicode>
                </TextEquiv>
            </TextLine>
            <TextLine id="tr_1_tl_117" custom="readingOrder {index:116;}">
                <Coords points="295,4042 1445,4026 1660,4066 1743,4029 2314,4048 2400,4014 2685,4054 2731,4045 2734,3983 295,3999"/>
                <Baseline points="310,4033 431,4036 553,4036 674,4033 796,4030 917,4030 1039,4027 1160,4030 1282,4029 1403,4027 1525,4024 1646,4018 1768,4017 1889,4015 2011,4013 2132,4012 2254,4012 2375,4012 2497,4009 2618,4010 2740,4012"/>
                <TextEquiv>
                    <Unicode>hier nicht nur reichlich und aus freudigsten Herzen, sondern auch Gefühl für sie haben: Bewunderung und Dankbarkeit...</Unicode>
                </TextEquiv>
            </TextLine>
            <TextLine id="tr_1_tl_118" custom="readingOrder {index:117;}">
                <Coords points="295,4094 1522,4078 1522,4029 1442,4023 295,4042"/>
                <Baseline points="310,4081 371,4084 432,4084 493,4084 554,4084 615,4084 676,4081 737,4081 798,4081 859,4078 920,4079 981,4079 1042,4078 1103,4078 1164,4078 1225,4075 1286,4076 1347,4075 1408,4072 1469,4072 1531,4072"/>
                <TextEquiv>
                    <Unicode>in der zartfühlendsten Form Hilfe gespendet werden. Die Kunst</Unicode>
                </TextEquiv>
            </TextLine>
            <TextLine id="tr_1_tl_119" custom="readingOrder {index:118;}">
                <Coords points="298,4143 1258,4167 1356,4131 1516,4164 1491,4078 298,4091"/>
                <Baseline points="316,4131 376,4131 436,4131 497,4131 557,4131 618,4131 678,4131 739,4131 799,4131 860,4131 920,4129 980,4129 1041,4128 1101,4128 1162,4131 1222,4128 1283,4126 1343,4125 1404,4124 1464,4122 1525,4119"/>
                <TextEquiv>
                    <Unicode>hat es durch ihre eigene stete Hilfsbereitschaft gewiß reichlich</Unicode>
                </TextEquiv>
            </TextLine>
            <TextLine id="tr_1_tl_120" custom="readingOrder {index:119;}">
                <Coords points="295,4189 491,4189 491,4158 473,4161 448,4143 414,4149 374,4134 359,4149 338,4146 325,4152 310,4140 295,4140"/>
                <Baseline points="310,4179 336,4181 363,4182 390,4182 417,4182 444,4182 471,4184 498,4182"/>
                <TextEquiv>
                    <Unicode>verdient</Unicode>
                </TextEquiv>
            </TextLine>
            <TextEquiv>
                <Unicode></Unicode>
            </TextEquiv>
        </TextRegion>
    </Page>
</PcGts>
