3392 4352
177 361 258 469 1.
1163 347 1605 463 box 41/5
306 357 983 459 Miscellaneous
2966 946 3133 1014 4. Apr
1973 925 2480 1027 Neues Wiener Journal
1048 966 1252 1051 Sonntag
418 969 619 1065 Seite 12
1718 997 3129 1102 Unsagbar viel hat die Schauspielkunst durch den Soldatens zu sein. Se
378 1017 1616 1139 Mann gelesen habe. „Das Herz sei das Schönste, was ihm auf
1626 1071 3122 1150 und Heldentod des Münchener Hofschauspielers Dr. Bernhard Autos, durch
381 1112 1231 1207 dem Gebiete der Novelle bisher begegnet sei.
490 1116 3126 1231 Adolf Paul hat gerade in diesen jüngsten Tagen viel v. Jacobi verloren. Als der Krieg ausbrach, war dieser Besten und Ambula
2881 1177 3105 1235 eine graue
378 1177 2854 1279 durch sein soeben erschienenes Strindbergbuch von sich reden und Edelsten einer in den Dolomiten, sofort kehrte er zurük
388 1214 3122 1337 gemacht. Man seindet Adolf Paul an, weil er in diesem Buche und zog unverzüglich aus glühender Begeisterung hinaus ins Feld. Bayern, zwe¬
2881 1265 3085 1337 halten sie,
391 1282 2857 1374 menschlich kleine Züge des großen nordischen Sohnes preisgibt. Uns alle, die ihm menschlich und künstlerisch nahe standen, er¬
1639 1316 3031 1395 schütterte die Botschaft seines Heldentodes. Um seiner Gattin und deutsche
388 1340 1616 1429 Ich persönlich finde es sogar recht und billig, dieses in seinem
391 1364 3082 1463 Schaffen so überragende Genie auch menschlich uns die schwere Stunde der Beisetzung zu ersparen, tele¬ Firnis ist.
2891 1408 3109 1473 „Hurra, i
1636 1415 2857 1497 graphierten wir nach dem Lazarett, in dem er gestorben war
388 1432 1612 1517 im einzelnen kennen zu lernen. Wo viel Licht ist, kann und dar
2888 1463 3105 1531 Engländern
395 1459 2864 1565 auch der Schatten nicht fehlen. Und gerade bei Strindberg nicht, man solle ihn dort begraben, aber nach vierzehn Tagen kam seine
395 1507 3099 1609 der für den Schauspieler unerhörte Aufgaben geschrieben hat. Ich Leiche nach München und uns allen klingen immerdar die Abschieds¬ über alles
2888 1551 3088 1616 ihre Köpfe
401 1558 2864 1663 habe mir einmal in Berlin „Totentanz" 1. Teil angesehen worte seines verwundeten Majors v. Dittelsberger in den Ohren
408 1605 3078 1714 (Wegener und Eysoldt spielten prachtvoll) und war seelisch so zer der mit hoher, vom Weinen erstickter, schriller Kommandostimme blauen A
2894 1653 3048 1711 Kragen:
391 1653 2864 1755 martert und mit meinen Nerven fertig, daß ich die große Szene dem Toten vor der Einäscherung zurief: „Held, Kamerad, du haf
391 1701 3065 1806 im IV. Akt nicht mehr ansehen konnte. Da begriff ich, wie recht mir oft im Kugelregen das Leben gerettet!" Eine Zukunft der posten an
408 1745 2789 1850 seinerzeit in München die Kritik hatte, als sie schrieb, daß das Bühne und einer der prachtvollsten Menschen ist mit Jacobi
2888 1772 3010 1874 dieser
408 1806 2150 1894 Publikum „Totentanz" I. und II. Teil an einem Abend zufrüh ins Grad gesunken.
1762 1813 2874 1918 Von weiblichen Theaterberühmtheiten kann ich Ihnen Per¬
408 1860 1622 1946 seelisch nicht ertragen kann. Wir hatten in München dieses Wage
1653 1881 3044 1976 sönliches von Agnes Sorma, Vilma Illing und der Wiener in Ord¬
408 1942 758 2017 stück unternommen
517 1932 3034 2048 Nicht ohne innere Ergriffenheit nenne ich Ihnen unter den Schauspielerin Gemma Boic erzählen, die so tragisch geendet hat. Sie ja
2901 1986 3044 2058 Spione
1769 1997 2871 2065 Mit Agnes Sorma verbinden mich künstlerische un
401 2020 1629 2092 mir persönlich bekannten Bühnendichtern den Namen Fri¬
412 2044 2874 2146 v. Unruh. Bei meinem letzten Weilen in Berlin sah ich in menschlich viele Fäden. Sie war und bleibt das einzige poesie¬
2901 2075 3051 2143 bringen
408 2088 2874 2197 der Halle des Edenhotels an dem Tage, an dem ich auch mit umwobenen Rautendelein, wie sie wohl auch die mütterlichst
1653 2129 3051 2218 Frau Alving in Ibsens „Gespenstern" war. Vilma Illing mit S
408 2160 1629 2241 Gerhart Hauptmann gesprochen hatte, in einer Ecke einen feld
1728 2173 3051 2258 längst tot — hatte das Rüstzeug einer deutschen Duse und Wagen
412 2214 1639 2296 grauen Ulanenoffizier sitzen: Fritz v. Unruh. Zwei Sommer waren
1660 2224 3065 2309 Gemma Boix, leider in Wien nicht recht erkannt und ge¬ verschie¬
408 2258 1633 2330 wir gewissermaßen Nachbarn in Tutzing gewesen. Unruh war
408 2272 3051 2394 jeden Tag bei uns und las uns auch ein vielumstrittenes Stück würdigt, war schon als meine Schülerin so voll Impulsivität und geführt
2905 2320 3003 2377 Auf
415 2340 2888 2439 „Louis Ferdinand", mit solcher Begeisterung und solchem Tem Temperament, daß sie bei großen französischen Szenen in den
412 2371 3051 2483 perament vor, daß ich das Gefühl hatte, niemand würde die Armen ihres Partners unter Thränen zusammenbrach. Sie spielte Stricke
1660 2422 3037 2497 nicht, sie erlebte als Schauspielerin. Ihr tragisches Ende war das von
412 2456 1636 2537 Titelrolle besser spielen können als der Dichter selbst. Jetzt ist Unruh
1660 2459 3034 2588 physiologische Endglied dieser rätselhaften künstlerisch fein¬ wölkte
418 2503 1636 2571 Ordonnanzoffizier bei einem Stabe. Als er nun in Berlin da¬
2908 2517 3027 2571 zende
1660 2541 1949 2619 gefügten Kette.
412 2551 1639 2626 Leben und Treiben mitten in der Kriegszeit sah, nachdem er über
2918 2561 3034 2616 versuch
1779 2568 2894 2650 Eines aber möchte ich noch betonen: Wie immer künstlerisch
415 2592 1643 2673 sieben Monate an der Front gewesen war, da sagte er zu mir
412 2609 3024 2735 daß er sich auf den Tag freue, da er wieder hinausziehen werde, und menschlich geartet die Individualitäten der deutschen Bühnen
1670 2677 2891 2748 sein mögen, zwischen Privattheatern und Hoftheater wird immer
418 2687 1643 2769 Das Leben im Felde habe ihn völlig gewandelt, er glaube, alles
412 2735 2894 2840 was er bis dato geschrieben habe, sei gering zu dem, was ihn der Unterschied sein und bleiben und geistig überragende Bühnen¬
2915 2731 3048 2809 Linken
1673 2765 2888 2847 leiter wie Reinhardt und Barnowsky müssen ungleich gleich
418 2782 1588 2874 jetzt physisch und psychisch beherrsche. Dieses so undeutsche,
425 2799 3044 2922 gerade Bekenntnis machte auf mich einen tiefen Eindruck. Unruh mäßigere Leistungen zuwege bringen wie die Hoftheater. Hier vorbe¬
1677 2847 3034 2942 sucht sich einer das Material an Individualitäten heraus und ausge¬
2911 2898 3037 2952 wende
415 2888 1646 2966 erzählte mir auch, daß er schon Paris in diesem Krieg, allerdings
1673 2908 2894 2983 bildet es sich heran, das er für seine Ziele und Absichten braucht
2911 2942 3017 2997 über,
415 2932 1646 3003 nur im Flugapparat, gesehen habe, daß er einmal nach einen
429 2959 2894 3054 leichten Kopfschuß auf dem Felde liegen geblieben und von den dort arbeiten vier bis fünf Regisseure in Oper und Schauspie
2918 2990 3034 3051 stehen
1673 3010 2894 3082 und jeder der fünf Köpfe hat seine besondere Wertung für das
425 3027 1650 3136 Franzosen, die ihn für tot gehalten hatten, bis aufs Hemd aus
1670 3037 3041 3129 Material. Hier Zentralisation nach einem Willen, dort unsere
429 3095 803 3184 gezogen worden sei.
541 3088 3034 3214 Wenn Sie mich nun fragen, mit welchen Bühnen=Dezentralisation nach mehreren Geschmackern und Auf meine
2925 3133 3044 3214 sind
425 3153 2891 3255 leitern ich persönlich näher Fühlung gehabt habe, so will ich fassungen. Alle aber streben — oder sollten es wenigstens an
1684 3214 2503 3303 streben — einem Ziele zu: dem Erfolg
2928 3218 3031 3286 Alles
432 3228 1656 3316 nur die Namen Baron Speidel, Freiherr v. Franckenstein, Rein
1792 3245 2908 3333 Und der Erfolg ist ausschlaggebend im Leben, mehr noch
2922 3275 3058 3337 Auber
429 3296 1119 3367 hardt und Barnowski herausgreifen.
2480 3306 2874 3394 J. M. Jurinek.
2928 3326 3051 3384 donne
1687 3306 1946 3405 in der Kunst.
548 3299 1670 3415 Baron Speidel war ein Intendant, der das Theater
2932 3374 3048 3432 äußer
2585 3374 2888 3462 (Nachdruck verboten.)
425 3367 1667 3462 brennend liebte, der für alles, was in seinen Theatern vorging,
2928 3422 3044 3476 sie si¬
435 3428 1667 3510 das allergrößte Interesse hatte, angefangen vom ersten Sänger und
2928 3462 3051 3534 Schla¬
1786 3435 2809 3578 An der englischen Front.
442 3476 1667 3558 Schauspieler bis zum letzten Bühnenarbeiter und Boten. Speidel
2928 3520 3041 3575 von
439 3524 1670 3629 lebte und webte nur für das Theater. Sein Nachfolger in
2925 3561 3024 3616 vom
1966 3534 2639 3639 Merville-Estaires-Lavantie.
435 3582 1592 3653 München ist Freiherr v. Franckenstein geworden,
2925 3605 3048 3680 kehren
2258 3619 2357 3684 Von
439 3622 1612 3701 Intendant, der in seiner neuen Stellung restlos ausgeht, der
1912 3639 2690 3735 Max R. Funke (San Francisco).
432 3660 1677 3752 die Zukunft wird es beweisen — die Münchener Hofoper wie das
2932 3673 3034 3762 licher
446 3714 1673 3792 Hofschauspiel mit seinem vorwärtsstrebenden modernen Geiste und
2939 3752 3061 3809 seinen
449 3697 2915 3874 seinem rastlosen Tatendrang, sobald wieder ruhige Zeiten sein (Die Ruinen eines flandrischen Gutes. — Finstere Wohnungen. — Der
1731 3775 2884 3847 „amerikanische Choral." — Verbrannte Bauerngüter. — Lavantie.)
2932 3792 3082 3860 strohge
442 3809 1384 3898 werden, zu einer Epoche neuer Blüte leiten wird.
1806 3820 2908 3905 Weder Wagen noch Autos in dieser kleinen flandrischen
2932 3850 3078 3932 gefange
565 3847 1670 3939 Mit Barnowski bin ich befreundet, er ist einer der
1687 3881 2911 3949 Stadt heute. Indes reisen die Zivilisten keineswegs im Auf¬
446 3922 1670 3986 temperamentvollsten und zugleich energischsten Theaterleiter
1694 3925 2915 4000 durch eine Gegend, die der mißtrauischen Ueberwachung der Eng¬
446 3959 1667 4034 die ich kenne. Vor zwei Jahren war ich im Sommer mi
1694 3983 2911 4044 länder obliegt. Wir gehen also auf Schustersrappen die sieber
2939 3959 3071 4092 Die
442 4003 1670 4082 Barnowski in Rimini, dort hat er sein Regiebuch zu Peer Gyn
452 4020 2918 4139 ausgearbeitet, eine Tat, die durch 150 Wiederholungen des Kilometer, die Merville von Estaires trennen. Es regnet in
1697 4071 2915 4143 Strömen und welcher Regen und welcher Schlamm! Ja, das ist
2935 4082 3112 4160 (Ein Vor
456 4112 1286 4194 Stückes in Berlin ihren reichen Lohn fand.
1704 4122 2911 4194 Flandern mit seinen Windmühlen und Häuschen im Schlamm. Is
2932 4143 3085 4190 Ballette.
565 4146 1680 4231 Unter Reinhardt habe ich vier Jahre gearbeitet, er
2939 4177 3116 4258 lasterhafte
1711 4167 2918 4245 schon in Rußland der Schlamm ein Greuel, hier in Flandern ist
446 4211 1684 4272 ist unstreitig der phantasievollste deutsche Theaterleiter. Reinhardt
1803 4207 2922 4272 nach mehr. Der Regen peitscht mir kalt ins Gesicht und ein
