3344 4256
1131 277 1561 406 box 41/6
271 302 925 417 Miscellanes
233 1240 388 1336 Wien
208 1327 344 1429 1
1932 1425 3036 1504 „Könige könnten mehr sein als der sichere Bühnenerfolg eines
767 1446 1886 1519 Friedrich heranrückt, wie selbst Elisabeth schwankt gleich ihm
1936 1486 3032 1548 Winters. Manche Frauen weinten bei der im ganzen vortref¬
773 1494 1877 1567 und schließlich beide ihr Glücksverlangen der Pflicht opfern.
123 1490 558 1602 und Kunst.
1927 1536 3036 1600 lichen Aufführung; sie haben sich ihrer Tränen nicht zu
775 1548 1877 1617 Im Münchner Schloß spielt der letzte Akt; während Adel und
1942 1577 3044 1644 schämen. Aus Kriegsnot geboren, pocht dies Stück Menschen¬
773 1594 1882 1667 Bürger Ludwig zum Achtbrief gegen den Verräter Friedrich
119 1579 338 1682 theater.
1932 1627 3042 1694 seid an die Herzen und ihm wird aufgetan. Es ist nicht die
775 1652 1886 1717 drängen, steht dieser plötzlich im Saal, getreu dem Wort, voll
119 1636 640 1736 uspiel von Hans Müller.
1934 1675 3038 1740 endgültige, jedoch eine recht annehmbare Lösung. Wer lediglich
786 1692 1884 1767 Bitterkeit gegen sein Schicksal. Wieder folgt ihm ohne sein
131 1715 719 1796 der Gegenwart so stolze Namen
1940 1727 3042 1794 Meisterwerke von Jahrhundertswert anerkennt, mag dies
779 1744 1882 1813 Vorwissen die Gattin, innerlich tiefgerührt teilt Ludwig die
146 1771 719 1848 Schnitzler und den jungen Anton
1940 1777 3044 1840 Drama leichtlich bespötteln; für das deutsche Theater ist der
775 1796 1890 1877 Krone mit dem, der seinem Rat gemäß sich selbst überwunden,
117 1827 738 1892 nur noch Gerhart Hauptmann
1934 1830 2715 1892 Autor der „Könige wieder eine Hoffnung.
786 1846 1888 1923 und ergreifend endet das Drama mit dem Ruf der für immer
121 1873 725 1936 eisere Talent fügt sich an. Was
2027 1850 3051 1938 Das Burgtheater nahm sich unter Heines kluger Regie
786 1900 1761 1973 Erblindeten: „Ich sch! Ich seh!" als höchstem Jubel.
125 1919 733 1984 laute Hans Müller nach allzu¬
1940 1917 3049 1988 des Schauspiels mit erfolggekröntem Eifer an. Else Wohl¬
1942 1965 3049 2040 gemuth (Elisabeth) und Harry Walden (Friedrich der
144 1969 729 2034 für Sonnenthal geschriebenen
888 1952 1888 2042 „Rührstück!" Wie schnell dürften solche mit dem Vor¬
1946 2017 3051 2080 Schöne) als getrenntes, sehnsuchtsvoll einander begehrendes,
131 2019 729 2090 Mißkredit geriet, durch die ent¬
786 2015 1890 2096 wurf sein, die Mannesstärke mit Herzenskälte verwechseln.
1940 2080 3051 2140 wiedervereinigtes, aus eigenem Entschluß nochmals ausein¬
138 2067 723 2128 Satire „Hargudl am Bach" als
790 2071 1877 2140 „Könige (der Titel für Schillers Gedicht „Deutsche Treue
1938 2115 3044 2180 andergerissenes und endlich für immer zusammengefügte
129 2121 725 2194 Burgtheaters von Schlenther be¬
786 2119 1890 2192 hätte besser gepaßt) sind ein rührendes Drama, aber weit ab
1940 2163 3055 2232 Ehepaar riefen stärkste Ergriffenheit hervor. Hans Marr als
788 2165 1896 2232 vom trivialen Rührstück. Wie die klangschöne Verssprache des
123 2159 733 2232 Stand doch auch „Der reizende
1948 2211 3055 2273 Ludwig der Bayer war von glaubhaftester Biederkeit und herz¬
790 2217 1898 2280 Werkes hie und da von banalen Wendungen nicht
119 2219 736 2282 er auf keinem hohen Niveau. So
1955 2257 3057 2323 licher Teilnahme für die Erblindete. Max Devrients
790 2265 1900 2338 freiblieb, so die Süßigkeit der ehelichen Neigung nicht
125 2261 727 2325 sen" mit Mißtrauen entgegengetre¬
1952 2303 3059 2378 scharfgeprägter Herzog Leopold stellt in vorzüglicher Maske
794 2313 1892 2392 stets von beigemengter Süßlichkeit. Doch wäre es sehr
129 2321 736 2380 er ist die seltene Enttäuschung
1955 2361 3063 2421 diesen „Tod in Menschenkleidern" hin, der „selbst sich hat,
794 2363 1911 2432 ungerecht, dies Beiwerk als Hauptgericht hinzustellen.
131 2375 740 2432 8jährige 1910 im „Wunder des
1952 2403 3059 2473 drum wird er nicht geliebt. Unbefriedigender Tiedtke als
794 2415 1905 2486 Im Gegenteil, man darf ein Verdienst Müllers darin erblicken,
138 2417 740 2492 omantisches Drama in fließenden
1961 2463 3061 2519 Schweppermann, der schon vom Verfasser zu nah ans Komische
790 2473 1905 2528 mitten im Weltkrieg eindrucksvoll an das Leid der Unterliegen¬
146 2465 738 2540 gebracht, so zeigen „Könige ihn
1957 2507 3071 2571 gerückt wurde, unzulänglich wie stets Höbling (König von
792 2511 1907 2580 den, der Vereinsamten, der Verkrüppelten gerade im Theater
138 2519 740 2596 sechnik ungleich sicherer, des Hand¬
1961 2546 3063 2615 Böhmen), nett Tilly Kutschera (Walter), von gewohnter
796 2559 1902 2636 zu mahnen, wo so viele leichtgesinntes Vergessen suchen, das uns
150 2573 356 2642 recht nahe.
1961 2603 3067 2665 Tüchtigkeit Arndt, Herterich, Siebert. Marie Mayen
794 2619 1913 2669 nicht ziemt. Die geschichtliche Tatsache der aus Gram erblin¬
135 2584 746 2688 hundert ist vorüber seit Uhland,
1952 2646 3069 2715 tritt bloß in der einzigen vom Dichter verfehlten Szene auf, die
794 2655 1911 2723 deten Frau des Gefangenen ist zu erschütternder poetisch theatra¬
127 2663 752 2734 lichter, den seither ebenso oft, wie
1961 2694 3063 2761 Ludwig als guten Reichsverwalter zeigen will und ihn als
800 2711 1911 2773 lischer Wirklichkeit und Wirkung gestaltet. Die Erinnerung an
115 2709 742 2788 vom Zwist der Gegenkönige Lud¬
1967 2742 3082 2815 Pfennigsuchser charakterisiert. Diese Mechtild träfen mehrere
806 2753 1911 2819 das aus Knabenfreundschaft und Mannessehde geborene Dop¬
129 2759 756 2823 derlage Friedrichs bei Mühldorf,
1967 2798 3074 2863 Kolleginnen ebenso gut, während keine andere mit gleicher
800 2811 1911 2876 pelkönigtum, das in dieser Form nur unsere mittelalterliche
129 2813 756 2880 der Entlassung als Entsagung, der
1963 2840 3071 2903 Einbringlichkeit wie Fräulein Wohlgemuth die Sym¬
808 2851 1911 2913 Geschichte kennt (mag auch die verschönernde Überlieferung den
135 2873 761 2934 fangenschaft und der gemeinsamen
1963 2890 3071 2961 pathien für die zur blinden Flehenden erniedrigte, ehrgeizige
800 2896 1911 2961 Realisten Ludwig idealisieren), tut in diesen Tagen doppelt
131 2913 758 2984 ohne Glück im Panzerrasselnden
1973 2938 3071 3007 Fürstin wecken möchte; auch das äußere Gehaben spät Erblin¬
808 2942 1913 3015 wohl, selbst wo manche Ähnlichkeit gar zu nachdrücklich unter¬
135 2959 748 3034 ayer" behandelte. Müllers Schau¬
1969 2984 3074 3051 deter war naturgetreu getroffen. Wie vorzüglich bringt Wal¬
808 2994 1911 3069 strichen wurde. Hans Müller griff zur rechten Zeit nach den
152 3003 756 3074 dort, wohin Uhland (und ebenso
1969 3034 3078 3101 den das umwandelnde Entsetzen Friedrichs bei der Kunde,
804 3042 1911 3124 rechten Stoff und formte ihn als Künstler. Die Leistungen des
138 3065 758 3124 vierten seiner fünf verwandlungs¬
1980 3078 3082 3153 sein Weib sehe nicht mehr, zum Ausdruck, wie überzeugend wirkt
815 3090 1917 3165 gesamten deutschen Volkes in Waffen, unter den schwarz=gelben
123 3109 763 3178 Auf Burg Trausnitz sucht die er¬
1969 3132 3078 3199 bei ihm und Marr der an sich nicht unbedenkliche Ringkampf
815 3144 1921 3219 wie unter den schwarz=weiß=roten Fahnen, sind so überwälti¬
135 3151 763 3224 innt den verlorenen Gatten; ihr
1973 3178 3086 3249 mit dem Übergang zur brüderlichen Umarmung. In solchen
815 3194 1921 3263 gend unvergleichlich, daß sie kein Lob der Heimgebliebenen
150 3209 767 3265 bestimmen Ludwig, den Jugend¬
1975 3226 3088 3301 stummen Szenen zeigt sich das wahre Können. Auch Müller
815 3236 1919 3319 erhöhen kann. Allein gut und nützlich ist es aus einer Vergan¬
144 3261 769 3332 historisch dauerte die Haft halb so
1975 3284 3086 3347 hat mit dem Genius des Dramas gerungen und ihn nicht ge¬
821 3280 1925 3359 genheit, die nie der Vergessenheit anheimfallen soll, erhebende
138 3305 767 3367 in die Verpflichtung zurückzukehren,
1975 3319 3084 3392 lassen, bis er ihn mit dem reichsten Beifall der Zuschauer
817 3336 1917 3401 Großtaten der Selbstbewährung durch Unterordnung der
138 3353 767 3426 Friedrichs sich weigern, Ludwig als
1975 3374 3092 3453 segnete. Freuen wir uns der Rückkehr dieses verlorenen Sohnes
817 3380 1932 3455 kleinen Ich unter den Volkswillen, den Staatsgedanken und
165 3405 769 3478 Der Mittelakt zeigt — ohne die
1975 3422 3103 3494 und harren wir des Größeren, dem er vorausgeht. Von
817 3432 1934 3503 das Pflichtbewußtsein ins Leben zurückzubeschwören. Das ist
146 3451 769 3517 tration des ersten, doch farbig be¬
1975 3469 3094 3559 Königen führte der Weg einst abwärts, nun aufwärts zum
823 3480 1934 3549 Müller gelungen, seinen Hauptgestalten rinnt warmes Blut
142 3503 773 3576 oß zu Wien nicht glückt, wie nahe
2782 3515 3063 3601 Em Mich.
1975 3534 2267 3592 „Volk in Not“.
817 3532 1942 3611 in den Adern, so kärglich ein paar Nebenfiguren bedacht sind.
148 3544 775 3626 Papst gebilligten) Wortbruches an
800 3563 2471 3699 Verantwortlicher Schriftleiter 1. V. Frin Wolkenberg. — Druck von J. N. Bernay, Wien, IX.
242 3638 746 3738 Herausgeber Carl Colbert.
