3436 4320
1199 299 1624 405 box 41/5
199 316 1014 410 1. Miscellaneous
1866 436 3008 496 voll neuer Beziehungen auf unsere neue Zeit. Welch ein
1886 487 3008 558 Jammer (freilich beinahe bestimmt voraussehbar, daß diese
1874 536 2561 598 Aufführung so ganz und gar abfiel!
1957 556 3011 627 Die Götzform, die wir gestern sahen, hat mit allen
1866 612 3008 672 Mitteln getrachtet, das Drama des Ritters mit der
1877 661 3011 712 eisernen Hand aus all dem vielen Beiwerk, das durch
1880 695 3008 752 die mannigfachen Fassungen der Dichtung hinzugekommen
1883 746 3005 798 ist, herauszuschalen. Nicht zuletzt wurde dies dadurch
1883 786 3005 838 erreicht, daß der dramatische Gegensatz zu dem biederen
1886 829 3008 880 Götz=Gedanken, nämlich das Drama Weislingen schärfer
1883 875 3011 926 herausgehoben und ins Licht gestellt wurde. In dem Maße,
1889 920 3011 969 in dem Weislingen in seine Untreue verstrickt wird und
1889 957 3014 1008 trotz scheinbarer Oberhand doch schließlich der Unterliegende:
1886 1006 3008 1054 pleibt, in eben diesem Maße hebt sich die ganze Größe des
1894 1043 3008 1097 einen Götz aus all seinem Ungemach zu sieghaftem
1892 1094 3008 1142 lebergewichte empor. Und was wir von den neuen
1886 1125 3011 1185 Beziehungen des Dramas zu unserer neuen Zeit sagten:
1102 1111 1649 1214 REICHSPOST, WIEN,
672 1125 1054 1222 Ausschnitt aus:
1886 1179 3008 1228 Wahrhaftig! Solche unbeugsame, von ihrem besseren Fühlen
1892 1222 3005 1268 und Wissen beseelte Männer, solche Männer mit eisernen
1208 1222 1481 1316 NOS
675 1248 818 1316 vom
1897 1262 3005 1316 Fäusten, hat sie unsere Zeit nicht in hunderttausend
1874 1282 3003 1362 Gestalten wieder erlebt? Solchen Männern, die ingrimmig
1874 1350 3011 1402 lachen, wenn ihnen das Nahen einer zehnfachen Uebermacht
1874 1393 3005 1453 gemeldet wird, die sich ihr ohne einen Augenblick des Zagens
781 1353 1792 1490 Theater, Kunst, Musik.
1874 1430 3005 1484 entgegenwerfen, begegnen wir solchen feldgranen Männern
1877 1473 3005 1530 nicht tausendfach: Vor allem aber: In einem beginnenden
914 1481 1581 1581 Der neue „Götz".
1883 1524 3011 1575 Wandel, in einer gewaltigen Verschiebung der Kräfte das
1880 1564 3017 1618 als wahr erkannte Alte verteidigen, mit hohem Mut, mit
706 1535 1815 1635 Das gestrige Burgtheaterereignis.
1889 1612 3011 1664 wildem Trotz und ingrimmiger Unablässigkeit dafür ein¬
815 1615 1852 1669 Diese „Götz-Aufführung, die gestern eine halbe Stunde
1886 1652 3008 1698 stehen.... ist das nicht heute wieder wie nur
718 1655 1855 1718 vor Mitternacht zu Ende war und deren Gäste die Straßen¬
1886 1692 3003 1766 einst, und je die Tat unserer Besten geworden
712 1706 1855 1758 bahn schon im Sonderwagen heimbefördern mußte, war ohne
1886 1738 3011 1795 Auf Schritt und Tritt offenbaren sich nun in
732 1749 1855 1806 Zweifel ein Ereignis in der Theaterstadt Wien. Eines von
2689 1778 3005 1840 fast eineinhalb
1886 1786 2624 1835 dem Drama Goethes, das nun
724 1795 1846 1852 jenen Ereignissen, bei denen dabeigewesen zu sein sozusagen
1889 1829 3014 1894 Jahrhunderte alt ist, die treffendsten Beziehungen zu den
721 1843 1857 1894 zum guten literarischen Wiener Ton gehört, eines von jenen
1880 1866 3003 1920 Kampfe unserer Tage. Kein Literaturstäublein deckt für
729 1880 1852 1934 Ereignissen, die wieder einmal ein volles Haus gebracht
1880 1914 3011 1963 lebendige Menschen von heute dieses lebendige Drama,
726 1923 1849 1980 haben. Wohlgemerkt: Ein Ereignis nicht durch die neue
1883 1954 3008 2008 wenngleich mancherlei darin nur zu verstehen ist, wenn man
726 1971 1852 2017 wissenschaftlich interessante „Götz=Form, welche aus der
1892 1997 3008 2045 sich ganz in den Geist seiner Entstehungszeit und seines
732 2017 1855 2068 Zusammenziehung aller Goetheschen Götzfassungen ent¬
1883 2045 3011 2100 Dichters hineinzudenken vermag. So fällt ein Dutzendmal
1048 2048 1701 2105 ein Ereignis nicht dadurch,
729 2062 875 2114 standen
721 2082 3005 2154 Herr Reimers das Erbe Baumeisters in der Titelrolle an das Wort „Pfaff, und ein wenig kindisch mutet es an,
1880 2119 3011 2179 wenn in so hoher dichterischer Umgebung kein treffenderes
724 2145 1769 2199 getreten hat, auch nicht ein Ereignis dadurch, daß
1883 2174 3008 2222 Wort zur Hand ist, um Bosheit, Tücke, Falschheit zu kenn¬
721 2182 1849 2245 meisten Rollen überhaupt neu und mit neuen Leuten besetzt
729 2213 3008 2279 waren, sondern ganz einfach ein Ereignis dadurch, daß zeichnen. Hier zeigt sich der Goethe des Urgötz, jenes dreiund¬
1880 2256 3008 2319 zwanzigjährige, dichterisch explosive, allein gedanklich noch recht
715 2273 1852 2325 überhaupt wieder einmal nach zehnjähriger Pause der
1880 2296 3005 2353 unklare Genie, dessen Ausschreitungen eine klügere Regie wohl
721 2310 1857 2373 „Götz" auf die Hofbühne gekommen ist. Und dies ist der
1883 2347 3005 2399 mit ruhigem Gewissen hätte Einhalt tun können, selbst wenn
724 2362 1846 2410 Schatten, der auf das Ereignis fällt: Man muß heute die
1889 2390 3005 2441 dies auf Kosten der historischen Korrektheit des Bühnentextes
732 2401 1855 2450 Tage, an denen dieses Theater den Klassikern gewidmet
1886 2427 3008 2478 gegangen wäre. Indessen ist ja katholisches Wesen zu
729 2441 1852 2498 ist, förmlich rot anstreichen, man muß sie besonders
1892 2473 3008 2530 schützen, katholischen Besitzstand des Gemutes zu wahren
721 2484 1857 2538 feiern und in jeder Klassikeraufführung förmlich ein
1886 2515 3008 2572 der heute am Burgtheater herrschende Geist nicht geneigt
732 2530 1855 2587 sensationelles Ereignis erblicken. Und doch sollten die
1883 2552 3005 2615 und so verschanzt sich denn die Regie in diesem Belange
721 2572 1857 2627 paar klassischen Stücke unseres deutschen Bühnen¬
1883 2595 3014 2664 wohl mit Behagen hinter die Erfordernisse der textlichen
729 2621 1855 2669 besitzes ohne jegliche Unterbrechung zum eisernen
1883 2652 2174 2718 Manuskriptreue
721 2661 1849 2718 Bestande der Hofburgtheaters gehören. Wenn Neubesetzungen
1966 2658 3003 2740 Was nun die technische Seite der Aufführung anbe¬
729 2712 1846 2758 notwendig sind, so sollten sie ganz automatisch, ganz un
1883 2715 3008 2786 langt: Eine rasche Folge schön gestellter Bilder, auf der
726 2749 1849 2803 merklich vor sich gehen. Mit einem Wort: Es soll keine
729 2772 3008 2837 Sensation abgeben, wenn im Burgtheater „Götz" gespielt Drehbühne mit kaum minutenlangen Pausen in den Raum
1886 2817 3008 2874 gerückt. Bilder von enger, aber tadelloser Schönheit.
729 2837 1852 2891 wird. Die Freude, daß wir ihn nun wieder haben, wird
1880 2857 3008 2911 Eines davon ist ein Erlebnis: Der Wachturm, durch dessen
729 2874 1852 2934 ganz wesentlich beeinträchtigt durch den gewiß sehr be¬
1894 2903 3011 2963 Fenster man auf ein blaues Meer wogender Waldwipfel
726 2914 1849 2977 rechtigten Aerger darüber, daß wir ihn so lange Zeit über
1889 2948 3011 3003 hinuntersteht, auf denen ein Sommertag seinen ganzen
729 2963 1852 3011 nicht mehr hatten. Wer dafür verantwortlich zu machen
1886 2991 3017 3042 Glanz und Schimmer webt. Die Bilder stammen von Pro¬
732 3008 1855 3060 ist, daß unserer Hofbühne die selbstverständlichsten Auf¬
1897 3034 3014 3117 fessor Roller, dem feinfühligsten Bühnenmaler, den das
724 3045 1855 3099 gaben verdunkelt werden, daß sie erst einer besonderen
1883 3085 2498 3156 Theater seit langem gehabt hat.
724 3094 1852 3148 Kraftanstrengung, eines gewaltsamen Zusammenraffens
1968 3097 3005 3179 Darstellerisch hatte das Burgtheater gestern vollen
726 3139 1843 3185 ihrer künstlerischen Energie bedarf, um das zu vollführen
1883 3159 3008 3219 einen Ehrenabend ohne gleichen. Der Götz des Herrn
721 3179 1852 3228 was ihre selbstverständliche Aufgabe ist und ohne wochen¬
1880 3208 3005 3270 Reimers hielt sich in höchster Ebenbürtigkeit aufrecht
724 3225 1846 3273 lange Vorankündigung getan werden sollte, daß sie das
1889 3248 3003 3307 neben der vergleichenden Gegenüberstellung der einzigen
726 3268 1849 3319 was ihr als Regel obliegt, zur ruhmredigen Ausnahme
1880 3287 3008 3347 uns Jüngeren geläufigen Götz=Tradition: Baumeister. Er
732 3313 1849 3359 macht, wissen wir nicht. Dies eine aber ist klar: Für ein
1886 3327 3008 3393 war von einer wunderbar klaren Güte, von einer durch
726 3350 1849 3407 Theater, das sein Ziel darin erblickt, Schnitzlerischen Schmu¬
1889 3373 3011 3436 Gutherzigkeit gebändigten Kraft, von einem so starken, schlich¬
721 3396 1852 3447 und Schönherrsche Erotik möglichst künstlerisch in Bühnen¬
1886 3424 3014 3478 ten Wesen, wie man es sich nur immer zu wünschen vermag.
729 3438 1852 3490 kunst umzugestalten, für ein solches Theater ist Goethe
1883 3461 3008 3524 Wie denn überhaupt die größten Tage dieses Künstlers jetzt
729 3478 1855 3535 freilich eine Ausnahme, die man einmal in zehn Jahren
1883 3510 3011 3569 zu strahlen beginnen, jetzt, da er in ergrauendem Haare das
721 3524 1857 3578 macht, die man viele Monate vorher umfangreich ankündigt —
721 3550 3008 3615 und von der man bald wieder abrückt. Dies ist das retorisch polternde seiner bisherigen Tätigkeit allgemach
1883 3595 3005 3646 ablegen und sich dem verklärenden Schimmer reiferen
735 3609 1849 3661 schmerzliche gewesen an dem gestrigen Abend, daß er ein
1883 3632 3008 3689 Menschentumes erschließen wird. Dies wurde uns gestern
726 3649 1849 3703 Ereignis war. Das ist das Traurige an diesem Theater
1886 3681 3008 3735 deutlich bewußt, als wir ihn neben dem Weislingen des
721 3692 1849 3743 Daß alles Große, was sich auf ihm zeigt, gleich wie ein
1886 3720 3003 3772 Gerrn Walden stehen sahen, der noch ziemlich weit von
721 3740 1852 3786 Gipfel aufragt aus seiner Fläche, deren stumpfe Niedrigkeit
1892 3769 3011 3832 jenem tiefmenschlichen Künstlersein mitten im Artistischen
721 3783 1849 3829 dadurch sinnfälliger wird denn je. Und noch ein Zweites
1886 3800 3008 3863 steht, als ein großer Könner, aber kein Versteher. Seine
718 3829 1852 3891 war traurig gestern abend: Die Aufführung schlug nicht
1886 3846 3003 3906 Sterbeszene ist ein schauspielerisches Meisterstück und läßt
721 3871 1857 3920 ein! Mit unsäglicher Mühe auf die Beine gebracht, mit
1883 3891 3008 3948 doch so ganz kalt! Fräulein Wohlgemut als Adelheid
721 3908 1849 3965 allem Fleiß und aller erdenklicher Sorgfalt vorbereitet, von
1883 3934 3005 3988 brachte eine Enttäuschung, die nicht ihr zur Last fällt,
721 3951 1846 4002 allen ersten Kräften der Hofbühne gefördert, schlug sie
1894 3980 3008 4042 sondern dem Regisseur, der sie an falsche Stelle setzte. Wir
715 4000 1843 4054 dennoch nicht ein! Fünfundzwanzig Szenen gab es und
1889 4022 3005 4079 glauben, sie wäre eine ganz vortreffliche Maria gewesen. Der
721 4034 1849 4099 wohl zehnmal ging der Vorhang nieder, ohne daß sich auch
1883 4065 3005 4119 Georg des Herrn Romberg war frisch und voll treu¬
718 4082 1855 4131 nur eine einzige Hand zum Beifalle gerührt hätte! Die
1886 4102 3003 4165 herziger Jugendlichkeit, doch rein äußerlich vielleicht doch ein
1766 4122 1849 4173 Den
724 4125 1735 4182 anderen Male gab es einen ganz dünnen Beifall.
724 4153 3003 4222 einzigen, wirklich nennenswerten Beifall des ganzen, vier wenig zu erwachsen. Frau Bleibtreu und Medelske
