3436 4320
233 275 328 349 1.
1240 258 1670 357 box 41/6
387 260 1059 362 Miscellaneous
328 1101 736 1207 Ausschnitt aus:
788 1153 1497 1284 ung oder
633 1189 805 1291 —
332 1232 473 1288 vom
1158 1335 1298 1415 Wien
796 1383 1328 1480 Deutsches Dagblatt
761 1451 1356 1569 Gautsche Mund
986 1528 1136 1621 gen
425 1600 1358 1681 Die armen Schweizer! Die Mitglieder der Züricher
318 1636 1362 1731 städtischen Bühne haben künstlerisch bei uns in Wien
329 1719 1352 1770 wirklich schöne Erfolge gehabt. Wenn sie nun auf dem
333 1756 1355 1824 Abend der „Concordia“ un sich geblickt haben, da wer¬
333 1802 1357 1854 den diese wackeren Schweizer Künstler von dem deut¬
350 1849 1349 1895 schen Wien einen ganz merkwürdigen Begriff be¬
336 1891 1352 1939 kommen haben! Denn sie sahen dort als „Repräsen¬
329 1931 1352 1998 tanten der Kohnkordia“ den Siegmund (!) Ehr¬
339 1977 1352 2023 lich, den Raoul (!) Auernheimer, den Bern¬
329 2011 1352 2071 hard Münz, den Julius Bauer, den Alfred
339 2062 1372 2140 Deutsch, den Alexander Engel, den Quo¬
318 2163 1345 2219 wig Hirschfeld, den Hugo v. Hofmanns¬
327 2204 1347 2267 thal, den Leopold Jakobson, den Emil
318 2258 1341 2310 Kläger, den Siegfried (!) Löwy, den Lothar
316 2293 1339 2357 Rink, den Alexander Salkind, Felix Sal¬
318 2337 1344 2401 ten=Salzmann, den Moritz Scheyer, den
324 2382 1340 2457 Artur Schnitzler, den Robert Spitzer, den
320 2425 1332 2476 Julius Stern — wer kann alle Juden nennen
318 2471 1349 2521 Aber die Schweizer werden das erhebende Bewußtsein
327 2513 1341 2573 in ihre ewigen Berge mit zurücknehmen, daß die
327 2548 1336 2601 Wiener „Concordia ein literarisches Kohn¬
336 2598 1343 2656 ortium ist, in dem nicht ein Literare¬
320 2644 1340 2695 Blut zu finden ist. Der angenehme morgenländische
318 2680 1331 2738 „Morgen" schreibt dazu: „Alfred Grünfeld (1
320 2726 1332 2782 hielt seine Begrüßungsansprache auf dem Klavier und
318 2776 1340 2831 erhielt insbesondere für den hinreißend gespielten
329 2815 1341 2873 Frühlingsstimmenwalzer stürmischen Dank. Dann fang
320 2858 1334 2907 Herr Alfred Piccaver (!) mit der bezaubern¬
318 2896 1340 2955 den Innigkeit seiner schönen Stimme
324 2947 1334 3001 zwei Lieder, deren Vortrag das Publikum entzückte.
320 2992 1340 3043 Den Schluß und Höhepunkt dieser Vorträge bot die
327 3029 1345 3078 Kammersängerin Frau Kurz, (!) die ein Lied, eine
318 3074 1340 3128 Arie aus „Maskenball“ und den Delirienwalzer von
318 3116 1343 3172 Josef Strauß, herrlich bei Stimme, mit einer Meister¬
324 3162 1349 3207 schaft und Vollendung sang, die den Zuhörern den
326 3209 1340 3260 Atem verschlug. Die Reinheit, Kraft und Ausdauer
324 3247 1345 3303 dieser Koloraturkunststücke erweckte bei allen Zuhörern
320 3295 1336 3347 hellste Begeisterung. Grünfeld Piccaver¬
320 3335 1369 3416 Frau Kurz die Schweizer haben Respekt bekommen
315 3380 1041 3435 vor der „daitschen") Musikstadt Wien.
404 3394 1338 3490 Anton Hannek Am 7 h. jährt sich um 7.
1810 604 2114 743 10.40
2271 622 2869 764 MENER CARICATURE
2044 900 2823 1071 Der-Krieg und -die-Theater.
2041 1114 2905 1179 Direktor v. Millenkovich ist von
1953 1160 2908 1242 dem bekannten Theaterfachmann Max
1953 1207 2905 1302 Epstein über das christlich-germanische
1948 1272 2910 1379 Schönheitsideal interview worden. „Ich
1953 1338 2908 1411 bleibe konsequent bei dem, was ich gesagt
1960 1404 2909 1474 habe“, äußerte der Burgtheaterredner,
1960 1443 2913 1536 „und Sie wissen ja, wie ich mich bei dem
1960 1498 2916 1596 Schweizer Bankett mit Schner und
1959 1565 2916 1650 Hofmannsthal angefreundet habe. Im
1969 1627 2918 1713 übrigen gedenke ich Herrn Morgen und
1964 1692 2776 1780 Herrn Eisenbach zu engagieren.
2068 1744 2910 1838 Viktor Leon, der dramatische Kinder¬
1970 1816 2909 1906 verzahrer zerrt in seinem neuen Sing¬
1974 1880 2920 1964 spiel wieder kleine Kinder en masse auf
1980 1931 2926 2024 die Bühne. Direktor Wallner soll ihn
1972 1989 2924 2079 gebeten haben, extra für das Volks¬
1978 2058 2926 2142 theater ein Kinderstück zu schreiben.
1970 2109 2918 2207 Die Stars kämen (inklusive „Greuel")
1993 2181 2731 2254 auf K 1.60 pro Kopf zu stehen.
2083 2236 2924 2343 Als Revanche für die norwegische
1987 2309 2927 2397 Künstlerhetze gegen Nikisch, hat der
1982 2363 2933 2461 König von Baiern dem Russen Jadlowker
1989 2445 2680 2522 einen hohen Orden verliehen.
2079 2501 2952 2580 Kammerspielvirtuose Bernau er¬
1989 2552 2941 2657 öffnet seine Operettenspielzeit mit
1989 2619 2939 2705 dem „Zylinder“, einem Schwank ohne
1995 2703 2152 2780 Musik.
2089 2743 2942 2849 Der Librettist von „Liebchen am Dach,
2066 2811 2947 2893 ein Muster der deutschen Grammatik,
1994 2870 2944 2961 hofft, daß das Publikum jeden Abend
1995 2947 2775 3022 befriedigt zu Hause gehen wird.
2100 3010 2951 3091 Die Toilettefrau, der Feuerbursche
2008 3074 2937 3154 und die Buffetdame des Café Dobner
2015 3139 2959 3211 werden als Vertreter der Wiener Theater¬
2019 3184 2959 3291 welt nächstens an die Südnordostfront
2007 3282 2173 3347 reisen.
2112 3324 2963 3414 Das Straußtheater bereitet für die
2014 3377 2965 3479 nächste Spielzeit eine Operette „Altwien,
2014 3445 2968 3535 du Stadt meiner Träume“ vor. Das Werk
2020 3509 2971 3589 ist unter teilweiser Benützung eines Motive
2020 3577 2965 3654 aus dem vorletzten Kapitel einer Tagebuch¬
2023 3618 2968 3703 aufzeichnung von Bäuerle geschrieben
2024 3694 2971 3771 worden, die Musik verwendet Korrekturen
2025 3732 2971 3819 des Notenkopisten von Meister Fahrbach.
2028 3793 2972 3892 Drei Autoren liefern das Buch, ein vierter
2033 3855 2968 3946 wird die Bezeichnung „Operette in „Sing¬
2025 3926 2467 4010 spiel umwandeln.
