3344 4320
1144 298 1578 393 box 41/6
298 308 964 398 Miscellaneous
491 1089 1017 1231 Neues 8 Uhr Blatt.
671 1191 830 1278 Wien.
1123 1203 1348 1323 19
396 1366 528 1443 de
332 1509 1356 1602 Wien, 2. Dezember.
412 1600 1276 1700 „Wiener Bummelbriefe.
412 1678 1409 1749 Ist der Währiger Cottage bei den Leuten des künstlerisch
292 1733 1413 1806 verklärten Scheins in Mißtredit gekommen? Noch vor wenigen
294 1786 1413 1849 Jahren hausten in dem smaragdenen Gelände die Meister des
294 1835 1413 1898 Burgtheaters, bis der Tod durch den Villenort schritt und mit
296 1886 1415 1945 knöchernen Fingern an die Butenscheiben klopfte, hinter welchen
290 1939 1409 1992 Koryphen der Hofbühne studierten und sinnierten. Und fragst
296 1988 1415 2045 Du nach den Riesen, Du findest sie nicht mehr. Adolf
290 2031 1413 2092 Sonnenthal, Ludwig und Zerline Gabillon, Josef
294 2082 1413 2137 Kainz, Ernst und Helene Hartmann — heimgegangen.
294 2137 1405 2190 Versunkene Glocken des Burgtheaters. Römpler und die
294 2177 1413 2239 Schmittlein ebenfalls eingesagt. Hugo Thimig hat
296 2228 1407 2287 seine ehemaligen Kameraden überlebt, ist Direktor des kalten
300 2281 1405 2336 Prunkpalastes auf dem Franzensring geworden. In seinem
296 2324 1401 2383 blätterum ponnenen Besitz in der Gymnasiumstraße hat sich
287 2373 1401 2434 der einstige Komiker, der es mit seiner Kunst immer sehr ernst
283 2424 1403 2481 nahm, ein behagliches Heim eingerichtet, mit seltenen Bildwerken
287 2475 1399 2532 ausgestattet. Die Sammlung Thimig birgt viele Kostbarkeiten
296 2526 1401 2585 von Wichtigkeit für die Geschichte des Theaters. Frau Thimig
290 2571 1399 2632 ist der gute Geist des Quartiers. Leider haben die „Kinder“, die
287 2622 1397 2675 inzwischen große Menschen wurden, fern von Wien ihre Lebens¬
294 2673 1399 2728 schifflein verankert: Helene Thing, ein stolzer Besitz des König¬
290 2724 1392 2777 lichen Schauspielhauses in Berlin, und Hermann Thimig, der
290 2773 1399 2830 vom Vater die Statur und den Humor geerbt hat. Schade, daß
279 2813 1401 2879 frühere Direktoren des Burgtheaters diese prächtigen Begabungen
287 2875 1401 2922 nicht einzufangen wußten oder nicht gewinnen wollten... Ehren¬
281 2917 1405 3009 bürger des Währinger Cottage ist Artur Schnitzler ge¬
281 2962 1074 3050 blieben, der Besten einer in deutschen Landen.
2891 1364 3258 1423 Monopol zu werden,
1723 1360 2838 1456 Beim Buchhändler zur Weih¬
2887 1407 3299 1468 Jude tonangebend, aus
2889 1454 3299 1511 in jüdische Hände über
1921 1433 2475 1527 nachtszeit.
2887 1496 3309 1547 und Deutsche sorgten un
1798 1521 2858 1582 Die Vorweihnachtszeit ist Hochkonjunktur für die Welt des
2889 1539 3309 1607 esse für die Literatur
1715 1554 2854 1625 Buchhandels. Bücher gehören zu den beliebtesten Weihnachts¬
2891 1580 3258 1637 für die Litteratur der
1721 1615 2850 1670 gaben, zu Tausenden werden sie in den letzten Adventswochen
2883 1588 3303 1682 thal, Meyrink, Wassern
1723 1660 2846 1715 gekauft und versandt. Als die großen stillen Prediger wandern
2885 1668 3299 1727 Worte Goldsteins imme
1721 1700 2846 1759 sie durch alle Lande, in die Städte und letzten Gebirgsdörfer
2883 1711 3305 1784 auf Charakter und Ver¬
1717 1741 2852 1798 in Studierstuben, an Krankenbette, in die Schützengräben, in die
2948 1755 3305 1829 Ist der Krieg mit
1715 1784 2842 1851 Kammern des in den Fluten schwimmenden Tauchbootes. Es
2879 1782 3305 1867 nicht ein dringender Ap¬
1715 1825 2846 1882 wäre schön, wenn es lauter gute Prediger wären. Aber viel
2881 1857 3309 1918 Für Christen und Oester
1713 1872 2846 1941 häufiger ist das Gegenteil der Fall. Der Büchermarkt ist über¬
2875 1898 3305 1959 von Christentum und
1711 1918 2842 1976 reich, aber seine Durchschnittsqualität ist schlecht. Die schöne
2881 1947 3311 2012 Weihnachtsgaben auf de
1715 1955 3305 2041 Literatur der letzten Jahrzehnte ist vorwiegend Literatur Belangloses; sie sind
1708 2000 2848 2061 des Materialismus und Sensualismus, der Skepsis, der bloßen
2873 2033 3311 2094 Kulturleben. Mächtig si¬
1715 2047 3311 2135 Stimmungen und Gefühleschwärmereien, des Glaubens an mächtiger die Journale
1711 2082 2842 2145 Gold und Diesseits, an Becherklang und lachenden Nymphen¬
2869 2122 3311 2171 reden, reden diese zu Ta=
1708 2130 2836 2192 tanz. Ist Literatur des Glaubens an die Menschheit und
2873 2167 3305 2214 von Büchern die einflu¬
1698 2173 2840 2234 ihren Fortschritt jenseits des Gottesgedankens, ist Literatur der
2864 2214 3309 2269 wahren Bischöfe und Hi¬
1704 2218 2836 2277 menschlichen Selbstherrlichkeitsgefühle, des Titanentrotzes, des
2860 2251 3299 2310 legentlich in bezug auf
1711 2265 2832 2322 Sichberauschens an technischen Entdeckungen und Triumphen,
2864 2292 3305 2345 im Wettelalter, ihre ku
1708 2304 2830 2371 Ist Literatur seichten Weltbürgertums, Literatur zur Unter¬
2864 2332 3311 2396 parallel mit der literar
1704 2349 2828 2410 haltung von Nurgrüblern, Händlern, Epikuriern. Diese Lite¬
2864 2383 3311 2446 literarischen Interesse ihre
1702 2391 2828 2451 ratur ist übermächtig geworden im Zeitalter des Kapitalismus,
2860 2424 3284 2487 beruhe wesentlich auf
1706 2436 2834 2504 und die weitestgehende kapitalistische Organisation von Presse
2864 2467 3309 2532 sormatorenkreise: „Nur
1702 2483 2828 2550 und Buchhandel, nur von Gewinn, nicht von Kulturrücksichten
2860 2512 3307 2565 vollen Bewußtsein von ih
1700 2530 2822 2581 geleitet, sorgt dafür, daß diese Literatur noch überhäufig und
2860 2550 3311 2610 Mittelalters die beherrsche
1696 2575 2828 2632 übermächtig bleibt in Zeiten, wo furchtbare Kriegserlebnisse
2864 2597 3311 2650 die Literatur stand sie an
1694 2614 2822 2699 und Kriegsoffenbarungen den Stab über diese Literatur ge¬
2854 2642 3311 2697 politischen, wissenschaftlich
1698 2646 1969 2714 brochen haben.
2858 2683 3315 2732 ändert sich um das Ja
1772 2701 2816 2775 Derlei Verhältnisse wären nicht möglich geworden, wären
2854 2728 3311 2781 Ländern eine weltliche
1696 2738 2820 2811 nicht möglich, wenn nicht von vielen Bekennern des Idealismus
2854 2771 3303 2828 von der Kirche, dann sog
1692 2797 2816 2866 viel gefehlt worden wäre, viel versäumt würde. Sie sind Christen
2852 2811 3311 2877 Es ist die falsche human
1688 2846 2816 2909 und Patrioten, aber nur in der Kirche oder auf dem Schlachtfeld,
2852 2860 3315 2915 Bewegung. Es war die
1690 2889 2818 2946 nicht beim Zeitungsabonnement, nicht im Theater, nicht beim
2852 2895 3305 2960 guten kirchlichen Tradition
1690 2928 2824 2993 Buchhändler. Sie vernachlässigen auch zur Weihnachtszeit jene
2854 2946 3321 2999 paßten, daß sie die literari
1682 2966 2816 3040 Literatur, die ihrer Weltanschauung und Vaterlandsliebe entspricht
2846 2993 3319 3046 erst dann eingriffen, als die
1690 3019 2816 3079 und lassen sich von den geschäftigen Kommis problematische
2854 3034 3291 3093 Vorsprung hatte. Aber
1686 3052 2818 3127 Ware aus den Fabriken von der Art der Scherl und Ullstein
2846 3081 3299 3138 Kulturentwicklung dreier
1684 3099 2809 3180 aufdrängen. Nicht genug, daß ein Herr Moritz Goldstein von
2852 3113 3323 3178 Unter diesen Umständen so
1686 3150 2809 3205 4½ Jahren anläßlich eines Jubiläums im „Kunstwart“ ver¬
2852 3164 3282 3217 vorsichtiger gehandhabt
1686 3187 2809 3256 sichern konnte, „die Juden verwalteten heute den geistigen Besitz
2848 3201 3309 3256 Wir sind Verräter unserer
1680 3229 3319 3305 des deutschen Volkes", niemand könne die Macht der Juden in literatur vernachlässigen,
1676 3276 3307 3362 der Presse bestreiten, die Kritik sei im Begriff, geradezu jüdisches helfen. Der Weltkrieg hat
