3392 4256
207 260 1023 342 1. Miscellaneous
1210 233 1643 347 box 41/6
1888 83 2907 142 Bekanntesten, doch gerade die „Beliebtheit ist Vor¬
1888 122 2906 174 aussetzung für die Typisierung. Und in der Hinsicht
1888 168 2906 218 braucht es gerade kein Wiener Geschmackler zu sein,
1888 206 2910 265 da genügt selbst ein Karl Hans Strobl, um
1888 249 2906 303 einem oberflächlich urteilenden Reichsdeutschen den
1893 299 2912 352 Ekel vor der sogenannten österreichischen Art in die
1886 342 2194 409 Kehle zu locken.
1974 374 2918 439 Dieser „Mann aus Iglau wie ihn Schlenther
1886 434 2915 490 in seinen Besprechungen zu nennen pflegt — ist ein
1888 475 2918 528 Meister der Aufmachung übelster Art. Er weiß von
1897 527 2916 583 sich reden zu machen wie nicht gleich einer unserer
1893 562 2915 616 Literaten. Wir kennen keine Zeitschrift, die sich's zur
1896 607 2915 658 Ehre rechnen würde, den Karl Hans nicht unter
1886 649 2910 703 ihre Mitarbeiter zu zählen. Und an sein edles Antlitz
1888 704 2919 752 „beinahe mit Weinlaub im Haar“ in jedem illustrier¬
1888 736 2911 791 ten Heft ist man fast schon so gewöhnt wie an die
1893 778 2915 828 Anzeige der „Zivnobanka in der „Neuen Freien".
1897 824 2925 874 Vollends noch im Kriege empfiehlt er sich uns als
1892 860 2874 930 Kriegsberichterstatter selbst im „Wiener Extrablatt“!
1977 908 2924 958 Doch was sich der Vieledle gegenwärtig in der
1891 963 2928 1008 „Leipziger Illustrierten Zeitung leistet, geht schon
1893 995 2924 1049 über die Hutschnur: Dort erscheint nämlich Strobl
1893 1041 2928 1094 neuestes „Werk" — wir müssen es halt doch nennen,
1900 1081 2928 1134 doch, bei Gott, ohne jede Reklameabsicht! — „Welt¬
1900 1121 2924 1176 wende. Der Roman eines Volkes" in Fortsetzungen.
1891 1168 2925 1220 Daß er der großen Geschicht sein Lichtbild und eine
1900 1210 2928 1272 spannende Autobiographie vorausschickte — habeat: Daß
1900 1254 2924 1301 er sich bemüht, glänzende Proben seines hohen Kino¬
1906 1296 2929 1357 stils zu liefern, wie etwa „der Eisenbahnwagen
1900 1340 2929 1392 entleert sich wie die Fülle einer weichen Wurst", „die
1900 1380 2929 1436 Autohupen quieken wie gekitzelte Mondkälber, „der
1900 1432 2931 1484 Oberkellner bewegt sich, bis sein weiches Körperende
1909 1476 2932 1526 genügend Schwung bekommt und mit kerndeutschen
1902 1516 2927 1570 Worten wie „Dreckseele!“ in dem Weihewerk des
1900 1558 2929 1623 großen Krieges herumwelt — beim Karl Hans muß
1897 1599 2929 1658 man's schon in Kauf nehmen. Doch er beliebt noch
1900 1642 2934 1696 weiterzugehen! Ihm, der imstande ist, bis zu einem
1906 1686 2938 1743 bestimmten Tag einen dickleibigen Roman zu schreiben
1915 1730 2933 1775 (Siehe „Der wilde Bismarck und dazu die Be¬
1911 1785 2941 1838 sprechung „Schmeißfliegenliteratur“ in der Zeitschrift
1909 1821 2940 1873 „Die Wage"), ihm ist die Dichtkunst nicht bloß Ge¬
1911 1858 2940 1919 schäft, sondern auch Mittel zum Kühlen seines Münchens
1901 1904 2938 1957 an Leuten, die seiner persona sanctissima in rich¬
1891 1948 2929 1999 tiger Einschätzung etwas nähergekommen sind. Als
1900 1989 2936 2038 abscheuliches Beispiel hierfür diene die Charakterisie¬
1902 2032 2937 2088 rung des Fachlehrers Firnkranz (in Folge 70 der
1911 2077 2933 2135 „Illustrierten"), dessen Original in Brünn zu finden
1906 2121 2934 2170 ist. Für Idealisten hat der Herr Finanzsekretär i. R.
1906 2163 2945 2214 und alte Farbenstudent nichts mehr übrig denn
1911 2204 2042 2264 Satire.
1994 2257 2933 2312 Seit er in Leipzig bei Staackmann Unterkunft
1906 2303 2929 2366 gefunden, fühlt sich Strobl so erhaben ob allem, was
1911 2349 2936 2400 ihm einst hoch und heilig war, daß er sein eigen
1911 2392 2933 2438 Nest beschmutzt. Auch dafür wieder ein sprechendes
1902 2436 2933 2486 Beispiel in der „Weltwende“! Im siebenten Kapitel
1906 2480 2936 2528 des zweiten Teiles wird der Sokoltag in Brünn an
1906 2524 2929 2573 jenem schicksalsschweren 28. Juni 1914 geschildert.
1909 2567 2918 2618 Als Einleitung dazu erachtet es der „deutschnationale
1906 2609 2929 2657 Mährer Strobl für nötig, den weiten Kreisen seiner
1897 2651 2929 2700 Leser eine Erklärung des deutsch=tschechischen Streites
1901 2697 2933 2754 zu geben; das geruht er also zu tun: „Dickschädel
1897 2740 2933 2797 bringen es fertig, wegen eines Wiesenrains oder eines
1900 2779 2929 2833 alten Röhrbrunnens solange zu prozessieren, bis der
1900 2830 2929 2874 Wiesenrain ganz und gar in Sporteln, Stempeln und
1909 2874 2931 2922 Gebühren umgewandelt ist, aus dem Pumpen am
1906 2915 2934 2969 Röhrbrunnen ein Pumpen aus den Taschen der
1906 2955 2934 3010 Wucherer werden muß. Oder es ist wie in einem
1915 2995 2931 3050 Eisenbahnwagen, wo der eine gerade das Fenster
1900 3046 2934 3096 offen haben will, das der andere geschlossen haben
1906 3086 2936 3140 möchte. Sie könnten sich ja vergleichen und die
1911 3126 2933 3182 Plätze tauschen, aber darauf verfällt keiner; und so
1909 3179 2932 3227 fauchen sie lieber aufeinander los und wollen ihr
1902 3219 2933 3276 Recht behaupten. Daß der eine dem anderen nach¬
2845 3260 2931 3313 Ein
1911 3258 2742 3320 gäbe, ist ganz und gar ausgeschlossen.
1909 3296 2931 3358 solches Wiesenrain=, Röhrbrunnen= und Zugfenster¬
1902 3346 2927 3390 Gezerre hatten die Deutschen mit den Tschechen schon
1911 3389 2940 3446 seit etlichen hundert Jahren und dabei war so viel
1911 3436 2933 3490 an Stempeln, Sporteln und Gebühren aufgegangen,
1985 3472 2761 3525 es ein Jammer genannt werden könnte.
1992 3511 2936 3573 Ach, wie gereift und abgeklärt doch der Verfasser
1902 3561 2937 3618 der „Vaclavbude“ heute von Geschehnissen spricht, die
1911 3608 2929 3664 gerade heute als wohlbedachte, planmäßig eingeleitete
1906 3647 2924 3702 Machenschaften von dritter Seite sich entpuppen und
1902 3696 2937 3752 durchaus nicht als Balgereien, die mit einem „aus¬
1911 3733 2924 3796 gerissenen Haarschopf oder eingeschlagenen Backen¬
1911 3776 2850 3833 zahn ihr lächerliches Ende nahmen. Freilich,
1909 3819 2933 3882 streitbare und trinkfeste „Austria“=C. Ph. muß es
1911 3867 2937 3924 wohl wissen, weshalb er sein junges Leben auf Prags
1911 3911 2929 3958 Gassen oft in die Schanzen schlug! Er tut uns leid.
1918 3954 2929 4002 Beinahe wäre man versucht, die Schnitzlers und
1918 3996 2936 4059 Bahrs in Schutz zu nehmen gegenüber „Machern,
1918 4040 2665 4099 vom Schlage eines Karl Hans Strobl.
