3344 4352
327 355 1000 460 Miscellaneous
1174 347 1609 452 box 41/5
2281 236 2523 306 Vertretungen
1858 280 2930 343 in Berlin, Basel, Budapest, Chicago, Cleveland, Christiania,
1860 329 2927 382 Genf, Kopenhagen, London, Madrid, Mailand, Minneapolis,
1855 370 2927 418 New-York, Paris, Rom, San Francisco, Stockholm, St. Peters¬
2248 409 2525 468 burg, Toronto.
2159 450 2631 518 (Quellenangabe ohne Gewähr.)
1848 516 2432 585 Ausschnitt aus: one
2471 515 2894 626 Wien
1860 598 2285 676 vor: MAI 195
1890 695 2986 788 Der Kücktritt des Burgtheatersekretärs
2191 758 2601 849 Dr. Rosenbaum.
2643 819 2936 875 Wien, 15. Mai.
1926 872 2976 940 Der literarisch=artistische Sekretär der Hofbühne
1830 912 2969 982 Dr. Richard Rosenbaum ist nach langjähriger Tätig¬
1839 962 2969 1020 keit von seiner Stelle zurückgetreten. Die freundlichen
1842 1012 2963 1064 Erinnerungen, die Dr. Rosenbaum in den Kreisen der
1830 1057 2977 1115 Dramatiker hinterläßt, zeigten sich in den Briefen, die wir
1833 1108 2843 1185 auf Wunsch der Autoren nachfolgend veröffentlichen:
2144 1170 2661 1237 Gerhart Hauptmann.
1998 1217 2943 1276 Wiesenstein, Agnetendorf i. R., den 20. April 1915.
2039 1270 2799 1331 Lieber und verehrter Dr. Rosenbaum!
1935 1311 2974 1384 Sie verlassen das Burgtheater. Ihre Freunde haben
1848 1367 2983 1429 den Wunsch, Ihnen bei diesem Anlasse ein Wort zu sagen.
1852 1420 2977 1480 Ich weiß, wie schwer Ihnen dieser Abschied werden muß,
1846 1466 2983 1520 denn ich weiß, wie hingebend Sie das Burgtheater ge¬
1848 1519 2983 1570 liebt haben, ja, daß leben und für das Burgtheater
1848 1562 2983 1627 wirken, für Sie beinahe das Gleiche bedeutet. Danach ist
1848 1606 2980 1669 es schwer, Sie in einem andern, noch so lockenden
1852 1660 2996 1720 Wirkungskreis, auch nur vorzustellen. Aber die Welt ist
1855 1703 2983 1772 immer noch weit und Gott ist überall, lieber Herr Rosen¬
1853 1752 2761 1838 baum. Mir ist nicht bange um den Tüchtigen.
2319 1802 2954 1889 Ihr Gerhart Hauptmann.
2196 1886 2640 1959 Arthur Schnitzler.
2033 1930 2851 2023 Lieber und vere Rosenbaum
1948 2005 2986 2079 Das Amt eines literarisch artistischen Sekretärs, das
1855 2063 2990 2132 Sie 17 Jahre lang am Burgtheater verwaltet haben, war
1860 2112 2990 2174 reicher an Arbeit und Verantwortung als an äußeren
1869 2159 2993 2222 Ehren und sonstigem Gewinn; — trotzdem, denke ich,
1860 2209 2990 2272 werden Sie aus einer Stellung, die so lange Zeit hin¬
1860 2252 2996 2319 durch mehr als Ihre Aufgabe — die beinahe Ihren
1869 2302 2997 2362 Lebensinhalt bedeutet hat, nicht ohne innerste Bewegung
1869 2351 2997 2425 scheiden. Innerhalb dieser Zeit gab es gewisse Uebergangs¬
1863 2400 2996 2465 epochen, in denen Ihnen zu einem höheren Rang als
1860 2445 2999 2502 dem eines literarisch=artistischen Sekretärs kaum etwas
1866 2490 3003 2557 anders gefehlt hat, als ein Titel, der diese Tatsache aus¬
1872 2538 3002 2610 gedrückt hätte; aber auch sonst haben Sie sich stets als
1872 2588 3002 2654 der ordnende, also als ein guter Geist des Burg¬
1869 2646 2999 2703 theaters bewähren dürfen, und wie Sie es getan haben,
1875 2683 3003 2758 kann Ihrem Ehrgeiz vollkommen genügen. Denn Ord¬
1869 2724 3004 2793 nung halten in Ihrem Sinn geht weit über die amtliche
1866 2773 3004 2834 Betätigung hinaus, mit dem der Kreis Ihrer Pflichten
1875 2821 3003 2890 umschrieben gewesen wäre; ohne die Fähigkeit des Ueber¬
1872 2890 3010 2939 blicks und ohne ein lebendig persönliches Verhältnis zu
1872 2927 3012 2984 dem ihm anvertrauten Werk bliebe auch der tüchtigste
1872 2973 2999 3036 Beamte eine Art von P. ant. Das aber, mein verehrter Herr
1875 3017 3012 3085 Doktor, sind Sie niemals gewesen, und so werden Sie für
1878 3060 3010 3129 einen neuen Wirkungskreis, der sich Ihnen ja bald er¬
1879 3107 3009 3176 öffnen dürfte, nicht nur Ihre reichen Gaben und Kennt¬
1876 3159 3006 3228 nisse auf literarischem, theatralischem und administrativem
1878 3205 3007 3279 Gebiet (über die Sie mir weitere Abschiedskomplimente
1878 3260 3009 3325 gern erlassen werden), sondern auch das unverbrauchte
1880 3308 3000 3375 Herz und den offenen und gerechten Sinn mitbringen,
1880 3360 3010 3423 mit denen Sie vor 17 Jahren die Räume betraten, wo
1900 3391 3010 3472 Ihnen bestimmt war, Ihre guten Jugend= und Mannes¬
1893 3443 3009 3515 jahre (die besten kommen noch) in treuen Diensten des
1886 3485 3013 3556 von uns beiden mehr oder minder glücklich, aber be¬
1893 3539 2743 3611 ständig geliebten Burgtheaters hinzubringen.
1971 3552 3016 3658 Sie wissen, daß die Wünsche und Hoffnungen zahl¬
1886 3629 3013 3705 reicher Freunde, unter die ich mich gerne zähle, auf jedem
1885 3682 3014 3748 neuen Weg Ihnen folgen werden; und ich für meinen
1893 3727 3009 3797 Teil bin sicher, wo immer ich Ihnen amtlich und außer¬
1885 3775 3017 3840 amtlich begegnen werde, den liebenswürdigen, wahrhaften
1893 3830 3019 3890 Menschen wiederzufinden, als der Sie sich im Laufe aller
1893 3882 3016 3934 dieser Jahre mir gegenüber immer erwiesen haben, inner¬
1893 3910 3020 3984 halb und außerhalb des Theaters, aus dessen Chronik
1951 3971 3019 4028 r Name als eines in Stille und mit Ernst tätigen Mit¬
1892 4008 3017 4090 arbeiters dreier Direktoren niemals wird schwinden können.
2305 4065 2784 4133 Ihr aufrichtig ergebener
2448 4086 3017 4206 Arthur Schnitzler /
1975 4140 2415 4259 Wien, 5. Mai 1915.
