3344 4352
219 297 1035 394 1. Miscellaneous
1216 284 1645 378 box 41/6
2001 331 2313 426 SEV
1970 416 2330 484 I. österr.
2013 477 2321 553 on
2099 523 2254 596 .
2106 638 2269 696 Wien, 1.
2010 675 2347 757 Konkorcaplatz 4
2439 657 2954 778 Deutsches Tagblatt
2382 741 2973 845 deutsche Rundschau
2610 821 2756 918 Wie
1969 914 2880 1013 Auch so ein „Repräsentant der
2025 992 2829 1090 deutschösterreichischen Kunst.
1992 1069 2481 1134 Es wird uns geschrieben:
1992 1100 2940 1185 Kürzlich brachte die „Kölnische Zeitung" eine
1915 1166 2945 1211 saftige Besprechung über das Wiener Literatentum
1911 1207 2940 1258 derer um Bahr und Schnitzler. Der Kritiker wirft da
1911 1250 2940 1309 zum Schutz die Gewissensfrage auf: „Glaubt im
1911 1293 2940 1343 Hinblick auf diese fragwürdigen Werke der Wiener
1909 1340 2945 1388 Literaten ernstlich jemand in Deutschland heute noch
1911 1378 2940 1433 an die Ueberlegenheit jener sogenannten österreichischen
1903 1426 2943 1476 Kultur oder sind nicht gerade jene letzten Dokumente
1911 1467 2946 1524 eines Wienerischen Literatentums und jener viel zu
1918 1512 2943 1562 sehr künstlich gezüchteten Geschmacklerkunst Beweise
1909 1555 2950 1604 dafür, daß unser trefflicher Bundesbruder in diesem
1920 1600 2943 1654 Weltkriege auch einer inneren Reformation an Haupt
1909 1640 2954 1696 und Gliedern bedarf, um fortan in einer neuen deut¬
1918 1684 2617 1741 schen Weltkultur bestehen zu können?
1992 1721 2945 1778 Die Frage ist berechtigt, weil der Mann Deutsch¬
1911 1774 2943 1824 österreich doch auch nur von der Fichtegasse her
1909 1824 2943 1885 kennt und glaubt, das sei Deutschüsterreich. Nun
2004 1892 2130 1945 N.
2528 1871 2769 1946 Sonnabend
1957 1984 2980 2044 darüber sind in letzter Zeit ja Bücher geschrieben
1960 2038 2982 2082 worden. Der Fehler in all den reichsdeutschen Ur¬
1957 2081 2973 2133 teilen über uns ist: Falsche Verallgemeinung. Wie
1960 2121 2982 2169 wir nicht in jedem beliebigen schnoddrigen Berliner
1956 2168 2974 2223 den Typus des Reichsdeutschen sehen dürfen, so darf
1957 2210 2979 2282 der Wiener nicht als typischer Deutschösterreicher
1960 2253 2969 2295 draußen gelten. Dazu die Reklame der „großen
1963 2295 2979 2348 Presse: Die Besten sind durchaus nicht immer die
1957 2336 2979 2390 Bekanntesten, doch gerade die „Beliebtheit“ ist Vor¬
1960 2382 2984 2433 aussetzung für die Typisierung. Und in der Hinsicht
1960 2428 2984 2481 braucht es gerade kein Wiener Geschmackler zu sein,
1960 2469 2988 2518 da genügt selbst ein Karl Hans Strobl, um
1960 2511 2988 2562 einem oberflächlich urteilenden Reichsdeutschen den
1962 2558 2987 2630 Ekel vor der sogenannten österreichischen Art in die
1956 2597 2269 2661 Kehle zu locken.
2048 2640 2992 2700 Dieser „Mann aus Iglau wie ihn Schlenther
1963 2691 2987 2746 in seinen Besprechungen zu nennen pflegt — ist ein
1963 2739 2987 2789 Meister der Aufmachung übelster Art. Er weiß von
1963 2785 2986 2833 sich reden zu machen wie nicht gleich einer unserer
1963 2825 2986 2873 Literaten. Wir kennen keine Zeitschrift, die sich's zur
1969 2873 2987 2918 Ehre rechnen würde, den Karl Hans nicht unter
1957 2910 2986 2965 ihre Mitarbeiter zu zählen. Und an sein edles Antlitz
1957 2957 2986 3008 „beinahe mit Weinlaub im Haar in jedem illustrier¬
1957 3003 2999 3049 ten Heft ist man fast schon so gewöhnt wie an die
1960 3043 2984 3092 Anzeige der „Zivnobanka" in der „Neuen Freien".
1957 3087 2986 3141 Vollends noch im Kriege empfiehlt er sich uns als
1954 3132 2931 3188 Kriegsberichterstatter selbst im „Wiener Extrablatt“
2046 3172 2992 3231 Doch was sich der Vieledle gegenwärtig in der
1960 3219 2992 3271 „Leipziger Illustrierten Zeitung" leistet, geht schon
1954 3258 2989 3313 über die Hutschnur: Dort erscheint nämlich Strobl
1960 3306 2989 3364 neuestes „Werk" — wir müssen es halt doch nennen,
1963 3348 2986 3395 doch, bei Gott, ohne jede Reklameabsicht! — „Welt¬
1963 3387 2989 3445 wende. Der Roman eines Volkes" in Fortsetzungen.
1957 3437 2989 3484 Daß er der großen Geschicht sein Lichtbild und eine
1966 3478 2984 3536 spannende Autobiographie vorausschickte — habeat: Daß
1957 3521 2986 3577 er sich bemüht, glänzende Proben seines hohen Kino¬
1963 3564 2986 3623 stils zu liefern, wie etwa „der Eisenbahnwagen
1966 3609 2984 3657 entleert sich wie die Fülle einer weichen Wurst", „die
1969 3653 2992 3701 Autohupen quieken wie gekitzelte Mondkälber, „der
1963 3696 2986 3746 Oberkellner bewegt sich, bis sein weiches Körperende
1966 3740 2989 3790 genügend Schwung bekommt und mit kerndeutschen
1966 3786 2988 3837 Worten wie „Dreckseele!“ in dem Weihewerk des
1957 3828 2987 3886 großen Krieges herumwirft — beim Karl Hans muß
1963 3875 2987 3926 man's schon in Kauf nehmen. Doch er beliebt noch
1954 3911 2984 3962 weiterzugehen! Ihm, der imstande ist, bis zu einem
1966 3954 2989 4008 bestimmten Tag einen dickleibigen Roman zu schreiben
1963 4001 2987 4046 (Siehe „Der wilde Bismarck und dazu die Be¬
1966 4042 2984 4107 sprechung „Schmeißfliegenliteratur“ in der Zeitschrift
1969 4087 2984 4147 „Die Wage"), ihm ist die Dichtkunst nicht bloß Ge¬
1957 4128 2989 4180 schäft, sondern auch Mittel zum Kühlen seines Münchens
