3344 4352
185 289 271 388 1.
1184 278 1610 395 box 41/6
327 295 742 403 Miscella
804 302 1009 389 s
600 1391 1824 1517 Ausschnitt auf
892 1484 1067 1570 8 MA
596 1506 810 1626 vom
1216 1520 1642 1628 Der Tag, Berlin
862 1692 1316 1794 allerhand
678 1748 1500 1854 Theater in der Königgrätzer Straße.
719 1877 1380 1947 Aus Friedlichen, verschollenen Zeiten
755 1938 1406 2005 Ragt wie ein dämmerndes Symbol
722 1993 1239 2044 Die Eleganz der Innigkeiten
755 2035 1224 2110 Des sucherischen Anatol.
722 2092 1394 2163 Man wollte damals nicht zergliedern,
760 2152 1315 2213 Der holde Leichtsinn tat so gut;
727 2198 1388 2266 Man tauchte mit geschlossenen Lidern
760 2247 1231 2310 In jene witzig-süße Flut;
733 2298 1389 2365 Ist dann am Ufer still geschlendert
769 2344 1394 2424 Welt, wie hast du dir verändert
733 2441 1341 2520 Doch trotz der Not umtoster Tage,
777 2500 1499 2566 Die nichts von Dämmerstimmung weiß,
737 2548 1394 2616 Wirkt wie mit lindem Zauberschlage
780 2599 1368 2658 Der alte schmerzlich blasse Kreis;
815 2648 1511 2706 Der Innenraum birgt weniger Gutes
821 2695 1377 2777 Jedoch der liebe Umriß tut es.
1067 2744 1145 2812 III.
742 2798 1380 2871 Die Leute fanden viel Ergötzung,
787 2850 1429 2915 Man hörte sie vor Lachen schrein.
752 2909 1310 2962 Es konnte freilich die Besetzung
789 2947 1497 3023 In manchen Punkten anders sein....
752 3017 1493 3076 Herr Burg (als Künstler sonst ein Segen)
793 3064 1401 3128 War hier zu deutlich, fast zu grob
758 3119 1284 3184 Nicht melancholisch überlegen.
789 3175 1455 3241 Ein Hausbesitzer — statt ein Snob.
1905 1661 2496 1731 Der Held ist wählerischer, zarter
1902 1715 2145 1788 Beim Artur
1833 1795 2511 1870 Die Triesch gehört zu andren Zielen¬
1868 1844 2578 1929 Sie soll schon lieber Strindberg spielen.
1833 1943 2441 2038 Herr Ekert wirkte köstlich-wacker,
1874 2025 2475 2082 Ein immer gern gesehner Gast;
1836 2054 2440 2117 Jedoch er hatte was vom Fiaker,
1876 2111 2561 2184 Das nicht zu dieser Stimmung paßt.
1915 2154 2543 2231 In Artur Welt, vom Stil betant,
1920 2202 2575 2262 Lacht man nicht so erfrischend laut.
1841 2257 2582 2338 (Doch wird Herrn Ekert niemand grollen
1883 2303 2475 2361 Er gab hier einen wundervollen
1885 2336 2510 2434 Ausblick auf schiere Bürgerrollen.)
1847 2443 2494 2525 So bleibt noch von der Mimenschar
1892 2514 2549 2573 Die Orska — die bezaubernd war.
1856 2554 2396 2633 Zuerst die Haare dirnenzottig,
1889 2599 2523 2674 Die Kleidung ungenügend schlicht
1854 2663 2447 2719 Als „Cora" war sie zu kokottig,
1889 2712 2493 2780 Das „süße Mädel“ war sie nicht!
1859 2760 2596 2833 Im zweiten Stück ging sie aufs Ganze,
1895 2812 2487 2886 Als ausgetragne, dufte Pflanze.
1864 2852 2593 2937 Sie trank, was trinkbar: aß, was eßbar,
1902 2921 2499 2982 Sie unkte, wenn der Kellner kam.
1865 2966 2482 3029 Dem Hörer bleibt es unvergeßbar,
1905 3011 2599 3066 Wie sie als „Annie Abschied nahm...
1941 3066 2520 3119 Da schwanden düstre Horizonte;
1946 3078 2716 3184 Man lachte — bis man nicht mehr konnte.
2552 3139 2736 3207 Alfred Kern
