3344 4320
1103 293 1534 402 box 41/6
249 309 931 415 Miscellaneous
1649 399 2915 638 en deutschen Buchhandel
1639 577 2899 641 ge / so /
1639 615 2899 676 Börsenvereins. Die ganze Seite umfaßt 360 viergespalt. Petitzeilen, die Zeile
1636 644 2902 705 eingeschlossen, oder deren Raum kostet 30 Pf. Bei eigenen Anzeigen zahlen
1636 673 2902 737 ten se 30 Mark Mitglieder für die Zeile 10 Pf., für 1 S. 32 M. statt 36 m.
1639 698 2902 765 stüberweisung für 1 S. 17 M. statt 18 M. Stellengesuche werden mit 10 Pf. pro
1642 727 2905 804 mitglieder im Zeile berechnet. — In dem illustrierten Teil für Mitglieder
1649 762 2899 816 30 Mark bez. 2 des Börsenvereins die viergespaltene Petitzeile oder deren
1639 794 2902 858 gt Lieferung: Raum 15 Pf., S. 13.50 M., S. 26 M. S. 50 M.; für Nicht¬
1636 820 2908 883 mitglieder in mitglieder 40 Pf., 32 M., 60 M., 100 M. — Beilagen werden
1633 851 2908 925 des Exemplar, nicht angenommen. Beiderseitiger Erfüllungsort ist Leipzig
1649 912 2934 1027 eins der deutschen Buchhandler zu Leipzig
2548 1017 2918 1078 83. Jahrgang.
1642 1027 2124 1097 den 25. Februar 1916.
1652 1151 2136 1260 eller Teil.
1696 1231 2972 1333 Schöpfungen zu finden. Nicht anders erging es Hofmanns¬
1696 1307 2962 1387 thal und Ginzkey, Rosegger und Bartsch, um nur
1706 1365 2972 1435 einige von denen zu nennen, die vor allem Österreicher und erst
1700 1419 2969 1486 in zweiter Linie deutsche Dichter sind. Ja, selbst ein so spezi¬
1706 1454 2966 1540 fisch österreichisches Unternehmen wie die Österreichische Biblio¬
1709 1508 2969 1582 theke bedurfte der Anlehnung an die Inselbücherei, um jenen Er¬
1709 1556 2972 1633 folg zu erringen, den ihre Herausgeber erhoffen: dem ganzen
1706 1604 2975 1687 Deutschen Reiche die Kräfte zu offenbaren, die im vielgescholtenen,
1703 1668 2420 1744 totgeglaubten Österreich schlummern.
1792 1671 2972 1779 Man darf aus alledem nicht auf die Unfähigkeit der öster¬
1706 1741 2981 1834 reichischen Verleger schließen; denn dort, wo sie Proben ihres
1706 1802 2972 1885 Könnens ablegen, bestehen sie diese niemals schlecht! Sie arbei¬
1709 1853 2975 1932 ten nur langsamer, gleichsam innerlich durch die Widerstände ge¬
1706 1897 2978 1983 hemmt, die sich ihren Werken entgegensetzen; dazu ist die Kapi¬
1716 1945 2981 2031 talskraft nicht so stark wie in Deutschland und der Idealismus
1716 1999 2981 2085 nicht groß genug, um einen vielleicht aussichtslosen Kampf zu be¬
1716 2044 2985 2136 ginnen. Trotzdem gibt es manche gute Ansätze, denen nichts
1719 2117 2356 2181 fehlt, als freundliche Aufnahme.
1805 2127 2981 2216 Um nur von einigen neueren Erscheinungen zu sprechen! Der
1716 2203 2988 2267 Verlag M. Perles veröffentlicht eine Kriegschronik, die es mit
1712 2264 2988 2315 mancher der zahlreichen deutschen Chroniken aufnehmen kann;
1712 2299 2985 2366 darf diese sich aber rühmen, nur annähernd eine so weite Verbrei¬
1722 2347 2981 2420 tung gefunden zu haben wie die „Illustrierte Weltkriegschronik
1716 2395 2981 2471 u. a. Ein anderes Beispiel Bei Hölzel begann eine Schrif¬
1722 2452 2988 2516 tenfolge zu erscheinen: „Zur Zeit= und Weitlages, die aus den
1722 2490 2985 2564 klangvollen Namen ihrer Mitarbeiter (Fournier, Osw. Redlich,
466 2484 615 2602 vom
635 2455 1614 2663 der daher die
1719 2545 2985 2612 Wettstein u. a.) auf ein ähnliches Unternehmen schließen ließ, wie
1722 2592 2985 2659 es die Deutsche Verlags=Anstalt oder Hirzel so er¬
1094 2589 1279 2685 Leipzig
1728 2647 2994 2714 folgreich durchführen. Ob sie die Konkurrenz nicht bestehen
1719 2691 2988 2765 konnte, ob der Unternehmungsgeist erschlaffte, die Serie brach
673 2714 1499 2828 Von österreichischen Büchern.
1719 2733 2991 2812 mit Heft 7 ab und wurde nicht weiter fortgeführt. Hoffentlich
1719 2787 2991 2863 hat eine ähnliche von Ed. Strache in Warnsdorf herausge¬
765 2800 1378 2889 Von Dr. Irma Hift, Wien.
1731 2838 2988 2908 gebene Reihe von Arbeiten hervorragender österreichischer Profes¬
526 2867 1706 2940 Die auffallende Reklame des Kunstverlags A. Schroll & Co.
1741 2886 2991 2962 soren und Politiker: „Flugschriften zu österreich=Ungarns Er¬
440 2921 1706 2991 in Wien im Bl. Nr. 31 schlug zwar in erster Linie für die eigenen
1731 2950 2439 3010 wachen mehr Erfolg und Zugkraft!
443 2969 1706 3042 Werke die Trommel, rührte aber zugleich an eine alte Wunde,
1814 2959 2994 3071 Einzelwerken des österreichischen Verlags ging es nicht viel
437 3023 1700 3087 an der der österreichische Buchhandel leidet: in Deutschland wer
1738 3042 2991 3112 besser als den größeren Veröffentlichungen. So erschien im März
440 3068 1706 3154 den zu wenig österreichische Bücher gelesen! Die Wunde sitzt
1731 3096 2994 3163 vorigen Jahres bei Manz eine Broschüre von Landauer:
443 3106 1706 3189 aber noch tiefer: es werden auch zu wenig gute Bücher in Öster¬
443 3154 2997 3237 reich verlegt! Das eine steht natürlich im Zusammenhang mit Englande, die der Verfasser bescheiden eine Voruntersuchung
443 3192 3004 3291 dem anderen; denn Schaffenskraft braucht Anerkennung und Ernannte, die aber eine Fülle von Interessantem und Wissenswertem
1738 3237 2997 3316 bot. Sie beruhte auf gründlicher Kenntnis englischen Wesens
446 3262 1709 3342 folg zur Anregung, und untersteht schon die Arbeitsfreude des
1741 3291 3007 3364 und wer so vorurteilslos geschrieben, wie es jeder Wissenschaftler
440 3310 1703 3383 Künstlers oder Dichters diesem Gesetze, so trifft es in noch wei¬
1738 3339 2997 3409 und gebildete Mensch nur wünschen konnte. Obwohl nun Eng¬
446 3358 1712 3428 höherem Maße für das Verlagswesen zu. Denn seine Tätigkeit
1738 3386 3004 3460 land=Literatur zu den absatzfähigsten Artikeln der gesamten
450 3409 1709 3488 ist von vornherein lahmgelegt, wenn sich keine genügende Absatz¬
440 3434 2997 3540 möglichkeit bietet, seine Produktivität wird unterbunden, die Kriegsschriften gehörte, wurde Landauers Studie nur wenig ge¬
446 3482 2997 3578 Unternehmungslust im Keim erstickt. Aber man hat den Dingen kauft und gelesen. Und zwar nicht nur im Deutschen Reich, auch
1744 3536 3004 3606 bei uns in Österreich! Denn das Vorurteil gegen das österrei¬
446 3555 1709 3638 ihren Lauf gelassen und hat sich zu keinem entscheidenden Schritt¬
1738 3584 3004 3654 chische Verlagswesen (natürlich abgesehen von streng wissenschaft¬
450 3626 663 3702 aufgerafft.
542 3632 3004 3737 So kam es, daß dem österreichischen Buchhandel viele kost¬ lichen Erscheinungen, die ja weder an Zeit noch an Ort gebunden
1744 3680 3004 3756 sind) sitzt so tief, daß das beste Buch darunter leidet, wenn es nicht
446 3702 1719 3779 bare Kräfte gewissermaßen unter den Händen entglitten, daß
453 3724 3013 3827 unsere besten Dichter sich nach Deutschland wandten, wenn sie den deutschen Stempel trägt. Sonst hätten auch drei andere
456 3772 3007 3874 ihren Werken gute Aufnahme und weite Verbreitung verschaffen wertvolle Bücher des Manzschen Verlags (Unsere Offiziere,
1744 3827 3010 3897 „Unsere Soldaten und Aus der Werkstatt des Krieges.), die
453 3855 1716 3925 wollten. So ging Arthur Schnitzler zu S. Fischer
1747 3874 3010 3954 tief in das Verständnis Österreich=Ungarns einführen, weit mehr
456 3893 1716 3973 Dieser Erlauscher der ersten zug österreichischen Lebens
1744 3925 2742 3996 Beachtung finden müssen, als ihnen geschenkt wird.
456 3957 1716 4024 mußte den Weg von Wien nach Berlin nehmen, um im Norden des
1834 3944 3010 4078 Die Deutschen geben sich jetzt redlich Mühe, den eigenartigen,
453 4005 1744 4104 Reiches die endgültige Gestaltung seiner warmen, süddeutschen
2873 4024 2981 4107 209
