3344 4320
1117 366 1558 464 box 41/5
274 366 948 474 Miscellaneous
2584 874 2797 965 Seite 11
1717 901 2039 989 4. April 1915
721 901 1229 999 Neues Wiener Journal
437 952 2841 1070 Später hörte ich allgemein, Nikita habe durch Börsenagenten und Urvölker Turkestans aus Taschkend, Buchara und Samarkand,
105 989 345 1094 eine Leicht¬
112 1036 2831 1128 seen, wäre in österreichischen und anderen, damals stark gefallenen Werten die Tscheremissen, Morwinen, Tschuwasen, Ugrier und Permiaken
359 1077 2838 1175 gesizt, als er schon zum Nachgeben entschlossen war. Mit einem und Samojeden als sibirische Horden der Tundren. Und alle diese
142 1121 325 1185 nicht vor
129 1128 2841 1222 der er in Millionengewinn hat er nach beschworener Kriegsgefahr die ge¬ wilden Stämme scharen sich um den hohen Thron des weißen
125 1168 2841 1270 te nicht die stiegenen Papiere wieder verkauft. Schlauer Nikita! Es wird ihm Zaren, um gegen die bestgeschultesten Armeen der Welt zu
356 1229 2360 1314 auch diesmal nicht an den Kragen gehen. Die Natur seines Landes marschieren: das ist Rußlands Schicksal
186 1266 335 1327 und die
359 1297 1585 1365 schützt ihn davor. Freilich, auf die erhofften, fetten Bissen wird er
132 1314 335 1375 -
359 1338 1592 1415 diesmal wohl verzichten müssen; und das Geschäft im Hotel Negus
146 1361 335 1419 itte dieser
1639 1334 2814 1476 Bühnendichter, Theaterleiter
149 1388 1588 1470 hatte in wird auch nicht gerade glänzend gehen. Mausern aber wird sich
149 1463 1080 1534 rag ver¬ der Falke der schwarzen Berge kaum.
1629 1446 2814 1548 und Schauspielberühmtheiten.
156 1497 342 1564 habe
1266 1524 1581 1615 (Nachdruck verboten.)
156 1551 345 1615 nommen
1612 1548 2848 1639 Unterredung mit dem Spielleiter des Münchener
166 1598 349 1656 lut nicht
1835 1605 2638 1680 Hofschauspiels Albert Steinrück.
173 1642 359 1724 diese ist
437 1568 1561 1727 Moskau-Marschau-Lemberg.
1917 1656 2540 1737 (Von unserem Münchener Korrespondenten.)
2171 1686 2811 1768 München, in der Osterwoche.
945 1707 1046 1771 Von
1737 1747 2855 1825 Wenn man von den namhaften Persönlichkeiten des modernen
386 1781 2851 1886 Der Kriegsrummel in Warschau. — Das polnische Manchester deutschen Bühnenlebens spricht, muß auch Steinrücks Name ge¬
1619 1846 2851 1917 nan werden. Auch er kam auf dem Umwege über Reinhardt und
410 1859 1595 1923 - Wie ein russisches Armeekorps aussieht. — Rußlands Schicksal
1622 1896 2848 1961 Berlin zu seiner heutigen Stellung in München. Vor zwanzig
488 1910 1605 1971 Von Moskau nach Warschau geht es immer noch mit der
1622 1940 2844 2011 Jahren sah ich Steinrück, den damals erst Zweiundzwanzigjährigen,
372 1954 1588 2015 Eisenbahn, und man weiß nicht, ob man in Kriegszeiten leb¬
379 1991 2855 2066 wenn man keine Zeitung in die Hand nimmt. In Warschau ist im Breslauer Lobe=Theater zum erstenmal. Auf breiten, wuchtigen
379 2035 2855 2116 der Kriegsrummel schon groß, vollends noch, wenn wir die Weichsel Schultern ruht der scharf geschnittene Künstlerkopf, die Augen
251 2032 352 2113 Aber
376 2079 2855 2164 überschreiten, um in die Kriegszone uns zu begeben. Der erste kontrastieren mit ihrem gutmütigen Ausdruck zu den oft zusammen¬
227 2103 349 2167 weilte
383 2133 2851 2211 Mann, der uns anhält, ist ein russischer Wachtposten, etwa gebissenen schmalen Lippen. Die vorspringende Stirn kündet
227 2157 362 2225 aßhaft.
264 2181 2855 2248 nach 500 Meter von der Alexanderbrücke entfernt. Kaum daß wir davon, daß hinter dieser kühnen Wölbung ein nimmer¬
261 2228 2855 2303 Reise Warschau, die Licht, Luxus- und Liebesstadt Rußlands mit seiner müder Drang zu immer neuem künstlerischen Schaffen
383 2276 2851 2353 Oper, seinen Theatern, seinem Zirkus, seinen Welthotels und beherrscht. Wie im Fluge eilten uns in zwei Stunden angeregtester
230 2292 362 2357 lötzlich
1632 2326 2848 2397 Unterhaltung die letzten zwanzig Jahre deutscher Theatergeschichte
247 2333 1605 2425 nicht seinen Music Halls, hinter uns haben, zeigt uns der Krieg sein
386 2374 2855 2458 grimmiges Gesicht. Die Landstraße ist durch der Granaten Gewalt vorbei. Vom Kriege gingen wir aus und endeten wieder beim
383 2418 2851 2502 zerwühlt, an deren Seiten die Ueberreste der in Brand geschossenen Kriege. Was aber zwischen diesem Ausgangspunkt und Endziel
261 2465 2858 2574 große Häuser stehen. Und zwischen diesen trostlosen Ruinen grüßen uns lag, das war ein kaleidoskopartiges Auflebenlassen großer deutscher
1629 2533 1849 2601 Theaterzeit.
254 2540 359 2594 rischen
383 2526 1602 2594 traurig Gräber gefallener Russen, geschmückt mit einfachen Doppel
1761 2536 2865 2635 „Als der Krieg plötzlich aller künstlerischen Betätigung im
257 2580 535 2662 jaren, kreuzen.
1632 2587 2865 2679 öffentlichen Leben unfreiwillige Muße auferlegte," so etwa begann
505 2590 1605 2695 Polen ist eine ungeheure aber auch fruchtbare Tiefebene
268 2635 366 2689 rote
389 2655 2865 2736 ausgezeichnet für den Aufmarsch großer Truppenmassen. Polen, Steinrück, „da flüchtete ich mich in mein Tutzinger Häuschen und
257 2675 366 2736 sigen
268 2702 2865 2773 irgs¬ welches heute ein Kriegsschauplatz ersten Ranges geworden ist, lag meiner anderen Kunst, der Malerei. Die Bilder an den
261 2746 2868 2828 kleine war gestern noch das industriellste Land des gesamten russischen geänden sagen Ihnen wohl, daß ich wenigstens ein
1676 2794 2868 2868 ißiger Maler bin. Und ich habe, subjektiv gesprochen, in
389 2811 1622 2882 Kaiserreichs. Warschau ist mit einem Gürtel großer Fabrikstätte
278 2838 2865 2929 zählt umgeben, deren Namen dem deutschen Leser wenig bekannt sein dieser durch Deutschlands gemeinsame Erhebung hervor¬
268 2895 2865 2970 ar sie dürften: Lodz, das polnische Manchester, mit seinen großen gerufenen, seelisch großen und tiefbewegten Stimmung wohl
264 2939 2868 3027 t das Webereien, die zwar in deutschen Händen liegen, fabriziert jährlich die besten Bilder gemalt, die ich je geschaffen habe.
400 2987 2868 3092 für mehr als 300 Millionen Kronen Stoffe, Tschenstakow (auch Als wir dann langsam und zögernd dazu übergingen, im
274 3014 372 3075 zuckt
1642 3037 2865 3109 Münchener Hoftheater wieder zu spielen, da erlebten wir die erste
264 3051 1608 3115 ren Czenstochowa genannt). Kalisch, Kielce, Radom, Wloslaws
396 3081 2868 3163 Piotzkow und Lublin sind keine polnischen Dörfer, sondern große Ueberraschung, daß patriotische Stücke und Stücke mit kriegerischem
1639 3136 2872 3203 Inhalt und Milieu kein Publikum fanden. Weder „Wallensteins
403 3156 1612 3227 Industriezentren ersten Ranges. Daß Polen trotz der enorme
1642 3183 2875 3251 Lager noch „Robert Guiscard“ und „Colberg" behagten den
274 3180 376 3268 hrend
406 3200 1625 3288 Industrie und seines Handels fast keine Verbindungswege hat,
1642 3227 2868 3302 Münchenern Lediglich nach guter, etwas komplizierter Literatur
268 3247 1070 3329 ichten schuldet es seiner eigenen Geschichte.
511 3264 2868 3356 Dann erscheinen auf meinem Wege Dörfchen mit den nied¬ ohne Anspielung auf Zeitereignisse verlangt die Gegenwart. Die
295 3305 376 3359 ver¬
400 3319 2872 3407 lichen Holzhäuschen der polnischen Landbevölkerung. Sie sind Münchener Kammerspiele haben zum Beispiel jetzt bei Strindberg
271 3373 2868 3471 traße meist niedergebrannt und alle envölkert. Und hier in diesem volle Häuser und bei uns im Hoftheater war Wedekinds „Der
406 3417 2790 3528 göttergleichen Lande, das weder in der Sprache noch in den Marquis von Keith" Zugstück im besten Sinne des Wortes.
1751 3451 2872 3545 Hauptstationen meines Schaffens als Künstler waren
284 3478 1622 3549 schen Sitten, weder in der Religion noch in der Tradition mit den
274 3512 2875 3596 krieg, Moskowiten identisch ist, wird Rußlands Schicksal ent¬ Breslau, Berlin und München, aber eine Hauptstation meines
1652 3559 2872 3637 Lebens überhaupt war Wien; mit Wien verknüpfen mich ver¬
403 3579 1619 3654 schieden werden. Eine Rache der Vorsehung jahrhundertelangen
1642 3606 2875 3684 wandtschaftliche Bande, denn meine Frau ist eine Schwägerin
274 3633 623 3718 ernen Knechtschaft.
1646 3664 2875 3732 Artur Schnitzlers. In Wien war ich bis jetzt als Künstler
501 3644 1622 3738 Und neben der polnischen Bevölkerung des römisch-katholischen
281 3688 386 3742 inten
281 3701 2885 3803 ch in Glaubens lebt eine jüdische Bevölkerung unter der gleichen rohen das heißt als gastierender Künstler zweimal, zuerst als Dr. Schin
403 3752 2885 3840 Geißel des russischen Bären. In Warschau allein gibt es mehr in Wedekins „Erdgeist“, das zweitemal als Baumeister Solneß
1646 3793 2878 3874 von Ibsen, als Wozzek von Büchner, als Simson von Wedekind,
406 3813 1615 3881 als 300000 Juden, in Lodz 100.000, während die 31.000 Ein
261 3796 386 3881 ihme
281 3840 2861 3938 Viele wohner von Plotzk ganz israelitisch sind, wie noch so viele Städte als Paul Lange in „Paul Lange und Tora Parsberg
2330 3887 2878 3962 Neri in „Das Mahl
2184 3904 2265 3959 als
1791 3904 2120 3965 Björnson und
261 3915 379 3972 Nikita
413 3918 1040 3975 und Dörfer im weiten Polenlande
532 3942 2875 4026 Im Polenlande wird auch die barbarische, bestialische Wut der Spötter", von San Benetti. Wiens Presse und Wiens
274 3965 389 4019 steilen
1646 3982 2892 4050 Publikum haben mich gelobt, gefeiert. Als Mensch aber komme
254 3999 1615 4070 bepackt der Russen, mit der sie Polen wie Juden behandelten, zer
295 4030 2892 4111 dann schmettert werden, und den gewaltigen, blutrünstigen, grausamen ich alle Jahre nach Wien, das mir als Maler in seiner Um¬
410 4074 2885 4158 Moloch zugrunde richten. Weiß man in den politischen Kreisen gebung immer neue, vorher nie gesehene Reize enthüllt. In
244 4101 386 4165 lettern
1656 4124 2888 4192 Artur Schnitzler achte und liebe ich einen Menschen von
251 4141 1636 4216 hr mit Petersburgs nur zu gut, daß ein Sieg Deutschlands die Freiheit
420 4165 2878 4260 Polens und Finnlands aus einer rohen Gewalt der Mongolenhorde unbeschreiblicher Innerlichkeit. Als ich zum erstenmal in Wien
1642 4212 2882 4301 weilte, bin ich mit Artur Schnitzler ein paar Stunden durch den
220 4246 3344 4319 miertel nach sich gegen
