3392 4352
328 307 999 412 Miscellaneous
1182 296 1610 393 box 41/6
1839 154 3043 221 eine mehr Josensche als Strindbergsche Frau, eine Suchende, ganz
1838 185 3046 264 in den geistigen Problemen der Zeit Lebende, der die Kunst
1844 226 3047 321 Priestertum bedeutet. Sie läßt sich eigentlich nicht ausfragen, sie
1841 276 3037 356 spricht zunächst das aus, was sie im Moment im tiefsten erfüllt.
1838 321 3044 412 So entsteht ein warmer Kontakt, eine gegenseitige Aussprache
1838 370 3043 466 ohne irgendwelchen Fanatismus der persönlichen Anschauung,
1941 414 2971 512 Ich befrage Frau Eysoldt um ihre künstlerischen Pläne.
1951 492 3040 567 „Meine Pläne? Ich bin eine Suchende, Wartende. Ich sehe
1828 529 3034 602 vor mir eine Zeit, die in ihrem inneren Gehalt dichterischen Aus¬
1822 568 3035 669 druck noch nicht gefunden hat. Es ist so viel Neues in den
1824 631 3035 707 Menschen, so viel Sehnsucht. All das ist nicht ausgesprochen. Es
1822 660 3034 753 werden mir immerzu Dramen zugeschickt, die sehr talentvoll, sehr
1824 719 3034 796 kultiviert in der Form sind, aber alle sind irgendwie von bereits
1822 765 3028 836 schon vorhandenen Werken abgeleitet. Man versucht die
1825 810 3031 901 Weise Wedekinds oder Hofmannsthals fortzusetzen und damit ist
1824 918 3034 997 ja nicht viel getan. Man glaubt mir immer dasselbe bieten zu
1824 956 3040 1039 müssen. Es fehlt all diesen Dingen an dem persönlichen Erlebnis,
1825 1005 3038 1080 an einer eigenen Welt. Man kommt immer wieder mit der eroti¬
1827 1065 3044 1126 schen Frau, mit einem bereits festgelegten Typus.
1830 1101 2901 1176 Aber die Frau ist ja nicht nur erotisch,
1836 1146 3043 1222 Seelenleben ist vielfältiger, auch ihre Sehnsucht. Es liegt so Vieles
1835 1185 3047 1266 in der Luft — warum nehmen die Nachbildner es nicht wahr?
1835 1228 3044 1312 Das, was ich an Neuem schreiben möchte, das finde ich nicht. Ich
1833 1289 3049 1369 möchte lieber warten, bis es da ist, eine Zeitlang schweigen, wenn
1839 1329 3046 1413 ich nicht befürchten müßte, den bereits gewonnenen Boden und
1838 1392 3047 1460 den Kontakt zu verlieren. Ich halte jetzt Nachschau in den alten,
1835 1427 3049 1508 klassischen Literaturen. Vielleicht finde ich da manches, das ich dem
1836 1480 3050 1552 modernen Empfinden nahebringen kann. Ich denke auch an höhere
1836 1520 3058 1607 ethische und künstlerische Aufgaben des Theaters. Es ist gar nicht
1844 1578 3049 1650 wahr, daß wir kein Publikum für ernste Kunst haben. Reinhardt und
1845 1619 3057 1709 Barnowski haben mit ihren Versuchen so viel Verständnis und Zustim¬
1851 1667 3060 1746 mung in den weitesten Kreisen gefunden. Antike Tragödien wurden mit
1851 1712 3055 1787 Begeisterung hingenommen. Shakespeare wirkte wie etwas neues und
1853 1761 3060 1844 Strindbergs „Vater" wurde in einer einzigen Saison hundertmal
1851 1807 3055 1896 in Berlin aufgeführt. Wie viele große, geistige interessierte Kreise
1847 1853 3063 1945 gibt es noch innerhalb der ärmeren Gesellschaftsschichten, die dem
1856 1902 3063 1983 Theater fernbleiben müssen und die man gewinnen könnte. Ich
1853 1958 3067 2030 denke dabei nicht an Volksbühnen mit unzureichenden künstlerischen
1859 1998 3069 2093 Mitteln. Mit einer Alltagskunst ist zu wenig getan Ich träume
1856 2047 3066 2132 von einer Vereinigung der großen Bühnen, die einen Austausch
1847 2094 3073 2184 der Kräfte ermöglichen und damit auch Gast= und Festspiele in
2985 2138 3075 2200 geht
1865 2143 2937 2223 den kleinern deutschen Städten. Mein Wunsch
1862 2193 3072 2278 nach einer Dezentralisierung der Kunst. Damit wird
1859 2235 3070 2313 der Kultur ein breiterer Boden gewonnen werden. Die Künstler
1865 2294 3078 2368 sollen mit ihrem Besten rivalisieren, nich die Direktoren. Der
1867 2342 3081 2420 jetzige Konkurrenzkampf ist wenig sympathisch Reinhardt und
1874 2374 3084 2468 Barnowsky, sie achten einander, aber jeder von ihnen ist doch
1871 2426 3086 2513 mehr oder weniger gezwungen, dem Konkurrenten die besten
1871 2475 3087 2560 Schauspieler abspenstig zu machen, ob man sie verwenden kann
1871 2519 3081 2609 oder nicht. Das Theater benötigt einer neuen Organisation. Ich
1886 2588 2551 2661 sagte schon, wie ich mir diese denke."
1996 2635 3098 2724 Wir sprechen von den Wirkungen, die Strindberg jetzt aus¬
1871 2690 3014 2771 übt, nachdem man sich so lange ablehnend gegen ihn verhielt
1999 2762 3101 2846 „Es ist sein starker Pathos, die Leidenschaftlichkeit seiner
1883 2798 3102 2881 Ueberzeugung, die hinreißen. Man sah Strindberg lange in einem
1883 2850 3104 2928 falschen Lichte. Er mußte erst entdeckt werden. Jarnos Verdienst
1893 2893 3101 2982 ist es, daß er mit so schöner Konsequenz für ihn eintrat und ich
1899 2945 3108 3032 glaube, daß er auch zu den sehr wenigen gehört, die den richtigen
1896 2992 3112 3069 Ton für Strindberg finden. Er wurde das für Strindberg, was
1899 3038 3115 3122 Brahm für Ibsen bedeutete. Auf die innige Beziehung zum
1896 3082 3101 3163 Dichter kommt es an und darauf, frühzeitig geung seine Bedeutung
1899 3130 3108 3226 zu erkennen. Ein ähnliches Verdienst erwarb sich auch Emanuel
1899 3183 3110 3264 Reicher. Ich glaube, auch jetzt bleibt noch manches zu entdecken
1896 3231 3116 3310 übrig. Man muß die Dinge nur mit dem richtigen Blick ansehen.
1902 3272 3110 3360 Was gab es nicht alles vor zwanzig, vor zehn Jahren. Das
1909 3321 3110 3406 war eine fruchtbare Zeit. Ibsen, Strindberg, Tolstoi, Hauptmann,
1911 3383 3115 3460 Wedekind und die vielen anderen. Sind wir jetzt so ganz ver¬
1911 3438 2557 3513 armt? Ich kann es nicht glauben.
2024 3489 2730 3585 Ich spreche von der Wiener Literatur.
2024 3550 3131 3637 „Ich liebe sie und ganz besonders Schnitzler und fühle ein
1914 3599 3127 3695 wahrhaftes Bedauern, daß es mir bisher nicht gegönnt war mich
1920 3643 3130 3741 in den Dienst seiner Dichtung zu stellen. Es ist ein tiefes.
1931 3693 3127 3788 schwermutsvolles Wissen um alles Menschliche in ihr, eine eigene
1926 3748 3131 3829 und innige Beziehung zum Leben. Von den jungen österreichischen
1929 3788 3124 3891 Talenten schätze ich Werffel ungemein und ich glaube, daß wir
1929 3832 3130 3924 viel von ihm erwarten dürfen. Ich fühle mich immer glücklich
1932 3883 3134 3975 in Wien zu spielen. Das Wiener Publikum ist sehr treu und
1926 3926 3136 4020 verfügt über eine starke Resonanz. Es will überredet, gepäckt
1935 3978 3133 4068 und gewonnen werden. Dann erhebt es keinen Widerspruch und
1925 4028 3127 4132 ist so ganz und gar nicht konservativ und dem Neuen abgeneigt.
2985 4080 3118 4150 h. m.
