3392 4352
1188 284 1614 381 box 41/5
187 287 1006 390 1. Miscellaneous
1744 1176 2950 1245 daß die Höhe der Künstlerschaft nichts mit der hitzigen Verblendung
928 1185 1318 1300 Kultur —
1750 1227 2944 1285 zu tun hat, zu der sich einzelne Künstler fremder Zunge im Kriege
1756 1266 2947 1330 fortreißen ließen, braucht doch wohl nicht noch einmal bewiesen zu
568 1251 1717 1351 P. B. Ein Anonymus beschäftigt sich im Feuilleton der
1747 1321 1901 1378 werden.
523 1318 1702 1387 „Deutschen Tageszeitung“ mit einem Protest Arthur Schnitz¬
1792 1333 2947 1412 Das ist das eine. Was hat Arthur Schnitzler noch mehr getan? Er hat
354 1309 1720 1430 ters, der sich (im „Journal de Genève) „gegen ihm fälschlich in
1756 1402 2941 1457 seinen Einspruch von dem „sattsam bekannten Herrn Romain Rolland
517 1402 1723 1472 den Mund gelegte abfällige Aeußerungen über Meister der englischen,
1747 1442 2947 1496 bevorworten lassen“. So sattsam bekannt scheint dieser Romain
520 1445 1644 1541 französischen, russischen und belgischen Literatur verwahrt hat.
1750 1481 2956 1538 Rolland dem Ankläger doch nicht zu sein. Sonst müßte er wissen,
574 1466 1720 1557 „Der Einspruch des Herrn Schnitzler" (so sagt die „Deutsche
1750 1517 2950 1584 daß Romain Rolland seinen ersten hitzigen Angriff, der die Antwort
523 1529 1714 1596 Tageszeitung") „ist von dem sattsam bekannten Romain Rolland, der
1750 1566 2947 1623 Gerhart Hauptmanns herausforderte, längst erheblich eingeschränkt
523 1569 1720 1641 selbst Gerhart Hauptmanns ruhiges Blut zum Sieden gebracht
1756 1608 2950 1665 hat, so erheblich, daß er nun schon von französischen Zeitungen
523 1608 1714 1681 hat, bevorwortet worden. Welche Rolle Herr Romain Rollant
1753 1641 2950 1714 wegen seiner deutschfreundlichen Gesinnung beschimpft wird. Wenn
523 1653 1720 1723 in dem europäischen Geisterzwist spielt, weiß Herr Arthur
1756 1677 2950 1744 er Schnitzlers Einspruch „bevorwortet (ist das wirklich deutsch?)
520 1690 1720 1765 Schnitzler natürlich ganz genau; daß er sich trotzdem
1768 1726 2953 1786 so tut er wohl nichts anderes, als was jeder an¬
520 1729 1726 1804 unter eine Führung und Leitung begibt, ist eine Hand¬
1765 1771 2959 1832 ständige Mensch tun wird, der einem anderen öffentlich
529 1777 1729 1847 lungsweise, für die es eine sehr bündige, allerdings
1759 1810 2965 1889 Unrecht getan hat: er gesteht seinen Irrtum ein und gibt dem fälsch¬
532 1817 1726 1889 fremdländische Bezeichnung gibt. Welche Wirkungen
1756 1862 2270 1925 lich Beschuldigten das Wort.
532 1862 1729 1937 solche Schnitzler=Erklärungen in dem uns feindlich gesinnten Ausland
1814 1883 2962 1959 Wir vermögen hierin nichts Schlimmes zu sehen. Wir
529 1904 1726 1977 machen müssen, liegt auf der Hand. Selbstverständlich werden sie
1756 1934 2956 2004 beklagen und verachten die Schmähungen, zu denen sich an¬
529 1940 1729 2013 als Beweise für die innere Uneinigkeit der deutschen
1759 1980 2956 2049 gesehene Schriftsteller des Auslandes gegen Deutschland hin¬
529 1989 1726 2052 Geister ausgeschrien werden. Von diesen Schnitzler u. Co., die sich
1762 2022 2956 2086 reißen ließen, weil sie entweder den Lügenberichten ihres eigenen
535 2025 1729 2098 selbst bescheiden stets „die besten Geister" nennen, verschweigt die
1765 2058 2962 2125 Landes zu sehr vertrauten oder in greisenhafter Schwäche ihre
538 2064 1732 2140 freundschaftlich dienende Presse ja immer, daß
1765 2104 2941 2173 Ueberzeugungen dem Rausch der Stunde zum Opfer brachten -
529 2113 1729 2182 sie nur im geographisch=politischen Sinne deutsch
1765 2149 2956 2212 aber wir sind nicht der Meinung, daß es von besonderer Kultur
538 2173 656 2246 sind.
1762 2188 2962 2246 zeugt, diese Schmähungen mit Schimpfworten zu erwidern. Deutsche
589 2170 1735 2270 Dies ist also der Ton, in dem zur Zeit des Burgfriedens in einer
1756 2231 2956 2285 Künstler, Dichter und Gelehrte haben sich (mit ganz wenigen Aus¬
532 2240 1726 2312 deutschen Zeitung von einem angesehenen österreichischen Dichter ge¬
538 2270 2962 2352 gesprochen wird, weil er ein Stammesgenosse jener dem großen Un¬ nahmen) von solcher Schimpferei ferngehalten; das darf uns mit
1762 2306 2956 2373 Stolz erfüllen, denn sie haben dadurch gezeigt, daß ihr vaterlän¬
532 2324 1741 2394 bekannten so verhaßten Männer ist, die „nur im geographisch=politi¬
1768 2355 2965 2415 disches Gefühl keiner chauvinistischen Erhitzung bedarf, und daß
541 2367 1735 2442 schen Sinne deutsch sind — Daß viele Tausende dieser Männer
1768 2397 2965 2469 sie jene Kultur im innersten Herzen besitzen, die andere so gern im
541 2409 1735 2481 zurzeit für Deutschland im Felde stehen, daß viele von ihnen für das
1771 2454 2043 2512 Munde führen.
532 2457 1732 2527 Land, dem sie nur im geographisch=politischen Sinne angehören
1826 2454 2962 2554 Deshalb scheint uns auch die Auffassung, die sich in dem Angriff
538 2494 1732 2566 gestorben sind, macht dem Anonymus nichts aus. Er ist sogar so
1771 2524 2965 2593 der „Deutschen Tageszeitung" gegen Schnitzler zu erkennen gibt,
541 2536 1735 2602 naiv, die Besorgnis auszusprechen, daß Schnitzlers Erklärung in
1762 2563 2956 2627 ein Beispiel von besonderer Kulturhöhe nicht zu sein. Sie ist
538 2587 1735 2645 dem uns feindlich gesinnten Ausland als Beweis für die „innere
1771 2617 2965 2672 ungerecht in der Begründung, verletzend im Ausdruck. Sie ist aber
538 2621 1735 2684 Uneinigkeit der deutschen Geister ausgeschrien" werden könne, und
538 2645 2959 2723 übersieht dabei ganz, daß er selbst gerade durch seinen Angriff einen aus diesem Grunde auch interessant genug, um notiert zu wer¬
1759 2690 2968 2753 den: schon als eine Hindeutung auf die Stelle, von der aus allein
541 2714 1384 2781 Beweis für diese innere Uneinigkeit herbeiträgt.
1774 2732 2965 2793 in diesen ernsten Tagen immer wieder der Versuch gemacht wird,
592 2720 1741 2820 Und wie sieht das Verbrechen aus, das einen so überheblichen Ton
538 2778 2965 2856 gegen Arthur Schnitzler, einen Mann von literarischer Geltung und den inneren Frieden zu stören, den sonst alle Parteien taktvoll auf¬
1768 2814 2968 2874 rechterhalten, und den auch der politische Teil der „Deutschen
544 2829 1738 2896 untadeligem Charakter, rechtfertigen soll? Schnitzler hat nichts
1768 2871 2424 2938 Tageszeitung" bisher respektiert hat.
544 2868 1738 2938 weiter getan, als daß er gegen die Verfälschung seiner Worte
550 2914 1735 2980 Protest erhebt an der Stelle, wo diese Verfälschung ausgesprochen
1826 2914 2962 3007 Wissenschaftliche Nachrichten. Geheimrat Professor Dr.
553 2953 1735 3019 wurde. Er hat nicht einmal gesagt, daß er die Meister, die er ab¬
553 2977 2962 3062 fällig beurteilt haben soll, wirklich für Meister halte — obwohl in Eduard Meyer, der berühmte Geschichtsschreiber des Altertums
544 3019 2977 3134 dieser Ansicht wahrlich nichts Unpatriotisches zu finden wäre! Denn und Professor an der Berliner Universität, vollendet am
