3392 4352
199 327 290 426 1.
355 309 1008 426 Miscellaneous
1208 308 1634 404 box 41/5
2545 228 2638 308 .
2198 299 3009 372 « J'apprends indirectement par des amis
2168 371 3014 424 russes qu'on a publié dans des journaux de
2170 401 3018 463 Pétersbourg de soi-disant propos de moi
2168 447 3019 505 sur Tolstoi, Maeterlinck, Anatole France et
2169 490 3009 555 Shakespeare. Ils sont d’une absurdité si fan¬
2170 536 3019 596 tastique qu'aucun homme qui me connaît
2170 583 3024 639 n’y ajouterait foi, en temps ordinaire ; mais
2168 630 3019 679 dans un monde égaré, comme celui d'au¬
2174 662 3025 735 jourd'hui, par l’excès de la haine et par la
2168 715 3024 770 frénésie du mensonge, ils pourraient ne pas
2175 748 3032 822 invraisemblable même à des ge¬
2178 793 3041 853 non dépourvus de jugement. De tels essais
2182 838 3024 897 d'excitation, entrepris loin par derrière le
2175 879 3017 940 front des armées qui combattent loyale¬
2182 927 3022 987 ment, sous le couvert d'une presse irrespon¬
2182 968 3033 1027 sable, par les maraudeurs du patriotisme,
2178 1017 3032 1073 sont une des caractéristiques, et peut-être
2182 1054 3032 1118 la plus répugnante, de cette guerre. Même
2183 1101 3043 1163 le plus ridicule de ces essais pourrait, s'il
2184 1144 3039 1213 réussit, rendre très difficile à ceux qui en
2186 1198 3032 1250 sont victimes de dissiper plus tard le mal¬
2184 1237 3040 1295 entendu C'est pourquoi ce serait une faute,
2193 1281 3023 1340 si je négligeais ceux-ci, à cause de leur stu
2198 1333 2325 1393 pidité.
2225 1356 3044 1422 «La teneur exacte des propos qui me sont
2202 1406 3039 1466 attribués ne m'est pas encore connue ; mais
2196 1455 3046 1512 leur sens et leur publication ne sont pas
2199 1496 3054 1557 douteux. Et puisque, dans les circonstances
2205 1549 3041 1609 présentes, il peut se passer beaucoup de
2202 1580 3037 1648 temps avant que j'entre en possession de
2205 1626 3045 1688 l'article original, je dois me limiter provi¬
2202 1670 3050 1742 soirement à cette déclaration que des pro¬
2207 1712 3045 1792 pos du genre de ceux qui m'ont été publi¬
2211 1768 3043 1839 quement attribués n'ont jamais été pronon
2205 1803 3048 1869 cés par moi, et n'auraient jamais pu l'être,
2205 1845 3058 1915 à aucun moment, ni en temps de paix, ni
2202 1904 3051 1958 en temps de guerre, vu ma façon de penser
2250 1932 3064 2004 A vrai dire, il est un peu humiliant
2214 1977 3053 2060 pour qui a su toute sa vie éviter jalouse¬
2208 2020 3062 2095 ment le mauvais goût de se commenter
2211 2067 3058 2129 soi-même, de devoir, pour la première fois,
2210 2127 3073 2174 donner l'assurance explicite que le beau
2214 2158 3066 2229 sera pour lui toujours le beau, que le grand
2217 2198 3066 2264 sera toujours le rand, même s'ils appar¬
2220 2241 3072 2307 tiennent à des nations (ou s’ils fleurissent
2214 2302 3073 2347 dans des nations), avec lesquelles sa patrie
2219 2340 3057 2401 est en guerre. Mais, quand je pense aux in¬
2217 2387 3063 2444 nombrables gens qui doivent, en ce temps,
2224 2424 3076 2496 se prêter à de pires complaisances qu'à un
2231 2458 3075 2541 petit manque de goût, je n'hésite pas à
2229 2500 3078 2573 mettre ici par écrit : que je tiens Tolstoi
2235 2546 3075 2626 (un Russe 1) pour un des plus puissants gé¬
2229 2594 3037 2666 nies poétiques que le globe ait portés,
2235 2654 3083 2720 qu'Anatole France (un Français) me pa¬
2234 2686 3076 2754 raît, après comme avant, un des plus excel¬
2231 2726 3089 2807 lents esprits d'aujourd'hui et un conteur du
2243 2771 3074 2838 plus haut talent ; et que pour Maeter¬
2240 2814 3078 2894 linck (un Belge !) ses poèmes de la nature,
2231 2859 3076 2935 aussi bien que beaucoup de ses petits dra¬
2241 2916 3088 2981 mes, ne pourraient perdre pour moi le
2239 2953 3081 3027 moindre de leur charme noble et mysté¬
2238 2991 3089 3062 rieux, même s'il avait vraiment écrit toutes
2239 3034 3086 3120 les fantaisies sur l'Allemagne qui ont ré¬
2247 3076 3090 3156 cemment paru sous son nom dans les jour¬
2244 3124 3091 3198 naux. — Dois-je maintenant rendre, en tout
2246 3171 3095 3244 sérieux, un hommage public à Shakespeare
2250 3210 3096 3274 un Anglais !... Mais oui, puisqu'il est né à
2244 3263 3091 3331 Stratford)? Ou les plus avisés commencent
2240 3309 3100 3378 ils à entrevoir que, quand bien même la
2243 3344 3091 3434 guerre durerait trente ans, Shakespeare si¬
2246 3391 3061 3468 gnifiera pour moi toujours Shakespeare,
2247 3443 3094 3506 l'unique, pour qui n’existe aucune expres¬
2253 3483 3100 3552 sion d'éloge suffisante, aucun terme de com¬
2249 3545 2486 3610 paraison?...
2288 3553 3105 3633 « Restons-en là... Plus tard, quand la
2261 3609 3105 3690 paix sera revenue, nous nous souvien¬
2253 3647 3109 3721 drons douloureusement qu'il fut un temps
2250 3701 3107 3770 où nous devions nous crier les uns aux
2252 3748 3105 3825 autres, par-dessus les frontières, l'assu¬
2250 3784 3107 3869 rance que, tout en aimant chacun notre
2264 3824 3113 3911 patrie, nous n'avions malgré cela jamais
2258 3885 3108 3957 perdu le sentiment de la justice, le juge¬
2264 3919 3106 3995 ment, la reconnaissance, ou, pour parler
2267 3958 3109 4046 plus simplement, que nous n'avions jamais
2264 4012 2862 4091 perdu complètement la raison.
2631 4039 3067 4116 Arthur SCHNITZLER.
2313 4104 2787 4175 Vienne, décembre 1914.
