3392 4352
344 275 1011 376 Miscellaneous
1189 275 1616 364 box 41/6
2350 381 2768 458 (Quellenangabe ohne Gewähr.)
2499 491 3031 522 a
2034 491 2418 579 Husschnitt aus:
2320 560 2946 669 Pester Lloyd, Budapest
2031 587 2175 667 vom
1964 758 2990 852 Theater, Kunst und Literatur.
1912 875 3037 990 Das Schönheitsideal des neuen Burgtheater¬
2350 947 2592 1036 direktors.
1982 994 2762 1098 in Unterredung
2239 1071 2730 1135 Von Max Epstein (Berlin).
2009 1098 3040 1188 Max v. Millenkovich, der neue Direktor des Burg¬
1918 1152 3040 1238 theaters, hatte die Güte, mir eine längere Unterredung zu
1918 1222 3056 1287 gewähren. Ich hatte mich einige Zeit in Wien aufgehalten.
1920 1266 3051 1336 um die dortigen Theaterverhältnisse, wie sie sich im Kriege
1915 1314 3053 1383 und durch den Krieg gestaltet haben, kennen zu lernen. Es
1929 1357 3047 1425 schien mir nichts wichtiger, als den Mann selbst zu sprechen.
1923 1408 3047 1469 der berufen ist, die Bühne, welche man noch immer die
1923 1464 3048 1519 erste deutsche nennt, zu leiten. Die Audienz kam leicht zu¬
1929 1502 3046 1578 stande. Ich sandte meine Karte, und ein ungemein liebens¬
1920 1551 3047 1613 würdiger und einfacher Mann führte mich vom Warte¬
1923 1597 3050 1667 zimmer, ist in sein Sprechzimmer. Für einen Deutschen
1920 1647 3053 1713 wirkte diese Formlosigkeit fast verblüffend. Das Aeußere
1926 1698 3061 1762 des neuen Direktors entspricht nicht dem Bilde, das wir
1920 1747 3058 1801 uns unwillkürlich vom Leiter einer großen Bühne machen.
1939 1795 3063 1854 Er hat ger nichts Theatralisches, keine große Geste oder
1932 1844 3060 1900 Pose an sich. Sein Wesen entspricht mehr dem Beamten
1926 1891 3057 1952 im Unterrichtsministerium, den er früher beruflich dar¬
1926 1925 3067 2006 gestellt hat. Er faßte mich sehr geschickt an der schwächsten
1927 1977 3061 2051 männlichen Seite, der Eitelkeit, indem er mir freundlich
1926 2024 3058 2092 mitteilte, daß mein Buch „Das Theater als Geschäft auf
1935 2071 3061 2149 seinem Schreibtische liege. Ich kann nur wünschen, daß
1932 2124 3061 2191 er es auch gelesen und nicht auf dem üblichen Wege, wie
1932 2169 3058 2232 in Deutschland Bücher verbreitet werden, nämlich durch
1935 2213 3056 2283 Ausleihen erworben hat. Jedenfalls war mir der Mann,
1929 2276 3060 2330 der mein Buch gekauft hat, von vornherein sympathisch,
1935 2316 3056 2390 und ich beschloß, nichts Böses über ihn zu sagen. Da ich
1935 2359 3061 2427 aber aus meiner preußischen Haut nicht herauskann und
1935 2410 3061 2474 daher unbedingt etwas Unhöfliches sagen mußte, so er¬
1932 2467 3071 2521 klärte ich ihm, daß ich es keineswegs auf ein Interview
1930 2506 3070 2579 abgesehen hätte. Ich bin ein Feind solcher Fünfminuten¬
1935 2565 3080 2619 unterhaltungen. Menschen werden dadurch gewöhnlich ver¬
1942 2597 3077 2670 kehrt gezeigt. Man könnte sagen, daß jedes Interview ein
1945 2654 3075 2714 Hinterview ist. Herr v. Millenkovich schien auch vor
1950 2690 3081 2765 solchen kurzen Unterredungen eine heillose Angst zu haben.
1947 2744 3078 2811 Auf der anderen Seite ist er aber durch seine langjährige
1939 2788 3071 2855 Vortragstätigkeit so aus Dozieren gewöhnt — oder ich
1947 2845 3075 2908 erschien ihm von vornherein so „ausfragwürdig, daß
1947 2883 3074 2957 er selbst unsere Unterhaltung in eine retorische Leistung
1939 2932 3080 3003 umzuwandeln suchte. Mit vielleicht etwas unwienerischer
1939 2980 3078 3061 Offenheit bat ich sofort, mir zu sagen, was es eigentlich
1939 3029 3077 3090 mit dem christlich germanischen Schönheits¬
1947 3074 3077 3145 ideal auf sich habe, von dem wir zu Beginn seiner Tätig¬
1947 3125 3077 3196 keit öffentlich gesprochen und mit dem er so viel Aufsehen
1947 3182 3085 3240 erregt habe. Der neue Direktor des Burgtheaters machte
1943 3216 3081 3286 mir darauf folgende Ausführungen, von denen ich nach
1959 3265 3074 3337 seinem Willen Gebrauch machen darf, weil ich ihm die
1955 3312 3078 3383 Zusicherung gab, daß ich künstlerische Urteile nicht durch
1952 3373 3083 3445 die parteipolitische Brille sehe und meinen Eindruck un¬
1950 3423 2663 3474 bedingt objektiv wiedergeben würde.
2054 3444 3087 3525 Christlich-germanisches Schönheitsideal im Sinne
1953 3505 3081 3566 des Herrn v. Millenkovich gedeutet ist nichts weiter, als
1953 3546 3087 3619 eine retorisch gesteigerte Ausdrucksform für den Begriff
1956 3595 3088 3664 des mitteleuropäischen Schönheitsideals, also desjenigen
1959 3647 3087 3717 schetischen Ideals, das unsere engere Kulturgemeinschaft
1959 3687 3088 3757 augenblicklich in der Seele trägt. Christlich soll kein
1960 3734 3084 3811 Gegensatz zur Antike und germanisch kein Gegensatz zu
1953 3792 3084 3851 romanisch sein. Die Antike ist durch die Renaissance ein
1959 3844 3075 3895 Teil unserer Bildung und unseres Geisteslebens gewor¬
1964 3876 3081 3945 den. Und die großen Dichter anglosächsischer und romani¬
1964 3925 3088 3996 scher Herkunft, wie besonders Shakespeare und Calderon
1994 3970 3070 4046 mit den Ideen, die unsere künstlerische Anschauungs
1994 4067 3132 4137 weise erfüllen, auf das innigste verbunden. Darum werden
1994 4118 3135 4191 durch ein christlich germanisches Schönheitsideal die
