3436 4320
1179 317 1608 416 box 41/6
322 323 998 430 Miscellanes
395 929 988 1030 1, Maaria, Mailand, Minneapone,
402 988 1173 1078 San Francisco, Stockholm, St. Petersburg
475 1036 848 1108 unange¬
620 1071 1212 1165 Ostdeutsche Rundschau
333 1078 502 1173 aus
865 1142 999 1234 in
402 1162 645 1235 111
345 1231 1285 1335 Sich kennen, heißt sich verstehen. Sehr wichtig
247 1314 1279 1372 und richtig diese Binsenwahrheit, nicht bloß zwischen uns
242 1361 1276 1428 und den Bulgaren wie den Türken; wichtiger, leider aber
247 1406 1276 1461 nicht richtiger zwischen dem Deutschtum im Reiche und bei
247 1454 1280 1498 uns! Unsere anklagende Behauptung, daß sich Reichs¬
244 1493 1279 1551 deutschland zu wenig um Deutschösterreich kümmere und
247 1540 1280 1597 es daher nicht recht würdige und verstehe, hat sich in der
255 1579 1280 1647 Stunde, da wir auf Gedeih und Verderb von der Feindes¬
247 1627 1279 1678 welt zusammengeschweißt worden sind, nur als zu wahr
244 1666 1279 1722 erwiesen. Gerade jene, die nicht einsehen wollten, weshalb
244 1718 1285 1767 wir uns nicht schon lange als gute Staatsbürger gefügt
247 1759 1280 1812 und von unserem Volkstum gelassen haben, machen heute
250 1799 1276 1852 verdutzte Gesichter, wenn sie durch dieses oder jenes Er¬
244 1838 1269 1899 eignis gemahnt werden, daß die Oesterreicher nicht lauter
245 1883 1271 1952 Deutsche sind. Die reichsdeutschen Kriegsberichterstatter
244 1934 1274 1984 entdecken im wahrsten Sinn des Wortes da und
244 1969 1279 2029 dort in Zis und Trans deutsches Leben und berichten davon
245 2014 1274 2074 ihren Blättern, und der Leser staunt und beeilt sich,
247 2056 1276 2113 die Brüder mal kennen zu lernen. Diesem Bedürfnis
247 2101 1276 2164 kommt man auch schon „mit echt österreichischer Liebens¬
247 2150 1271 2203 würdigkeit entgegen. Wer „man"? Nun, die Eislers, Bo¬
238 2188 1277 2244 dansky, Kalmanns, Dörrmanns, Wintersteins, Männer
247 2236 1276 2287 vom Schlage eines Leo Fall, eines Oskar Straus. Ar¬
242 2272 1276 2340 ihren Opperettenschlagern weht doch so unverfälscht die
244 2321 1273 2374 Unwiderstehlichkeit, die Anmut des östlichen — nein, des
247 2368 1268 2418 österreichischen Wesens. Das muß man gesehen haben,
247 2405 1268 2458 dann ist man den österreichischen Brüdern schon näher
241 2449 1269 2509 Liest man dann vollends noch im „Berliner Tageblatt",
244 2492 1265 2548 die natürlich hervorragende Vortragskünstlerin Miete
238 2536 1265 2595 Möller gebe in Berlin einen österreichischen Dichter¬
247 2582 1265 2634 abend mit einer auserlesenen Vortragsordnung, die ein
252 2630 1269 2688 getreues Bild der österreichischen Literaturwelt biete. Und
244 2672 1269 2724 vas „bietet dieses holde Wesen außer der eigenen
255 2714 1273 2766 nageren Dekolletage? Schnitzler Salus, Salten
253 2750 1333 2840 rote Salzmann und Konsorten werde ihnen vorgesetzt
1083 2803 1240 2864 Seite
326 2811 732 2882 .
266 2899 1291 2972 als „typische“ Wiener. — Auf diese Weise glaubt der
266 2943 1294 3016 Reichsdeutsche die Deutschen in Oesterreich wohl zu kennen
266 2999 1293 3056 und lernt nur die deutschsprechenden Morgenländer kennen,
261 3036 1173 3120 die leider heute am alten Nibelungenstrome hausen.
357 3073 1300 3167 Kriegsdekorationen für Dichter. Das dieser
1931 433 2141 541 1910
2467 485 2993 575 Victor Journal
2080 735 2871 881 Zwei Albumblätter
1863 851 3086 1011 von Gerhart Hauptmann und
2149 1019 2828 1130 Artur Schnitzler.
1863 1112 3089 1199 Zum 60. Geburtstag des Schauspielers Oskar Sauer.
1983 1179 3092 1266 Zu Oskar Sauers 60. Geburtstag soll unter dem Titel
1861 1240 3086 1318 „Oskar Sauer. Ein Gedenkbuch 1856 bis 1916“ (bei Oesterfeld
1869 1288 3094 1350 & Ko. in Berlin) ein Sammelwerk erscheinen, das von Siegfried
1869 1339 3095 1401 Jacobsohn herausgegeben und dessen Gesamtertrag einem bestimmten
1877 1389 3100 1450 Fonds der Genossenschaft deutscher Bühnenangehöriger zugeführt
1869 1440 3095 1498 wird. In diesem Buche schreibt Gerhart Hauptmann
1869 1484 2613 1555 über Oskar Sauer die folgenden Worte:
1983 1541 3094 1613 Wer über Oskar Sauer nachdenkt, kommt zu dem Schluß:
1877 1607 3097 1663 Der wahrhaftigste Mensch allein hat Eignung zum größten Schau¬
1880 1645 3098 1722 spieler. Danach wäre das Wesen der Schauspielkunst nicht Täu¬
1883 1700 3101 1759 schung, sondern Wahrhaftigkeit — nicht Muskerade, sondern
1874 1748 3100 1810 Demaskerade — nicht Mummenschanz und Versteckenspiel der
1883 1795 3097 1871 Seele, sondern Enthüllung und Offenbarung. So ist es auch.
1992 1861 3103 1924 Von einer ähnlichen Ueberzeugung scheinen die auszugehen,
1880 1911 3100 1965 denen Schauspielkunst eine Art schamloser Preisgabe bedeutet. So
1874 1956 3108 2011 urteilt Bürgermoral; aber, gleichwie die Wissenschaft, untersteht
1880 2007 3098 2065 auch die Kunst einer eigenen, anderen. Sie adelt den Künstler,
1883 2056 3101 2115 der sich, vermöge der hohen Idee universeller Menschlichkeit,
1874 2105 3103 2164 begreift, sein Selbst erhöht und es in ein zweites, höheres Leben
1880 2144 3100 2234 steigert. Das reichste Menschentum verfällt, wenn dies Verfahren
1880 2209 2203 2275 in Verfall gerät.
1995 2239 3117 2324 Es ist wohltätig, reinigend und erhebend, die Gestalt Oskar
1883 2315 3106 2371 Sauers, des großen Darstellers, sich hervorzurufen. Man wird es
1880 2355 3109 2430 oft tun, um den Glauben an das deutsche Theater, seine Kraft
1883 2413 3106 2474 und Sendung aufrecht zu erhalten. Aus seinem Wesen und Wirken
1889 2458 3115 2516 ist eine ganze Dramaturgie abzuleiten, die eines der wertvollsten
1889 2505 3109 2565 Vermächtnisse für die deutsche Schaubühne sein könnte. In Sauer
1889 2557 3112 2646 verkörpert sich ihr wahrhaft schöpferisches Vermögen, ihre Moral
1888 2609 2258 2697 und höchste Würde.
2006 2714 3112 2787 Artur Schnitzlerschreibt: „Wie gern benutze ich den
1889 2781 3114 2840 Anlaß seines sechzigsten Geburtstages, um Oskar Sauer meine
1892 2826 3103 2893 verehrungsvollsten Grüße zu senden. Ich habe diesem außer¬
1889 2871 3112 2932 ordentlichen Künstler als Theaterbesucher im Laufe der Jahre so
1886 2921 3109 2980 viel zu danken gehabt, daß ich es eigentlich als überflüssig, wenn
1886 2968 3117 3030 nicht als unbescheiden empfinden müßte, hier auch noch aus¬
1896 3019 3114 3086 zusprechen, was ich ihm als Theaterschriftsteller schuldig geworden
1894 3064 3114 3126 bin; aber ich kann mich doch nicht enthalten, nach dem Gregers
1896 3108 3114 3176 Werle (der wahrscheinlich uns allen zuerst einfällt), dem Ulrik
1892 3160 3112 3221 Brendel, dem Wehrhahn und mancherlei andern, sehr bald des Mal¬
1896 3218 3117 3282 professors Wegrat (aus dem „Einsamen Weg") zu gedenken als
1896 3257 3114 3317 einer Gestalt, um deren Haupt es in meiner Erinnerung wie ein
1896 3308 3114 3373 Heiligen= oder vielmehr ein Edelschein schwebt, und die durch
1892 3348 3112 3415 Sauers Kunst wohl auch anderen Leuten als dem Dichter unver¬
1902 3403 3120 3477 geßlich geblieben sein mag. Wie kaum einen zweiten Schauspieler
1892 3451 3118 3518 war es ja Oskar Sauer gegeben, den wahrhaft reinen Menschen
1899 3510 3114 3564 darzustellen: — Reinheit in jener Vollendung, wo sie schon wieder
1894 3549 3114 3608 Schuld geworden ist. (Denn nicht nur im Uebermut sich über die
1902 3597 3106 3661 Weit erheben wollen; auch aus Güte sich nicht in sie finden können
1896 3644 3112 3706 ist Schuld vor Gott, Schuld im Geiste der Tragödie — tragische
1899 3693 3112 3752 Schuld.) Wir wissen alle, wie vieles Sauer außerdem noch gekannt,
1902 3759 3117 3811 gemeistert hat; und es ist nur natürlich, daß gerade die humo¬
1902 3785 3075 3847 ristische Kehrseite der Reinheit eines seiner bevorzugten Gebiete
1899 3827 3112 3895 daß seine Schauspielkunst in der Atmosphäre der Naivität, Einfalt
1911 3895 3126 3956 und Beschränkheit gleichfalls wunderbar zu Hause war. Aber wenn
1905 3926 3118 3995 geistige Ueberlegenheit, Kühnheit, ja die Größe selbst aus der
1905 3979 3142 4044 Eigentümlichkeit einer bestimmten schauspielerischen Begabung heraus¬
1903 4024 3151 4096 gespielt werden können, ohne daß im Menschentum des betreffenden
1914 4072 3117 4131 Darstellers auch nur bescheidene Elemente jener Eigenschaften auf¬
1914 4124 3033 4190 findbar sein müssen: um imstande zu sein, auf der Bühne
1914 4162 3109 4225 nicht etwa kleine Herzenstalente, sondern Herzensgenialität glaub¬
