3392 4352
130 1868 421 1958 unützig, nur
148 1940 429 2009 trieg eintrete.
148 2077 259 2170 ser.
143 2149 267 2228 Angel.
143 2207 447 2302 chdruck verboten.)
148 2281 492 2368 heit des „Berliner
151 2350 484 2419 (Mannheim) in der
153 2390 497 2458 se den Kultur¬
138 2432 497 2503 that, möchte ich
143 2474 495 2540 den Degen ziehen,
138 2525 495 2593 ehrlicher Liebe zur
140 2570 341 2633 tet haben.
146 2583 505 2667 der der Ansicht ihres
148 2649 497 2710 turverband (diese
143 2691 495 2752 zu bewältigen) bei=
156 2739 505 2797 in zusammenscharen.
153 2773 497 2845 unst, die wissen, daß
140 2818 497 2884 en kann, von
153 2858 503 2927 hat und Kirche, hoch
143 2900 516 2972 ehrten, da sie ihren
153 2943 511 3035 von dem bedenklichen
228 3001 521 3099 haben, beweist
138 3038 521 3146 era el sa-
257 3117 516 3183 offen spricht
153 3133 524 3220 Mittel zur Er¬
143 3199 516 3268 Bühnengenossenschaft
169 3250 516 3308 auch das Gelingen
156 3292 516 3345 rechtigt den Genossen¬
169 3329 516 3392 von dem einsamer
175 3379 519 3430 Zweck aufzupflanzen
159 3422 521 3485 Bernhardus entgegen¬
183 3461 527 3522 aber als Genossen¬
167 3501 527 3564 sen, wie ander man
183 3543 527 3612 das ist es Wahrer
159 3578 529 3652 den kann man aus
159 3628 532 3692 auspielerparlamente
220 3668 540 3726 die Schauspieler
214 3707 535 3774 est mit der
159 3747 542 3811 habe. Ich hätte
167 3797 527 3853 sen sehen mögen 20
169 3834 542 3919 von seinem Sitze auf¬
1154 299 1582 397 box 41/6
307 312 979 400 Miscellaneous
1741 1717 2935 1844 zeugung aus, daß diese Maßnahme den Anfang zu einer gründlichen
505 1754 1077 1842 Opposition der
1741 1799 2937 1884 Agrarreform bilden müsse, deren Richtung die Konstituante bestim¬
505 1752 1712 1884 alten Isolierungspolitik zu erwarten. Diese Partei wird
1741 1847 2937 1937 men wird und die von nun an den ganzen Grundbesitz in die Hände
516 1842 1702 1929 ihre Gründe geltend machen, die dagegen sprechen, daß Bündnisse
516 1881 1707 1979 irgendwelcher Art mit irgendwelcher europäischen Nation eingegangen
1749 1958 2945 2053 der Oeffentlichkeit als Forum, besteht dort die Gefahr, daß ein ge¬
1747 2014 2943 2096 heimnisvolles Richterkollegium mit einer Verbeugung vor Staat und
572 2006 1712 2096 „Wie, mein Herr," hätte er gerufen, „wir, die kostbarsten
1744 2051 2945 2136 Kirche Machtmittel erlangt, um ich sage vorsichtig gegebenen¬
511 2051 1704 2141 Instrumente des schaffenden Künstlers, die seinen Gedanken Ton und
1757 2101 2940 2183 falls mittelalterlicher Kunstauffassung durch Gewalt Geltung zu
513 2091 1707 2183 Leben geben, die sie deuten und tragen, ja, die das Geschaffene selbst
1749 2130 2940 2218 verschaffen. Bereits sollen Behörden auf die Wichtigkeit des Ver¬
519 2138 1709 2223 nicht selten umschaffen müssen, um es den Herzen der sehnsuchtsvollen
1752 2178 2951 2263 handes aufmerksam gemacht werden! Was heißt das anders, als daß
521 2178 1717 2268 Menge näher zu bringen, wir, unsere Kunst, unsere Schauspielkunst.
1760 2228 2945 2305 der Verband eine gewichtige Zensurstimme erhalten soll, um unter
527 2228 1715 2310 soll mit der dramatischen Kunst nichts zu tun haben? Herunter von
1760 2263 2943 2347 Umständen eine aus irgendeinem unkontrollierbaren Grunde miß¬
532 2268 1532 2368 Ihrem Sip. Präsident — weil sie ein böser Kunde sind
1762 2302 2951 2387 liebige Erscheinung wie den unmoralischen Schnitzler, zwangsweise
580 2276 1720 2395 So ähnlich hat sich jener Prinz im Reiche der Schauspielkunst noch
527 2358 1723 2440 kurz vor seinem Tode oben auf dem Rigi gerade über den Zusammen¬
1760 2371 2382 2453 von der Bühne abführen zu können
1799 2366 2953 2466 Nicht darum handelt es sich also, die Oeffentlichkeit zu überzeugen
529 2390 1728 2485 hang zwischen Schauspieler und Dichter zu mir geäußert. Wahrlich, ich
1765 2435 2951 2514 und so die allgemeine Auffassung von wahrer Kunst zu vertiefen,
535 2429 1728 2517 glaube, wir alle von der kritischen Feder haben eine höhere Auf¬
1770 2474 2951 2554 sondern um die Gefahr der Diktatur eines dunklen Konzils zu Hilden¬
535 2477 1728 2564 fassung von den Aufgaben der Schauspieler als ihr Präsident. Und
1768 2514 2961 2617 heim“, wie Sie es so richtig nennen das die Macht erlangt, in den
542 2525 1731 2609 seltsam ist es, daß bei seinen Worten in dem Parlamente kein Sturm
1768 2554 2964 2638 Spielplan der deutschen Bühnen einzugreifen. Das ist das Bedenkliche,
535 2562 1728 2675 losbrach, daß sie allen Mitgliedern wie etwas Selbstverständliches
1773 2599 2964 2686 Mit Recht haben daher auf die Gefahr aufmerksam gemacht. Wenn
540 2638 725 2710 erschienen.
1765 2636 2956 2726 auch Ihre Warnung von dem Schauspielerparlament in den Wind ge¬
590 2625 1736 2742 So nun, wie die Genossenschaft den Verband zur Förderung
1776 2691 2961 2776 schlagen worden ist, wenn sie sogar nicht eben geistvollen Angriffen
540 2694 1731 2789 deutscher Theaterkultur ihren Zwecken ganz offen dienstbar machen
1770 2728 2953 2810 ausgesetzt wurde, so ist zu hoffen, das sie ihre Wirkung auf die Offent¬
542 2736 1736 2824 will, besteht die Gefahr, daß dieser Vornand von Moralisten oder
1773 2792 2241 2858 lichkeit nicht verfehlen wird
540 2779 1733 2861 Sittenlehrern — vielleicht in bester, erzieherischer, aber dennoch
1823 2792 2969 2898 In dieser Hoffnung begrüße ich Sie als tapferen Mitkämpfer für
540 2821 1739 2919 kunstfremder Absicht — ausgenutzt wird, um durch ihn die Kunst
1778 2871 2445 2966 die Freiheit der Kunst! Ihr ergebener
556 2869 1736 2959 zu fesseln oder vor den kläglichen Karren einer Tendenz zu spannen.
2053 2879 2797 2980 Dr. jur. Edgar v. Schmidt-Paul,
553 2906 1739 2996 Als ob die wahre Kunst nicht das eigene Licht von Moral und Sitte
1942 2935 2927 3062 3. Hauptschriftleiter des „Belgischen Kurier" (Brüssel),
550 2948 1739 3043 in sich trügel Als ob ihr selbst die höchste, vaterländische, patriotische
550 2993 1664 3078 Richtlinie vorgeschrieben werden könnte, wenn sie nicht aus
1823 3041 2977 3115 Theaterchronik. Im königlichen Opernhause
553 3038 1667 3133 selbst heraus eigenen Gesetzen folgend, diese Wirkung auslöst
1776 3078 2969 3157 wirken am heutigen Nationaltag der deutschen Bühnen
606 3056 1739 3165 Wie wenige gibt es, die sich dieser Unantastbarkeit der Kunst die
1792 3115 2972 3210 für die sechste Kriegsanleihe auch noch Hermann Jadlowe
545 3115 1749 3202 im Innern bewußt sind Ja, wenn wir sicher wären, daß nur solche
1778 3173 2374 3239 und Walter Kirchhof mit.
553 3162 1752 3250 Wissende in den Verband mit dem schrecklichen Namen aufgenommen
1836 3170 2974 3273 In dem heute im königlichen Opernhause stattfindenden
553 3202 1757 3295 würden — Würde man aber solchem Optimismus schon mit Recht
1781 3228 2974 3310 Nationaltag der deutschen Bühnen für die sechste Kriegs¬
553 3242 1749 3332 mißtrauisch begegnen können, so ist Mißtrauen ein noch zu gelindes
1786 3268 2972 3345 anleihe werden die neuen Soldatenlieder von Leo Fall durch den
558 3289 1752 3379 Wort, wenn Urteile von leitender Stelle des Verbandes laut werden,
1786 3303 2972 3385 Komponisten und Herrn Clewing zum Besten des Kriegsanleihesonde
1792 3345 2977 3424 während der Pause zwischen dem ersten und zweiten Teil des Pro¬
553 3340 1559 3422 wie das über Schnitzler, das Herr Bernhardy zitiert hat.
614 3353 1754 3453 Sie, Herr Engel, wollen ja keineswegs behaupten, daß sich inner¬
1799 3392 2517 3472 gramms im Konzertsaal verkauft werden.
1850 3400 2977 3498 Im Deutschen Theater wird am Montag zum ersten Male
558 3414 1752 3498 halb des Verbandes nicht Persönlichkeiten befänden, die die gleiche
1792 3453 2977 3538 „Der Geizige gegeben. Max Pallenberg spielt die Titel¬
572 3464 1754 3546 hohe Auffassung vom Wesen der Kunst betätigen wie Sie. Sie werden
1786 3490 2977 3564 rolle; ferner sind in den Hauptrollen beschäftigt: Hermann
564 3498 1760 3588 ihnen auch nicht das Recht bestreiten wollen, gemeinsam Versuche zu
1794 3520 2974 3609 Thimig, Joseph Danegger, Max Gülstorff, Margarete
572 3535 1752 3625 unternehmen, um Mißstände auf dem Theatergebiet zu bekämpfen
1792 3564 2972 3644 Christians, Paula Eberty und Hanna Wissar. Die Regi¬
580 3578 1760 3676 Ich selbst habe vor zwei Jahren im „Berliner Tageblatt" gegen Aus¬
1802 3623 2292 3692 führt Max Reinhardt.
574 3617 1760 3707 wüchse im Theaterleben Front gemacht und dabei den Gedanken eines
1844 3623 2982 3723 Im Kleinen Theater spricht Alfred Adel vor der
574 3660 1768 3750 Bundes zur Verhütung von Geschmacklosigkeiten aufleben lassen.
1797 3668 2980 3763 heutigen Vorstellung von „Haus im Schnakenloch das Gedicht
580 3705 1762 3800 Zwischen hier und Hildesheim jedoch gähnt eine Kluft. Während hier
1797 3721 2710 3800 Kriegsanleihe von „Gottlieb als Prolog.
1934 3726 2993 3834 der Komischen Oper wird heute „Die Dose Sr.
580 3747 1765 3834 eine Vereinigung von Männern angestrebt wurde, bereit, mit Wort und
577 3784 1768 3874 Schrift für die Hebung des Geschmacks zu streiten, nicht im purpurnem
556 3789 2681 3964 Machtmantel des Richters, sondern im freien Meinungs=Austausch vor Majestät zugunsten der Kriegsanleihe aufgeführt.
