3344 4320
141 288 219 384 1.
1140 274 1565 371 box 4176
288 276 956 377 Miscellanes
631 1459 1579 1583 weißes, frierendes Italien statt einem blauen,
634 1544 841 1606 glühenden.
667 1582 1564 1655 Und so reisen denn die Passanten wieder fort.
640 1642 1564 1712 Die schen in die großen Schweizer Städte,
634 1699 1555 1757 wohin vor dem Krieg das Leben der Sorglosig¬
638 1749 1564 1807 keit und des Vergnügens geflüchtet ist, wo
632 1794 1564 1852 Reinhardt seine Kunststücke auf der Drehbühne
640 1849 1558 1899 zeigt, wo Nikisch mit seinem Orchester die
631 1894 1570 1950 Fühlenden begeistert, wo Richard Strauß mit
632 1944 1558 2001 dem Stolz von Wien „Elektra“ und „Ariadne
632 1995 1570 2051 aufführen läßt: die Mildenburg, die Gutheil¬
638 2044 1562 2106 Jeder, Weidemann. In die großen Schweizer
640 2094 1562 2146 tähte, wo man im gleichen Kino die Gara
638 2144 1564 2204 Bernhardt und Paul Wegener sehen kann, die
634 2190 1562 2256 Kriegsberichte von Deutschland und Frankreich:
632 2246 1564 2296 wo in den Cafés Ungarn spielen, eine
638 2288 1555 2342 nerin Tosca singt; wo es. Bälle gibt
632 2344 1443 2396 Hälle. Man darf Tango tanzen
638 2387 1562 2442 Marchiche. Man trinkt Kaffee ohne Zusatz und
640 2439 1570 2498 ist ein Souper, das von friedlicher Fülle und
634 2479 1044 2546 Schmackhaftigkeit ist.
673 2522 1562 2593 Aber in Lugano bleiben die Treuen, die seit
632 2576 1562 2640 Jahr und Tag dort ihre Interimsheimat be=
634 2639 1570 2694 gründet haben. Sie frieren gern, wenn sie nur
632 2685 1405 2746 der Wahn des Südens unschmeichelt.
677 2725 1558 2794 Ein Wahn. — Auch hier ist der Krieg. In
634 2781 1552 2847 der Vormittagsstunden kuttertes plöblich
640 2835 1562 2888 Es sind die Maschinengewehre, der übenden
640 2882 1564 2946 Schweizer Grenzbesatzung. Und ihr rhythmische¬
638 2935 1562 2992 Puffen ist wie ein Echo unsichtbarer Schlachten.
640 2983 1559 3037 Aber ein anderes Echo ist furchtbarer. Jn einer
640 3033 1564 3090 Stunde, da die Sonne durchbricht, gret es
640 3075 1562 3135 plötzlich fern und dumpf. Durch den Leib der
638 3123 1562 3186 Berge scheint es zu rollen, im Innern der
638 3182 1568 3237 Erde scheint es sich zu empören. Aber das sind
638 3227 1562 3289 Kanonen von der Tiroler Grenze, italienische
634 3279 1562 3349 oder österreichische. Und dieses Grollen heißt
643 3324 1018 3394 Tod, heißt: Krieg.
689 3356 1568 3429 Und so lange es also grollt, bleibt alles
644 3417 1562 3488 Wahn: Süden Reiseglück, Vergessen, Liebe
1264 3476 1540 3537 nur anger.
632 3468 950 3551 und Hoffnung.
1686 1510 2459 1627 Theater und Kunst.
1662 1603 2181 1667 Aus den Wiener Theatern.
1655 1649 2526 1713 Im Burgtheater gelangt morgen Samstag
1609 1699 2526 1747 der Grillparzer=Zyklus mit der Aufführung der
1605 1736 2523 1797 Dramas Fragments) „Esther" zum Abschluß
1609 1775 2531 1833 Hierauf folgt Gerhart Hvimanns Elga. Anfang
1605 1820 2533 1866 7 Uhr. — Dienstag den 18. d. wird das fünfaltige
1609 1859 2535 1911 Schauspiel „Alt=Heidelberg von Wilhelm
1609 1895 2364 1949 Meyer-Förster aufgeführt. Anfang 7 Uhr.
1662 1937 2529 2006 Im Operntheater gelangt morgen Samstag
1611 1984 2531 2034 Fidelio" zur Aufführung. Anfang 1 Uhr. Ein¬
1609 2028 2531 2079 plötzlich eingetretene Indisposition des Kammer¬
1611 2067 2534 2113 sängers Schmedes macht neuerlich eine Abände¬
1605 2109 2535 2163 rung der heutigen Vorstellung notwendig. Statt
1605 2146 2533 2196 Rienz gelangt Siegfried mit den Herren
1605 2186 2531 2234 Schmieter, Most, Hayder, Zee und Breuer sowie
1605 2220 2526 2279 den Damen Hoy. Kittel und Klurina zur Aufführung
1658 2267 2537 2324 Im Deutschen Volkstheater beginnt die
1611 2312 2054 2379 morgige Erstaufführung
2086 2309 2522 2360 des Lustspieles Di¬
1611 2346 2533 2407 salige Exzellenz von Preßber und Stein
1604 2391 2054 2452 pünktlich um halb 9 Uhr.
1653 2424 2531 2484 In der Neuen Wiener Bühne wird morgen
1610 2462 2528 2534 Samstag und am Sonntag in Paul Czinner¬
1609 2517 2531 2572 Tragikomödie „Der Absturz der Autor die
1605 2555 2397 2603 Rolle des Franz Hemmung selbst darstellen.
1653 2589 2531 2657 In der Volksbühne findet die Erstaufführung
1609 2644 2529 2696 von Gerhart Hauptmanns „Grisalda", wie alle
1609 2686 2531 2738 Premieren der Volksbühne im Abonnement statt
1611 2718 2242 2785 Die Vorstellung beginnt um 7 Uhr.
1635 2768 2527 2820 Im Josefstädter Theater ist morgen
1609 2805 2526 2857 de Premierenabend. Zur Darstellung gelangt
1599 2857 2531 2899 der Schwan „Die Meerjungfrau von Arnold
1609 2895 2529 2953 und Emil arg. Die von Josef Jarno inszenierte
1605 2933 2174 2994 Vorstellung beginnt um 7 Uhr.
1647 2973 2277 3029 Die Direktion der Wiener
2319 2976 2526 3032 Kammer¬
1617 3018 2533 3075 piele hat Georg Terramares Komödie „Die
1605 3061 2526 3107 stille Stunde zur Aufführung angenommen.
1605 3103 2534 3175 Die Erstaufführung soll noch in dieser Spielzeit statt¬
1611 3139 1728 3195 finden.
1645 3185 2522 3245 Im Lustspieltheater findet heute Freitag
1611 3222 2504 3299 die 850. Aufführung von Mädel, küsse mich
1610 3266 1690 3332 statt.
1643 3295 2531 3370 Heutige Konzertes Großer Musikvereinssaal, halb
1670 3359 2531 3403 Uhr abends: Konzert, Städtellus, 111.
1615 3400 2529 3441 München: Ivogün=Walter; kleiner Konzert¬
1611 3436 2537 3501 haussaal, halb 8 Uhr abends: Liederabend Berta
1609 3479 1773 3548 Schert.
2542 1479 3206 1560 mata, dann hatte man
2569 1555 3296 1604 der Republik Wilsons von Neutralité
2567 1592 3289 1668 können. Aber Amerika hat förmlich
2579 1641 3168 1684 Industrie umgelegt,
2581 1674 3278 1733 Partei des Weltkrieges Waffen zu
2575 1722 3295 1791 und die Republik tat dies im Schutze
2569 1768 2719 1829 tralität
2703 1803 3292 1872 dieser ganzen Zeit war die
2573 1857 3295 1922 kleinen neutralen Staaten Europas
2567 1911 3276 1955 nehm, aber Herr Wilson kam
2581 1947 3290 2002 zu Hilfe. Er rührte sich nicht ab¬
2573 1990 3295 2058 ein par amerikanische Schiffe bele
2581 2039 3304 2092 einige amerikanische Bürger getrof¬
2579 2083 3289 2135 Da stand plötzlich die ganze Welt in
2581 2123 3302 2176 Und als die deutsche Seespernote er
2581 2171 3304 2224 setzt endlich der amerikanischen
2569 2210 3302 2268 ausfuhr ein Ende gemach¬
2573 2259 3298 2311 sollte, da zeigte sich plötzlich das Ini¬
2579 2302 3298 2354 sons für die kleinen Staaten so lebha=
2575 2347 3298 2398 ste sind, das Schicksal Serbiens, M.
2567 2388 3295 2444 und Rumäniens zu teilen. dat
2575 2431 3302 2483 großartiger Gedanke Amerika erklär
2575 2481 3304 2528 land den Krieg in einer Weise, daß
2573 2518 3304 2575 Norwegen, Schweden, Holland, die Se.
2573 2563 3307 2620 Spanien die Arbeit und die Gesa
2573 2607 3310 2665 nehmen. Das Wort, daß die Einladung
2567 2655 3307 2711 an die neutralen Staaten verhängni¬
2575 2704 3295 2751 ein diplomatischer Fehlgriff gewesen
2569 2743 3292 2798 bestehen bleiben. Man ist versucht,
2567 2790 3302 2842 ladung, sich zu Ehren der ver¬
2569 2833 3107 2894 amerikanischen
3153 2828 3277 2892 r
2569 2874 3304 2925 bestrebungenschlachten zu la
2569 2920 3230 2964 Dummheit oder Frechher
2567 2925 3284 3012 Wir wollen uns aber mit „Fehlgriff
2575 3002 3307 3068 denn die Meinung ist ja doch die al=
2699 3096 3307 3194 Das ein aus Norweg
2651 3182 3305 3267 Eine Forderung norwegischer Bi=
2927 3239 3302 3302 Kopenhagen, d.
2608 3277 3302 3344 Wie Politiken aus Christiani
2567 3332 3304 3393 sprechen sich die Blätter Socialdemok
2567 3382 3298 3437 Astonposten gegen die Nota Wilson
2618 3424 3215 3479 Astonposten sagt, Norwegen
2563 3467 3295 3530 andere Antwort als ein bestimmte
