3392 4256
260 223 1071 309 1. Miscellaneous
1248 201 1684 298 box 41/6
1962 282 2554 404 REICHSPOST, WIEN
2453 531 2951 636 28 JANUAR 1916
2000 718 2999 819 Theater, Kunst, Musik.
2175 802 2759 899 Theaternotizen.
2022 865 3059 949 Seit Jahr und Tag gewinnen die kleinen Wiener
1934 926 3053 983 Theater immer mehr die literarische Führung. Im Stadt¬
1934 980 3060 1030 theater spielt man die „Ratten", an der Volksbühne das
1937 1024 3053 1085 Glashüttenmärchen von der Pippa, die Neue Wiener
1927 1064 3056 1115 Bühne bringt ganz ausgezeichnete Ibsen=Aufführungen
1937 1112 3047 1161 zuwege, die Residenzbühne hat es mit en paar hochlitera¬
1931 1155 3050 1205 rischen Wiederbelebungen vergessener Stücke versucht. Der
1931 1199 3047 1251 Spielplan aller dieser Bühnen verwässert sich allerdings
1928 1244 3047 1292 rasch immer wieder mit allerlei seichtem Zeug. Immerhin
1931 1277 3050 1341 sind solche Ansätze bemerkenswert und jedem dieser Büh¬
1927 1325 3053 1382 nenleiter kann man beruhigt mehr Umsicht, schöpferische
1928 1369 2829 1419 Kraft, mehr literarischen Verstand zusprechen
2881 1376 3050 1434 als der
1928 1407 3047 1463 Leitung des Burgtheaters, dieses großen, mit allen Mit¬
1918 1458 3053 1514 teln so reich ausgestatteten Hauses, das heute glücklich das
1928 1500 3055 1548 uninteressanteste Theater von Wien geworden ist. Alles
1927 1532 3049 1599 ist hier prunkvoll, alles prächtig, nirgends tönen die Worte
1930 1582 3057 1639 so hoch, wie hier, nirgends pranget das Mahl königlicher
1928 1624 3049 1680 Gelage so getreu, wie hier. Gewiß, hier ist Stätte, wo
1927 1660 3049 1717 jegliche Theateraufgabe befriedigend gelöst zu werden ver¬
1927 1715 3049 1768 mag. Aber auch nicht mehr als eben befriedigend. Dies
1932 1751 3056 1820 ist das Haus der Tadellosigkeiten. Hier beherrschen; die
1928 1796 3059 1854 Schauspieler ihre Rollen immer aufs Beste, hier arbeitet
1927 1832 3049 1888 der Szenenwechsel mit bewunderungswürdiger Raschheit.
1928 1878 3056 1942 Immer ist die Maschine gut geölt, alles klappt und daß
1927 1927 3049 1992 einmal an einer Wand ein Bild schief gehangen hätte, ist
1918 1961 3056 2034 kaum jemandem erinnerlich. Doch, fast ebenso schwer fällt
1920 2015 3053 2070 es uns heute schon, uns des Abends zu erinnern, an dem
1928 2050 3046 2121 in diesem Prachtbau zum letzten Male wirkliche Kunstbe¬
1927 2095 3055 2171 geisterung ihre rauschenden Flügel entfaltete. Gewiß, solche
1927 2144 3055 2208 Abende sind heute überhaupt schon recht selten geworden.
1920 2183 3056 2247 Aber unschwer könnte man von jedem der kleineren
1918 2220 3049 2279 Wiener Schauspielhäuser solche Abende aus der Erinne¬
1918 2273 3060 2335 rung aufzählen, von jeder dieser kleinen Bühnen, die mit
1927 2315 3059 2368 ewigen Sorgen zu kämpfen haben, in denen die Bilder
1932 2358 3049 2419 stetig schief an den Wänden hängen, in denen die Schau¬
1927 2402 3055 2453 spieler häufig genug ihre Rollen nicht völlig beherrschen.
1930 2445 3046 2507 Jede von ihnen hat wenigstens einmal im Jahre ihren
1927 2488 3055 2547 Ehrenabend. Wann aber hat das Burgtheater seinen
1924 2523 3053 2591 letzten Ehrenabend gehabt? Wann hat man hier zum letzten
1918 2567 3049 2632 Male jenes Geistes letzten Hauch verspürt, der einst in
1920 2618 3049 2677 mächtiger Fülle dieses ganze Haus beherrschte Gegen¬
1920 2659 3046 2718 wärtig erschöpfen sich die einst unerschöpflichen künstleri¬
1925 2697 3046 2764 schen Kräfte schon in der Darstellung Schnitzlerischer Witze¬
1924 2741 3046 2806 leien. Und kommt einmal ein Großer zu Worte, so zeigt
1924 2789 3043 2846 es sich, daß sein großes Wort, vom Munde des Burg¬
1920 2826 3049 2876 theaters ausgesprochen, kläglich klein geworden ist. Gegen¬
1920 2870 3046 2924 wärtig ist eine Neuaufführung aller Grillparzerdramen
1920 2911 3043 2964 im Werden. Der Zyklus hat unlängst so ledern, so mittel¬
1920 2955 3050 3012 mäßig begonnen, daß man der Fortsetzung mit bangen
1920 2998 3043 3049 Befürchtungen entgegensehen muß. Besser bliebe Grill¬
1917 3043 3043 3106 parzer auch weiterhin unaufgeführt, als so unfreudig auf¬
1928 3091 3047 3134 geführt zu werden. Für starke, feurige Geister, für hochbe¬
1934 3133 3047 3185 schwingte Werke ist hier kein Boden mehr. Eingesagt in
1918 3167 3046 3229 den Goldschrank am Ring liegt die große Theatervergan¬
1925 3215 3049 3280 genheit des alten Wien. Der neue Ruhm der Theaterstadt
1924 3259 2862 3340 ist den Vorstadtbühnen in Pacht gegeben worden.
2006 3371 3049 3443 An Grillparzers Todestag wieder einmal in seinen
1930 3429 3005 3486 hilosophischen und geschichtlichen Schriften geblättert.
1941 3470 3047 3528 inden sich Stellen, die nachzulesen recht zeitgemäß ist. Da
1925 3516 3043 3574 ist Grillparzers Entwurf des Ehrenbürgerdiploms der
1920 3558 3046 3616 Stadt Wien für den Feldmarschall Radetzky. Darin heißt
1920 3602 3043 3655 es (der Entwurf stammt vom 7. August 1848) im Hin¬
1914 3639 3047 3692 blicke auf den siegreichen italienischen Feldzug: „Auf die
1914 3679 3049 3738 höchste Stufe des Krieger= und Bürgerruhmes hob den
1924 3727 3040 3788 Grafen Josef v. Radetzky aber die jüngste Vergangenheit,
1917 3774 3043 3821 als sein Name und sein Heer der alleinige Ausdruck von
1920 3812 3043 3865 der einst gefürchteten Macht Oesterreichs waren, als er in
1924 3856 3038 3907 zwölf Tagen, deren jeder ein Sieg, einem jahrelang vorbe¬
1915 3906 3038 3957 reiteten türkischen Ueberfallskriege ein Ende machte und
1920 3943 3043 3991 sich jenen Helden anreihte, die als Wiederhersteller des
1914 3981 3047 4038 Vaterlandes im Gedächtnisse der spätesten Enkel fortleben.
1914 4024 3040 4079 Die Meinungen der Zeit verschlingt die Zeit, was aber
1914 4069 2981 4113 alle Zeiten groß genannt haben, steht unerschüttert
