3392 4352
185 307 264 379 1.
327 289 1004 409 Miscellaneous
1184 288 1611 395 box 41/6
1815 114 2622 195 mit dem christ¬
1830 173 2788 233 deal auf sich habe, von dem wir zu Beginn seine
1821 223 2844 286 keit öffentlich gesprochen und mit dem er so viel Auf
1812 269 2942 329 erregt habe. Der neue Direktor des Burgtheaters macht
1815 317 2945 377 mir darauf folgende Ausführungen, von denen ich nach
1824 361 2939 431 seinem Willen Gebrauch machen darf, weil ich ihm die
1827 414 2947 477 Zusicherung gab, daß ich künstlerische Urteile nicht durch
1818 459 2948 518 die parteipolitische Brille sehe und meinen Eindruck un¬
1821 505 2536 574 bedingt objektiv wiedergeben würde.
1914 527 2944 610 Christlich germanisches Schönheitsbeal im Sinn
1821 603 2956 668 des Herrn v. Millenkovich gedeutet ist nichts weiter, als
1830 647 2672 709 eine retorisch gesteigerte Ausdruck for
1827 655 2951 756 des mitteleuropäischen Schönheitsideals, also desjenigen
1827 740 2961 812 ästhetischen Ideals, das unsere engere Kulturgemeinschaft
1824 784 2957 856 augenblicklich in der Seele trägt. Christlich soll kein
1824 832 2961 897 Gegensatz zur Antike und germanisch kein Gegensatz zu
1830 886 2964 947 romanisch sein. Die Antike ist durch die Renaissance ein
1830 930 2960 993 Teil unserer Bildung und unseres Geisteslebens gewor¬
1833 976 2945 1042 den. Und die großen Dichter anglosächsischer und romani
1839 1017 2956 1089 scher Herkunft, wie besonders Shakespeare und Calderon
1837 1064 2953 1149 sind mit den Ideen, die unsere künstlerische Anschauungs¬
1875 1156 3007 1224 weise erfüllen, auf das innigste verbunden. Darum werden
1875 1202 3014 1280 durch ein christlich-germanisches Schönheitsideal die
1874 1247 3013 1321 großen Schöpfungen des Altertums, des lateinischen
1873 1308 3011 1374 Mittelalters und der romanischen Neuzeit nicht aus¬
1883 1346 3010 1422 geschlossen. Wichtiger aber macht sich die Durchführung
1886 1394 3023 1463 eines solchen Schönheitsideals in der Art geltend, wie
1880 1441 3025 1513 Kunstwerke auf die moderne Bühne zu bringen sind. Die
1878 1487 3016 1558 Inszenierung entspricht heute zum großen Teile nicht den
1887 1534 3019 1611 Forderungen, welche ein mitteleuropäisch gebildetes Volk
1887 1580 3019 1655 zu stellen hat. Diese Inszenierung zeigt nämlich
1887 1629 3010 1701 weder christliche noch germanische, weder antike noch roma¬
1886 1679 3026 1751 nische, sondern hauptsächlich babylonische und ägyptische,
1884 1739 3025 1811 zum großen Teil jedenfalls asiatische Vorbilder. Die Stil¬
1884 1776 3019 1856 verirrungen moderner Dekorationsmer und Kostüm¬
1887 1815 3033 1897 zeichner weisen bestenfalls nach dem Osten, und die deko¬
1884 1874 3033 1940 rativen Arbeiten, welche im Burgtheater zu einer
1884 1922 3025 1990 durch die Wiener Werkstätten angeregten Auf¬
1896 1962 3026 2038 führung der „Nibelungen" beigetragen haben, wir¬
1893 2009 2928 2079 ken geradezu beschämend. An dieser Stelle muß
1889 2053 3035 2131 Reform besonders stark einsetzen. Man darf natürlich nicht
1890 2104 3022 2170 verlangen, daß gleich im Anfang große Ereignisse erzielt
1890 2156 3035 2226 werden, aber nach und nach wird man dahin gelangen,
1890 2203 3038 2289 daß jeder Abend sich zu einem Erlebnis gestaltet. Nicht
1890 2251 3035 2314 als ob damit an jedem Abend die höchsten Werke der
1896 2303 3041 2376 dramatischen Literatur vorgeführt werden sollen — das
1899 2367 3051 2421 Theater muß schließlich neben dem tragenden Kunstwerke
1902 2399 3048 2467 auch für das tägliche Brot, für das Publikum und die
1896 2445 3042 2521 Theaterkasse sorgen. Aber auch die Vorführung eines
1899 2490 3041 2559 harmlosen Lustspiels kann durch Aufführung und
1896 2548 3041 2609 Inszenierung derart herausgebracht werden, daß sie in
1899 2595 3066 2659 ihrer Art etwas Eigenartiges und Einzigartiges bietet.
1902 2639 3036 2710 Darauf kommt es vor allem an, das Interesse für das
1908 2684 3042 2756 Märchenhafte und Dämonische der Schaubühne zu heben
1909 2728 3042 2803 und zu beleben. Das christlich-germanische Schönheits¬
1908 2791 3047 2851 ideal wird kein Werk ausschließen, weil es von einem
1908 2829 3048 2900 Manne stammt, der nicht christlich oder nicht germanisch
1912 2875 3047 2948 von Geburt ist. Dichter wie Schnitzler, die der deutsche
1911 2922 3048 2997 Theaterkulturverband nicht eben freundlich betrachtet,
1914 2970 3047 3047 sollen ebenso willkommen sein, wie Wedekind oder andere,
1918 3019 3051 3095 falls sie brauchbare Stücke liefern. Das Schönheitsideal
1915 3069 3051 3146 ist leider nur ein Ideal und kann nur an Feiertagen
1914 3114 3044 3186 verwirklicht werden. Die große Masse der Dichter und
1914 3158 3052 3251 Stücke schreiber hat Zeit genug, sich an den Wochentagen
1918 3231 2173 3306 zu betätigen.
2015 3246 3054 3328 Also sprach der neue Herr des Burgtheaters. Wenn
1921 3318 3057 3381 man's hört, möcht's leidlich scheinen. Wegen seiner grund¬
1931 3350 3054 3432 sätzlichen Wichtigkeit gebe ich diesen ersten Teil meiner
1922 3413 3054 3477 Unterhaltung mit dem sympathischen Mann, der für
1914 3454 3060 3525 einige Zeit wenigstens das Burgtheater leiten wird, hier
1919 3500 3061 3573 wieder. Die Kritik der Ausführungen und die weitere
1924 3545 3063 3628 Unterhaltung teile ich erst mit, wenn ich das herrliche
1937 3591 3066 3667 Budapest wieder verlassen haben und im preußischen
1928 3641 3055 3719 Berlin sitzen werde. Dort erst werde ich zeigen, daß auch
1927 3695 3060 3764 die Tätigkeit des Herrn v. Millenkovich, wie jede ernst
1925 3736 3063 3824 gemeinte, wahrhaft künstlerische Arbeit in Wien an dem
1917 3786 3096 3901 zur Landplage gewordenen Personenkultus scheitern fluß,
