<?xml version="1.0" encoding="UTF-8" standalone="yes"?>
<PcGts xmlns="http://schema.primaresearch.org/PAGE/gts/pagecontent/2013-07-15" xmlns:xsi="http://www.w3.org/2001/XMLSchema-instance" xsi:schemaLocation="http://schema.primaresearch.org/PAGE/gts/pagecontent/2013-07-15 http://schema.primaresearch.org/PAGE/gts/pagecontent/2013-07-15/pagecontent.xsd">
    <Metadata>
        <Creator>prov=READ-COOP:name=PyLaia@TranskribusPlatform:version=2.12.1:model_id=39995:lm=provided:date=28_03_2024_20:28</Creator>
        <Created>2019-10-07T20:36:43.407+02:00</Created>
        <LastChange>2024-03-28T20:28:06.232+01:00</LastChange>
        <TranskribusMetadata docId="224454" pageId="9578422" pageNr="49" tsid="156372815" status="IN_PROGRESS" userId="40391" imgUrl="https://files.transkribus.eu/Get?id=MKQHAGHDQVMDGOVBSDWNGHHN&amp;fileType=view" xmlUrl="https://files.transkribus.eu/Get?id=RNHWZZAVHHGMQAJRWZWHGCPM" imageId="6208093"/>
    </Metadata>
    <Page imageFilename="224454_0049.jpeg" imageWidth="3392" imageHeight="4320">
        <ReadingOrder>
            <OrderedGroup id="ro_1712662115202" caption="Regions reading order">
                <RegionRefIndexed index="0" regionRef="tr_1"/>
                <RegionRefIndexed index="1" regionRef="tr_2"/>
            </OrderedGroup>
        </ReadingOrder>
        <TextRegion orientation="0.0" id="tr_1" custom="readingOrder {index:0;}">
            <Coords points="191,357 191,3862 1134,3862 1134,357"/>
            <TextLine id="tr_1_tl_1" custom="readingOrder {index:0;}">
                <Coords points="277,400 341,426 523,402 710,429 767,400 952,424 954,324 663,329 537,301 426,334 279,298"/>
                <Baseline points="289,385 322,385 355,385 389,385 422,385 456,387 489,389 523,390 556,385 590,385 623,384 656,383 690,385 723,383 757,382 790,381 824,379 857,379 891,379 924,381 958,388"/>
                <TextEquiv>
                    <Unicode>Miscellanos</Unicode>
                </TextEquiv>
            </TextLine>
            <TextLine id="tr_1_tl_2" custom="readingOrder {index:1;}">
                <Coords points="223,1889 1122,1889 1103,1832 223,1844"/>
                <Baseline points="235,1880 279,1877 324,1880 368,1880 413,1880 458,1880 502,1880 547,1880 592,1874 636,1877 681,1877 726,1880 770,1880 815,1877 860,1877 904,1877 949,1877 994,1877 1038,1874 1083,1874 1128,1874"/>
                <TextEquiv>
                    <Unicode>Lugano hat keine Saison; der Kursaal ist</Unicode>
                </TextEquiv>
            </TextLine>
            <TextLine id="tr_1_tl_3" custom="readingOrder {index:2;}">
                <Coords points="180,1941 1120,1941 1122,1887 571,1913 488,1882 182,1885"/>
                <Baseline points="194,1931 240,1931 287,1931 333,1931 380,1930 426,1929 473,1930 519,1928 566,1930 612,1929 659,1928 706,1928 752,1928 799,1928 845,1928 892,1928 938,1926 985,1928 1031,1925 1078,1925 1125,1922"/>
                <TextEquiv>
                    <Unicode>geschlossen; in den großen Hotels stehen ganze</Unicode>
                </TextEquiv>
            </TextLine>
            <TextLine id="tr_1_tl_4" custom="readingOrder {index:3;}">
                <Coords points="187,1991 1113,1982 1113,1937 1082,1932 864,1927 810,1958 729,1927 187,1941"/>
                <Baseline points="200,1979 248,1978 296,1979 345,1979 393,1979 441,1979 490,1979 538,1976 586,1979 635,1976 683,1976 732,1977 780,1979 828,1979 877,1977 925,1976 973,1976 1022,1973 1070,1973 1119,1967"/>
                <TextEquiv>
                    <Unicode>Flügel leer: die banten Läden, alle Schätze der</Unicode>
                </TextEquiv>
            </TextLine>
            <TextLine id="tr_1_tl_5" custom="readingOrder {index:4;}">
                <Coords points="185,2038 350,2062 682,2031 767,2060 807,2029 1117,2029 1117,1982 1084,1979 185,1989"/>
                <Baseline points="197,2027 243,2027 289,2027 335,2028 382,2030 428,2028 474,2027 520,2027 567,2027 613,2027 659,2025 705,2026 752,2027 798,2027 844,2027 890,2027 937,2027 983,2027 1029,2024 1075,2021 1122,2018"/>
                <TextEquiv>
                    <Unicode>Welt in Regalen, unter Glas, auf gebogenen</Unicode>
                </TextEquiv>
            </TextLine>
            <TextLine id="tr_1_tl_6" custom="readingOrder {index:5;}">
                <Coords points="182,2083 1120,2088 1120,2029 814,2027 769,2055 391,2034 350,2060 182,2038"/>
                <Baseline points="195,2077 241,2077 288,2077 334,2076 381,2075 427,2076 474,2075 520,2077 567,2075 613,2074 660,2072 706,2073 753,2072 799,2071 846,2073 892,2072 939,2074 985,2071 1032,2071 1078,2071 1125,2071"/>
                <TextEquiv>
                    <Unicode>Tischen, sind nicht geöffnet. Und dennoch ist</Unicode>
                </TextEquiv>
            </TextLine>
            <TextLine id="tr_1_tl_7" custom="readingOrder {index:6;}">
                <Coords points="180,2133 1113,2126 1113,2086 1061,2072 180,2081"/>
                <Baseline points="194,2122 240,2120 286,2122 332,2123 379,2124 425,2122 471,2124 517,2123 564,2124 610,2123 656,2122 702,2122 749,2122 795,2122 841,2122 887,2122 934,2122 980,2122 1026,2119 1072,2119 1119,2116"/>
                <TextEquiv>
                    <Unicode>diese zauberische Stadt voll. Deutsche bevölkern</Unicode>
                </TextEquiv>
            </TextLine>
            <TextLine id="tr_1_tl_8" custom="readingOrder {index:7;}">
                <Coords points="185,2190 1113,2176 1113,2128 1058,2124 185,2135"/>
                <Baseline points="197,2173 243,2175 289,2174 335,2175 381,2173 427,2173 473,2173 519,2173 565,2173 611,2173 658,2175 704,2174 750,2171 796,2172 842,2171 888,2170 934,2170 980,2170 1026,2170 1072,2167 1119,2164"/>
                <TextEquiv>
                    <Unicode>sie, jene Deutschen, die Italien hatten verlassen</Unicode>
                </TextEquiv>
            </TextLine>
            <TextLine id="tr_1_tl_9" custom="readingOrder {index:8;}">
                <Coords points="178,2240 1110,2228 1110,2178 178,2188"/>
                <Baseline points="191,2224 237,2224 283,2224 329,2223 376,2222 422,2224 468,2224 514,2222 561,2221 607,2221 653,2221 699,2221 746,2221 792,2221 838,2221 884,2221 931,2218 977,2218 1023,2218 1069,2218 1116,2212"/>
                <TextEquiv>
                    <Unicode>müssen. Seit Jahren und Jahrzehnten dort an</Unicode>
                </TextEquiv>
            </TextLine>
            <TextLine id="tr_1_tl_10" custom="readingOrder {index:9;}">
                <Coords points="185,2282 1117,2275 1106,2223 185,2235"/>
                <Baseline points="197,2271 243,2271 289,2271 335,2271 382,2271 428,2271 474,2271 520,2271 567,2271 613,2269 659,2270 705,2269 752,2268 798,2268 844,2268 890,2268 937,2265 983,2268 1029,2265 1075,2265 1122,2268"/>
                <TextEquiv>
                    <Unicode>sässig, heinisch geworden, vermochten sie nicht,</Unicode>
                </TextEquiv>
            </TextLine>
            <TextLine id="tr_1_tl_11" custom="readingOrder {index:10;}">
                <Coords points="178,2334 1115,2327 1099,2273 178,2282"/>
                <Baseline points="191,2319 237,2321 284,2320 330,2321 377,2319 423,2319 470,2319 516,2319 563,2317 609,2316 656,2316 703,2316 749,2318 796,2319 842,2319 889,2317 935,2316 982,2313 1028,2313 1075,2313 1122,2316"/>
                <TextEquiv>
                    <Unicode>die Atmosphäre des Südens zu entbehren. Sie</Unicode>
                </TextEquiv>
            </TextLine>
            <TextLine id="tr_1_tl_12" custom="readingOrder {index:11;}">
                <Coords points="178,2377 1115,2372 1082,2320 959,2346 836,2320 178,2334"/>
                <Baseline points="191,2370 237,2372 284,2370 330,2370 377,2370 423,2370 470,2370 516,2369 563,2367 609,2367 656,2365 703,2366 749,2365 796,2366 842,2367 889,2367 935,2365 982,2364 1028,2364 1075,2364 1122,2361"/>
                <TextEquiv>
                    <Unicode>mußten wohl die Grenze überschreiten, aber im</Unicode>
                </TextEquiv>
            </TextLine>
            <TextLine id="tr_1_tl_13" custom="readingOrder {index:12;}">
                <Coords points="185,2431 1113,2431 1113,2370 1070,2365 185,2384"/>
                <Baseline points="197,2415 243,2421 289,2421 335,2420 381,2420 427,2419 473,2418 519,2418 565,2416 611,2415 658,2415 704,2415 750,2415 796,2415 842,2415 888,2415 934,2415 980,2415 1026,2412 1072,2412 1119,2409"/>
                <TextEquiv>
                    <Unicode>nächsten Ort, der ihnen freistand, fielen sie</Unicode>
                </TextEquiv>
            </TextLine>
            <TextLine id="tr_1_tl_14" custom="readingOrder {index:13;}">
                <Coords points="178,2481 1044,2479 1122,2469 1125,2427 180,2431"/>
                <Baseline points="191,2468 237,2468 284,2468 331,2468 377,2468 424,2468 471,2468 517,2467 564,2466 611,2466 658,2466 704,2466 751,2464 798,2463 844,2465 891,2466 938,2461 984,2460 1031,2463 1078,2463 1125,2463"/>
                <TextEquiv>
                    <Unicode>nieder, ein Zug füdtrunkener Vögel. Es war</Unicode>
                </TextEquiv>
            </TextLine>
            <TextLine id="tr_1_tl_15" custom="readingOrder {index:14;}">
                <Coords points="185,2531 1120,2526 1120,2472 1080,2467 185,2479"/>
                <Baseline points="197,2519 243,2518 289,2517 336,2518 382,2516 429,2516 475,2515 521,2515 568,2514 614,2513 661,2513 707,2513 753,2513 800,2513 846,2513 893,2513 939,2510 985,2510 1032,2507 1078,2504 1125,2507"/>
                <TextEquiv>
                    <Unicode>Lugano, schweizerisch, doch italienisch in Ge¬</Unicode>
                </TextEquiv>
            </TextLine>
            <TextLine id="tr_1_tl_16" custom="readingOrder {index:15;}">
                <Coords points="178,2585 1122,2578 1122,2528 1046,2512 178,2528"/>
                <Baseline points="191,2570 237,2567 284,2567 331,2567 377,2567 424,2566 471,2564 517,2564 564,2563 611,2563 658,2564 704,2564 751,2564 798,2562 844,2563 891,2564 938,2562 984,2558 1031,2558 1078,2558 1125,2561"/>
                <TextEquiv>
                    <Unicode>präge, Sprache und Luft. Gelehrte, Kaufleute,</Unicode>
                </TextEquiv>
            </TextLine>
            <TextLine id="tr_1_tl_17" custom="readingOrder {index:16;}">
                <Coords points="185,2626 1120,2628 1120,2578 1020,2564 185,2583"/>
                <Baseline points="197,2618 243,2617 289,2615 336,2615 382,2615 429,2615 475,2614 521,2612 568,2612 614,2612 661,2614 707,2615 753,2613 800,2612 846,2612 893,2607 939,2606 985,2609 1032,2606 1078,2606 1125,2609"/>
                <TextEquiv>
                    <Unicode>Zeitungskorrespondenten, Maler, Bildhauer,</Unicode>
                </TextEquiv>
            </TextLine>
            <TextLine id="tr_1_tl_18" custom="readingOrder {index:17;}">
                <Coords points="180,2682 1042,2661 1120,2685 1120,2628 1077,2616 1037,2640 883,2611 559,2644 180,2626"/>
                <Baseline points="194,2666 240,2665 287,2663 333,2664 380,2666 426,2665 473,2663 519,2664 566,2664 612,2663 659,2663 706,2663 752,2661 799,2660 845,2660 892,2660 938,2660 985,2660 1031,2657 1078,2660 1125,2657"/>
                <TextEquiv>
                    <Unicode>Dichter, Rentner: diese alle bilden nun eine</Unicode>
                </TextEquiv>
            </TextLine>
            <TextLine id="tr_1_tl_19" custom="readingOrder {index:18;}">
                <Coords points="185,2727 1120,2720 1120,2685 1070,2663 1006,2689 942,2661 185,2687"/>
                <Baseline points="197,2716 243,2713 289,2715 336,2714 382,2713 429,2711 475,2710 521,2710 568,2710 614,2710 661,2710 707,2707 753,2710 800,2707 846,2710 893,2710 939,2707 985,2707 1032,2704 1078,2706 1125,2707"/>
                <TextEquiv>
                    <Unicode>große deutsche Kolonie in Lugano. Au¬</Unicode>
                </TextEquiv>
            </TextLine>
            <TextLine id="tr_1_tl_20" custom="readingOrder {index:19;}">
                <Coords points="187,2772 1110,2768 1087,2716 187,2727"/>
                <Baseline points="200,2764 245,2763 291,2764 337,2764 383,2764 429,2762 474,2763 520,2762 566,2761 612,2761 658,2761 703,2761 749,2759 795,2758 841,2755 887,2758 932,2758 978,2755 1024,2755 1070,2755 1116,2752"/>
                <TextEquiv>
                    <Unicode>Wohnungen sind vermietet, die Pensionen be¬</Unicode>
                </TextEquiv>
            </TextLine>
            <TextLine id="tr_1_tl_21" custom="readingOrder {index:20;}">
                <Coords points="187,2827 1122,2824 1122,2763 1063,2756 189,2772"/>
                <Baseline points="203,2818 249,2817 295,2816 341,2818 387,2816 433,2815 479,2813 525,2812 571,2812 617,2812 664,2812 710,2812 756,2812 802,2810 848,2807 894,2806 940,2809 986,2809 1032,2806 1078,2806 1125,2803"/>
                <TextEquiv>
                    <Unicode>setzt, und tausend deutsche Herzen schlagen hier</Unicode>
                </TextEquiv>
            </TextLine>
            <TextLine id="tr_1_tl_22" custom="readingOrder {index:21;}">
                <Coords points="189,2874 1113,2862 1115,2815 1044,2808 911,2834 192,2827"/>
                <Baseline points="203,2863 251,2866 299,2866 348,2866 396,2864 444,2863 493,2863 541,2863 589,2860 638,2860 686,2860 735,2860 783,2860 831,2858 880,2857 928,2857 976,2857 1025,2857 1073,2854 1122,2854"/>
                <TextEquiv>
                    <Unicode>inbrünstig dem Frieden entgegen. Wird ein</Unicode>
                </TextEquiv>
            </TextLine>
            <TextLine id="tr_1_tl_23" custom="readingOrder {index:22;}">
                <Coords points="185,2936 1011,2924 1122,2914 1125,2865 187,2874"/>
                <Baseline points="197,2913 243,2915 290,2913 336,2913 383,2913 429,2913 476,2912 522,2910 569,2910 615,2910 662,2908 709,2907 755,2907 802,2907 848,2907 895,2905 941,2904 988,2904 1034,2904 1081,2904 1128,2901"/>
                <TextEquiv>
                    <Unicode>ihnen die verlorene Wahlheimat alsbald zurück¬</Unicode>
                </TextEquiv>
            </TextLine>
            <TextLine id="tr_1_tl_24" custom="readingOrder {index:23;}">
                <Coords points="185,2976 1120,2969 1108,2912 185,2936"/>
                <Baseline points="197,2964 243,2964 289,2964 336,2964 382,2963 429,2961 475,2961 521,2961 568,2959 614,2958 661,2958 707,2958 753,2958 800,2958 846,2958 893,2956 939,2955 985,2955 1032,2952 1078,2952 1125,2952"/>
                <TextEquiv>
                    <Unicode>geben? Keiner glaubt wohl daran: Italien wird</Unicode>
                </TextEquiv>
            </TextLine>
            <TextLine id="tr_1_tl_25" custom="readingOrder {index:24;}">
                <Coords points="185,3021 1068,3019 1117,3016 1120,2969 187,2976"/>
                <Baseline points="197,3012 243,3012 289,3012 335,3012 382,3011 428,3009 474,3011 520,3010 567,3009 613,3007 659,3006 705,3006 752,3006 798,3006 844,3006 890,3006 937,3006 983,3003 1029,3003 1075,3003 1122,3000"/>
                <TextEquiv>
                    <Unicode>ihnen nicht mehr werden, was es war. Aber hie¬</Unicode>
                </TextEquiv>
            </TextLine>
            <TextLine id="tr_1_tl_26" custom="readingOrder {index:25;}">
                <Coords points="185,3068 904,3066 1013,3111 1122,3059 1122,3011 185,3021"/>
                <Baseline points="197,3063 243,3063 290,3062 336,3060 383,3060 429,3060 476,3060 522,3060 569,3060 615,3058 662,3057 709,3055 755,3056 802,3055 848,3056 895,3057 941,3055 988,3054 1034,3051 1081,3051 1128,3048"/>
                <TextEquiv>
                    <Unicode>trinken sie nun den geliebten Atem. Bitteres</Unicode>
                </TextEquiv>
            </TextLine>
            <TextLine id="tr_1_tl_27" custom="readingOrder {index:26;}">
                <Coords points="187,3130 223,3144 258,3120 362,3135 781,3113 781,3064 189,3075"/>
                <Baseline points="203,3110 232,3110 261,3110 290,3110 320,3110 349,3110 378,3110 407,3108 437,3107 466,3107 495,3107 524,3107 554,3105 583,3104 612,3104 641,3102 671,3102 700,3104 729,3104 758,3104 788,3104"/>
                <TextEquiv>
                    <Unicode>Glück: das Geliebte ist feind!</Unicode>
                </TextEquiv>
            </TextLine>
            <TextLine id="tr_1_tl_28" custom="readingOrder {index:27;}">
                <Coords points="234,3180 1122,3172 1106,3094 237,3125"/>
                <Baseline points="250,3164 293,3161 337,3161 381,3160 425,3159 468,3161 512,3161 556,3161 600,3160 643,3159 687,3161 731,3161 775,3160 818,3158 862,3155 906,3155 950,3155 993,3155 1037,3155 1081,3155 1125,3152"/>
                <TextEquiv>
                    <Unicode>Auf der Promenade dem Kai, hört man nur</Unicode>
                </TextEquiv>
            </TextLine>
            <TextLine id="tr_1_tl_29" custom="readingOrder {index:28;}">
                <Coords points="189,3227 1125,3213 1125,3175 1072,3161 417,3165 381,3194 192,3170"/>
                <Baseline points="205,3212 251,3212 297,3212 343,3212 389,3210 435,3211 481,3210 528,3209 574,3209 620,3209 666,3209 712,3209 758,3207 804,3206 851,3204 897,3206 943,3203 989,3203 1035,3203 1081,3203 1128,3197"/>
                <TextEquiv>
                    <Unicode>Deutsch. Ein wenig Französisch klingt da¬</Unicode>
                </TextEquiv>
            </TextLine>
            <TextLine id="tr_1_tl_30" custom="readingOrder {index:29;}">
                <Coords points="189,3286 1072,3267 1122,3260 1125,3213 192,3227"/>
                <Baseline points="203,3266 249,3263 295,3263 342,3263 388,3262 435,3260 481,3260 527,3258 574,3257 620,3257 667,3257 713,3257 759,3257 806,3255 852,3254 899,3254 945,3254 991,3254 1038,3254 1084,3251 1131,3248"/>
                <TextEquiv>
                    <Unicode>zwischen, und ein kleiner Trupp Engländerinnen</Unicode>
                </TextEquiv>
            </TextLine>
            <TextLine id="tr_1_tl_31" custom="readingOrder {index:30;}">
                <Coords points="251,3314 1115,3310 1094,3260 251,3272"/>
                <Baseline points="265,3307 307,3310 350,3310 393,3310 436,3308 479,3307 522,3307 564,3307 607,3306 650,3304 693,3304 736,3304 779,3304 822,3304 864,3304 907,3304 950,3304 993,3301 1036,3301 1079,3301 1122,3295"/>
                <TextEquiv>
                    <Unicode>hoch, steif übertrieben höflich, mit ihren Raff</Unicode>
                </TextEquiv>
            </TextLine>
            <TextLine id="tr_1_tl_32" custom="readingOrder {index:31;}">
                <Coords points="194,3374 1120,3359 1120,3310 194,3326"/>
                <Baseline points="208,3361 253,3358 299,3358 345,3358 391,3358 437,3356 483,3357 528,3358 574,3356 620,3355 666,3353 712,3354 758,3353 804,3352 849,3352 895,3352 941,3352 987,3352 1033,3349 1079,3352 1125,3349"/>
                <TextEquiv>
                    <Unicode>zähnen lächelnd, jenseits aller Mode, mit</Unicode>
                </TextEquiv>
            </TextLine>
            <TextLine id="tr_1_tl_33" custom="readingOrder {index:32;}">
                <Coords points="194,3414 1115,3419 1115,3362 1042,3352 194,3371"/>
                <Baseline points="208,3409 253,3409 299,3409 345,3407 390,3406 436,3406 482,3406 527,3404 573,3403 619,3403 665,3403 710,3403 756,3401 802,3403 847,3403 893,3400 939,3400 984,3400 1030,3400 1076,3400 1122,3394"/>
                <TextEquiv>
                    <Unicode>Skizzenheften und Büchern — marschiert lang</Unicode>
                </TextEquiv>
            </TextLine>
            <TextLine id="tr_1_tl_34" custom="readingOrder {index:33;}">
                <Coords points="192,3464 1125,3464 1127,3414 1023,3402 336,3435 194,3414"/>
                <Baseline points="205,3457 251,3457 297,3457 343,3457 389,3457 435,3455 481,3454 528,3454 574,3452 620,3451 666,3451 712,3453 758,3452 804,3451 851,3453 897,3451 943,3448 989,3451 1035,3448 1081,3448 1128,3445"/>
                <TextEquiv>
                    <Unicode>leinig vorbei. Niemand macht große Toilette.</Unicode>
                </TextEquiv>
            </TextLine>
            <TextLine id="tr_1_tl_35" custom="readingOrder {index:34;}">
                <Coords points="194,3518 1122,3506 1122,3461 1037,3454 748,3483 694,3454 194,3466"/>
                <Baseline points="208,3504 254,3504 300,3504 346,3504 392,3504 438,3504 484,3502 530,3501 576,3501 622,3501 668,3501 714,3501 760,3499 806,3500 852,3501 898,3501 944,3498 990,3496 1036,3498 1082,3496 1128,3493"/>
                <TextEquiv>
                    <Unicode>Für wen? Junge Herren, auf die es wirken</Unicode>
                </TextEquiv>
            </TextLine>
            <TextLine id="tr_1_tl_36" custom="readingOrder {index:35;}">
                <Coords points="194,3563 1115,3558 1117,3504 197,3516"/>
                <Baseline points="208,3555 253,3554 299,3555 345,3555 390,3553 436,3552 482,3552 527,3552 573,3552 619,3550 665,3549 710,3547 756,3546 802,3549 847,3546 893,3549 939,3546 984,3546 1030,3543 1076,3543 1122,3543"/>
                <TextEquiv>
                    <Unicode>könnte, gibt es nicht. Nur weiße Männerköpf¬</Unicode>
                </TextEquiv>
            </TextLine>
            <TextLine id="tr_1_tl_37" custom="readingOrder {index:36;}">
                <Coords points="199,3618 1122,3608 1122,3554 199,3565"/>
                <Baseline points="211,3606 256,3603 302,3601 348,3600 394,3600 440,3600 486,3600 531,3600 577,3600 623,3600 669,3600 715,3600 761,3598 807,3597 852,3597 898,3597 944,3597 990,3594 1036,3597 1082,3594 1128,3597"/>
                <TextEquiv>
                    <Unicode>drehen sich jugendlich nach einem schönen Gesich</Unicode>
                </TextEquiv>
            </TextLine>
            <TextLine id="tr_1_tl_38" custom="readingOrder {index:37;}">
                <Coords points="189,3660 1122,3653 1103,3603 192,3618"/>
                <Baseline points="203,3651 249,3651 295,3651 341,3651 388,3649 434,3645 480,3648 526,3648 573,3648 619,3645 665,3648 711,3648 758,3648 804,3645 850,3645 896,3648 943,3644 989,3641 1035,3641 1081,3642 1128,3642"/>
                <TextEquiv>
                    <Unicode>um. Alte Herren — ein ganzes Heer — lust¬</Unicode>
                </TextEquiv>
            </TextLine>
            <TextLine id="tr_1_tl_39" custom="readingOrder {index:38;}">
                <Coords points="192,3712 1127,3705 1129,3651 194,3658"/>
                <Baseline points="205,3702 251,3702 297,3702 344,3701 390,3699 437,3699 483,3699 530,3699 576,3697 623,3696 669,3696 715,3696 762,3698 808,3697 855,3694 901,3693 948,3696 994,3693 1041,3696 1087,3693 1134,3690"/>
                <TextEquiv>
                    <Unicode>wandeln hier, langweilen sich, machen altmodisch</Unicode>
                </TextEquiv>
            </TextLine>
            <TextLine id="tr_1_tl_40" custom="readingOrder {index:39;}">
                <Coords points="194,3762 1072,3762 1127,3750 1129,3705 194,3715"/>
                <Baseline points="208,3752 254,3751 300,3749 346,3749 392,3749 438,3747 484,3746 531,3746 577,3744 623,3745 669,3744 715,3745 761,3744 807,3743 854,3743 900,3743 946,3743 992,3743 1038,3743 1084,3740 1131,3743"/>
                <TextEquiv>
                    <Unicode>Hof. Sie haben ihr deutsches Stammlokal, den</Unicode>
                </TextEquiv>
            </TextLine>
            <TextLine id="tr_1_tl_41" custom="readingOrder {index:40;}">
                <Coords points="206,3807 1127,3807 1127,3750 708,3750 649,3779 599,3750 206,3760"/>
                <Baseline points="220,3797 265,3797 311,3797 357,3797 402,3797 448,3795 494,3794 539,3796 585,3797 631,3797 677,3795 722,3794 768,3792 814,3794 859,3794 905,3794 951,3791 996,3794 1042,3791 1088,3791 1134,3791"/>
                <TextEquiv>
                    <Unicode>Gambrinus, wo sie echtes Münchener und</Unicode>
                </TextEquiv>
            </TextLine>
            <TextLine id="tr_1_tl_42" custom="readingOrder {index:41;}">
                <Coords points="490,3854 637,3878 677,3854 859,3854 940,3883 1044,3864 1030,3797 490,3807"/>
                <Baseline points="504,3845 531,3845 558,3845 585,3845 612,3844 639,3842 666,3842 694,3842 721,3842 748,3843 775,3845 802,3845 829,3845 856,3843 884,3841 911,3839 938,3841 965,3842 992,3842 1019,3841 1047,3839"/>
                <TextEquiv>
                    <Unicode>billiger als in Deutschland</Unicode>
                </TextEquiv>
            </TextLine>
            <TextLine id="tr_1_tl_43" custom="readingOrder {index:42;}">
                <Coords points="185,3854 223,3864 244,3859 272,3871 296,3857 322,3866 343,3859 376,3876 376,3807 298,3812 185,3797"/>
                <Baseline points="197,3851 223,3850 249,3848 276,3846 302,3846 329,3847 355,3848 382,3848"/>
                <TextEquiv>
                    <Unicode>Pilsener</Unicode>
                </TextEquiv>
            </TextLine>
            <TextEquiv>
                <Unicode></Unicode>
            </TextEquiv>
        </TextRegion>
        <TextRegion orientation="0.0" id="tr_2" custom="readingOrder {index:1;}">
            <Coords points="1149,345 1149,3850 3066,3850 3066,345"/>
            <TextLine id="tr_2_tl_1" custom="readingOrder {index:0;}">
                <Coords points="1136,410 1215,405 1257,384 1314,407 1352,381 1470,402 1572,376 1572,322 1501,301 1435,303 1413,320 1390,310 1319,336 1136,301"/>
                <Baseline points="1149,376 1174,376 1199,374 1224,373 1249,375 1274,376 1299,376 1324,377 1349,379 1375,377 1400,376 1425,376 1450,375 1475,374 1500,372 1525,370 1550,369 1576,367"/>
                <TextEquiv>
                    <Unicode>box 41/6</Unicode>
                </TextEquiv>
            </TextLine>
            <TextLine id="tr_2_tl_2" custom="readingOrder {index:1;}">
                <Coords points="2112,1877 3016,1868 3056,1861 3059,1816 2114,1821"/>
                <Baseline points="2125,1862 2171,1862 2218,1862 2265,1862 2312,1862 2358,1861 2405,1860 2452,1861 2499,1858 2545,1856 2592,1856 2639,1856 2686,1856 2732,1856 2779,1856 2826,1854 2873,1856 2919,1856 2966,1853 3013,1853 3060,1853"/>
                <TextEquiv>
                    <Unicode>können und romantisch sein? Wird es jemals</Unicode>
                </TextEquiv>
            </TextLine>
            <TextLine id="tr_2_tl_3" custom="readingOrder {index:2;}">
                <Coords points="1151,1887 2083,1870 2074,1823 1151,1835"/>
                <Baseline points="1164,1871 1210,1874 1256,1874 1302,1874 1348,1874 1394,1874 1440,1872 1486,1871 1532,1871 1578,1871 1625,1871 1671,1869 1717,1868 1763,1866 1809,1865 1855,1865 1901,1865 1947,1865 1993,1865 2039,1862 2086,1862"/>
                <TextEquiv>
                    <Unicode>bekommen, und alle Zeitungen der Welt dazu.</Unicode>
                </TextEquiv>
            </TextLine>
            <TextLine id="tr_2_tl_4" custom="readingOrder {index:3;}">
                <Coords points="2114,1920 3040,1918 3042,1863 2846,1851 2117,1877"/>
                <Baseline points="2128,1913 2173,1911 2219,1912 2265,1911 2311,1910 2357,1910 2403,1908 2448,1907 2494,1907 2540,1907 2586,1907 2632,1905 2678,1906 2724,1904 2769,1904 2815,1904 2861,1904 2907,1907 2953,1904 2999,1901 3045,1901"/>
                <TextEquiv>
                    <Unicode>noch Romantik geben nach diesem Sturz ins</Unicode>
                </TextEquiv>
            </TextLine>
            <TextLine id="tr_2_tl_5" custom="readingOrder {index:4;}">
                <Coords points="1158,1930 2079,1930 2079,1870 1158,1885"/>
                <Baseline points="1170,1919 1215,1924 1261,1923 1306,1922 1352,1922 1398,1922 1443,1920 1489,1919 1535,1919 1580,1919 1626,1919 1672,1919 1717,1917 1763,1916 1809,1916 1854,1913 1900,1913 1946,1913 1991,1913 2037,1913 2083,1916"/>
                <TextEquiv>
                    <Unicode>Sie politisieren mit Maß, denn der Mensch muß</Unicode>
                </TextEquiv>
            </TextLine>
            <TextLine id="tr_2_tl_6" custom="readingOrder {index:5;}">
                <Coords points="2112,1972 3045,1970 3045,1913 2974,1901 2626,1932 2112,1920"/>
                <Baseline points="2125,1955 2171,1958 2217,1958 2263,1958 2310,1957 2356,1955 2402,1955 2449,1955 2495,1955 2541,1955 2588,1955 2634,1955 2680,1955 2726,1955 2773,1955 2819,1953 2865,1952 2912,1952 2958,1952 3004,1949 3051,1949"/>
                <TextEquiv>
                    <Unicode>Allzuwirklichen Hungern wir nicht heute schon</Unicode>
                </TextEquiv>
            </TextLine>
            <TextLine id="tr_2_tl_7" custom="readingOrder {index:6;}">
                <Coords points="1153,1979 2081,1970 2081,1930 1998,1920 1463,1922 1397,1948 1153,1927"/>
                <Baseline points="1167,1967 1215,1970 1263,1972 1312,1973 1360,1973 1408,1970 1457,1970 1505,1970 1553,1964 1602,1967 1650,1967 1699,1966 1747,1965 1795,1967 1844,1965 1892,1962 1940,1961 1989,1961 2037,1961 2086,1955"/>
                <TextEquiv>
                    <Unicode>das lassen, wenn die Weltgeschichte selbst an¬</Unicode>
                </TextEquiv>
            </TextLine>
            <TextLine id="tr_2_tl_8" custom="readingOrder {index:7;}">
                <Coords points="2112,2019 3047,2017 3047,1965 2948,1953 2112,1970"/>
                <Baseline points="2125,2006 2171,2006 2217,2006 2264,2007 2310,2008 2357,2006 2403,2006 2450,2004 2496,2005 2543,2006 2589,2004 2635,2003 2682,2003 2728,2003 2775,2003 2821,2003 2868,2003 2914,2003 2961,2000 3007,2000 3054,2003"/>
                <TextEquiv>
                    <Unicode>nach Romanen, in denen wir wieder sein dürfen,</Unicode>
                </TextEquiv>
            </TextLine>
            <TextLine id="tr_2_tl_9" custom="readingOrder {index:8;}">
                <Coords points="1158,2029 2074,2024 2060,1967 1160,1979"/>
                <Baseline points="1173,2018 1218,2020 1263,2019 1309,2018 1354,2018 1399,2020 1445,2019 1490,2016 1535,2015 1581,2015 1626,2012 1671,2015 1717,2012 1762,2012 1807,2012 1853,2015 1898,2012 1943,2012 1989,2012 2034,2009 2080,2009"/>
                <TextEquiv>
                    <Unicode>fängt, Politik zu treiben. Sie läßt sich nicht</Unicode>
                </TextEquiv>
            </TextLine>
            <TextLine id="tr_2_tl_10" custom="readingOrder {index:9;}">
                <Coords points="2112,2072 2708,2055 2905,2083 3047,2057 3026,2005 2112,2024"/>
                <Baseline points="2125,2057 2171,2057 2217,2057 2264,2056 2310,2055 2357,2056 2403,2054 2450,2054 2496,2054 2543,2054 2589,2054 2635,2054 2682,2054 2728,2054 2775,2052 2821,2051 2868,2051 2914,2048 2961,2051 3007,2051 3054,2048"/>
                <TextEquiv>
                    <Unicode>wie wir einmal waren, und es vielleicht nie</Unicode>
                </TextEquiv>
            </TextLine>
            <TextLine id="tr_2_tl_11" custom="readingOrder {index:10;}">
                <Coords points="1151,2074 1866,2064 2010,2109 2076,2079 2076,2022 2048,2017 1151,2027"/>
                <Baseline points="1164,2065 1212,2068 1260,2068 1309,2068 1357,2066 1405,2065 1454,2062 1502,2062 1550,2062 1599,2062 1647,2062 1696,2062 1744,2062 1792,2062 1841,2062 1889,2062 1937,2060 1986,2059 2034,2057 2083,2057"/>
                <TextEquiv>
                    <Unicode>dreinreden, das Schicksal will seinen natürlichen</Unicode>
                </TextEquiv>
            </TextLine>
            <TextLine id="tr_2_tl_12" custom="readingOrder {index:11;}">
                <Coords points="2112,2121 2339,2117 2358,2102 2370,2117 2484,2124 2585,2109 2588,2074 2453,2057 2351,2076 2301,2057 2256,2074 2202,2057 2180,2074 2114,2072"/>
                <Baseline points="2128,2104 2153,2104 2179,2104 2205,2104 2231,2104 2257,2104 2283,2104 2309,2104 2335,2102 2361,2101 2386,2101 2412,2101 2438,2101 2464,2101 2490,2101 2516,2101 2542,2102 2568,2103 2594,2104"/>
                <TextEquiv>
                    <Unicode>wieder sein können?..</Unicode>
                </TextEquiv>
            </TextLine>
            <TextLine id="tr_2_tl_13" custom="readingOrder {index:12;}">
                <Coords points="1160,2126 1316,2150 1376,2128 1899,2124 1899,2081 1863,2064 1160,2076"/>
                <Baseline points="1173,2116 1209,2114 1246,2116 1282,2116 1319,2116 1355,2116 1392,2116 1428,2115 1465,2114 1501,2116 1538,2114 1575,2113 1611,2112 1648,2111 1684,2113 1721,2110 1757,2110 1794,2110 1830,2110 1867,2109 1904,2107"/>
                <TextEquiv>
                    <Unicode>Gang und sein logisches Ende haben.</Unicode>
                </TextEquiv>
            </TextLine>
            <TextLine id="tr_2_tl_14" custom="readingOrder {index:13;}">
                <Coords points="2152,2173 3056,2162 3047,2069 2756,2121 2154,2119"/>
                <Baseline points="2167,2155 2211,2158 2256,2158 2301,2158 2346,2155 2391,2155 2435,2152 2480,2152 2525,2155 2570,2152 2615,2152 2659,2152 2704,2152 2749,2152 2794,2152 2839,2152 2883,2149 2928,2149 2973,2149 3018,2149 3063,2146"/>
                <TextEquiv>
                    <Unicode>Schoßhündchen klässen sich an. Die Musik</Unicode>
                </TextEquiv>
            </TextLine>
            <TextLine id="tr_2_tl_15" custom="readingOrder {index:14;}">
                <Coords points="1203,2183 2081,2176 2081,2107 1996,2098 1641,2143 1203,2133"/>
                <Baseline points="1215,2173 1258,2172 1302,2173 1345,2172 1389,2170 1432,2171 1476,2172 1519,2170 1563,2170 1606,2170 1650,2170 1694,2170 1737,2169 1781,2168 1824,2170 1868,2167 1911,2167 1955,2167 1998,2167 2042,2164 2086,2161"/>
                <TextEquiv>
                    <Unicode>Aber am Sonntag, da taucht plötzlich Jugend</Unicode>
                </TextEquiv>
            </TextLine>
            <TextLine id="tr_2_tl_16" custom="readingOrder {index:15;}">
                <Coords points="2119,2216 3047,2207 3047,2162 3002,2157 2221,2178 2119,2145"/>
                <Baseline points="2131,2206 2177,2207 2223,2208 2269,2206 2315,2206 2361,2206 2407,2206 2454,2204 2500,2203 2546,2203 2592,2203 2638,2203 2684,2203 2730,2201 2777,2202 2823,2200 2869,2197 2915,2200 2961,2200 3007,2200 3054,2200"/>
                <TextEquiv>
                    <Unicode>verstummt; man wird sich der Kälte bewußt.</Unicode>
                </TextEquiv>
            </TextLine>
            <TextLine id="tr_2_tl_17" custom="readingOrder {index:16;}">
                <Coords points="1153,2230 2074,2223 2074,2180 2031,2173 1153,2188"/>
                <Baseline points="1167,2224 1212,2222 1258,2223 1303,2222 1349,2221 1395,2221 1440,2221 1486,2219 1532,2218 1577,2218 1623,2218 1669,2218 1714,2218 1760,2218 1806,2218 1851,2218 1897,2218 1943,2218 1988,2215 2034,2215 2080,2212"/>
                <TextEquiv>
                    <Unicode>auf. Die Angestellten der Banken, der Fabriken</Unicode>
                </TextEquiv>
            </TextLine>
            <TextLine id="tr_2_tl_18" custom="readingOrder {index:17;}">
                <Coords points="2114,2273 3052,2261 3030,2207 2114,2214"/>
                <Baseline points="2128,2254 2174,2257 2220,2257 2267,2257 2313,2256 2360,2254 2406,2254 2453,2254 2499,2254 2546,2254 2592,2254 2638,2254 2685,2252 2731,2249 2778,2248 2824,2248 2871,2248 2917,2248 2964,2248 3010,2248 3057,2248"/>
                <TextEquiv>
                    <Unicode>Alles bricht plötzlich auf: das Café leert sich,</Unicode>
                </TextEquiv>
            </TextLine>
            <TextLine id="tr_2_tl_19" custom="readingOrder {index:18;}">
                <Coords points="1158,2280 1657,2273 1731,2308 2079,2273 2079,2223 1158,2230"/>
                <Baseline points="1170,2271 1215,2271 1261,2269 1306,2268 1352,2266 1398,2267 1443,2268 1489,2268 1535,2266 1580,2267 1626,2268 1672,2268 1717,2268 1763,2265 1809,2265 1854,2265 1900,2265 1946,2265 1991,2265 2037,2262 2083,2260"/>
                <TextEquiv>
                    <Unicode>haben ihren freien Tag, und in jäher, kurzer</Unicode>
                </TextEquiv>
            </TextLine>
            <TextLine id="tr_2_tl_20" custom="readingOrder {index:19;}">
                <Coords points="2112,2318 2985,2323 3049,2313 3052,2261 2114,2275"/>
                <Baseline points="2125,2307 2171,2307 2218,2307 2264,2306 2311,2304 2358,2303 2404,2302 2451,2303 2497,2301 2544,2301 2591,2301 2637,2301 2684,2299 2730,2298 2777,2298 2824,2298 2870,2298 2917,2298 2963,2298 3010,2295 3057,2298"/>
                <TextEquiv>
                    <Unicode>und man verliert sich in den feuchten, windigen</Unicode>
                </TextEquiv>
            </TextLine>
            <TextLine id="tr_2_tl_21" custom="readingOrder {index:20;}">
                <Coords points="1844,2330 1870,2323 1889,2332 1915,2323 1963,2332 1984,2320 2074,2327 2076,2280 2034,2282 2022,2270 2010,2280 1965,2278 1958,2270 1939,2285 1911,2275 1887,2282 1873,2273 1847,2275"/>
                <Baseline points="1859,2316 1887,2316 1915,2316 1943,2316 1971,2316 1999,2316 2027,2314 2055,2311 2083,2307"/>
                <TextEquiv>
                    <Unicode>Die jungen</Unicode>
                </TextEquiv>
            </TextLine>
            <TextLine id="tr_2_tl_22" custom="readingOrder {index:21;}">
                <Coords points="1151,2332 1709,2320 1709,2287 1671,2273 1537,2289 1409,2268 1319,2287 1286,2270 1257,2292 1151,2278"/>
                <Baseline points="1164,2319 1191,2319 1219,2319 1246,2319 1274,2319 1302,2319 1329,2318 1357,2316 1384,2318 1412,2318 1440,2316 1467,2316 1495,2316 1522,2314 1550,2313 1578,2313 1605,2315 1633,2316 1660,2314 1688,2312 1716,2310"/>
                <TextEquiv>
                    <Unicode>Wiederkehr lebt die Saison</Unicode>
                </TextEquiv>
            </TextLine>
            <TextLine id="tr_2_tl_23" custom="readingOrder {index:22;}">
                <Coords points="2114,2370 2680,2363 2680,2315 2633,2306 2114,2318"/>
                <Baseline points="2128,2352 2155,2355 2183,2355 2211,2354 2239,2352 2267,2352 2295,2352 2323,2352 2351,2352 2379,2352 2407,2354 2434,2354 2462,2352 2490,2350 2518,2349 2546,2349 2574,2348 2602,2346 2630,2348 2658,2349 2686,2349"/>
                <TextEquiv>
                    <Unicode>Arkaden der inneren Stadt.</Unicode>
                </TextEquiv>
            </TextLine>
            <TextLine id="tr_2_tl_24" custom="readingOrder {index:23;}">
                <Coords points="1814,2375 1856,2382 1875,2370 1930,2382 1963,2365 1974,2375 2003,2370 2022,2386 2043,2370 2083,2372 2086,2327 2043,2332 1977,2320 1965,2332 1915,2323 1889,2332 1816,2315"/>
                <Baseline points="1827,2364 1852,2362 1878,2362 1904,2364 1930,2362 1956,2361 1982,2361 2008,2360 2034,2359 2060,2359 2086,2361"/>
                <TextEquiv>
                    <Unicode>feurig, haben</Unicode>
                </TextEquiv>
            </TextLine>
            <TextLine id="tr_2_tl_25" custom="readingOrder {index:24;}">
                <Coords points="1155,2375 1347,2386 1437,2365 1456,2384 1492,2372 1541,2389 1707,2372 1707,2320 1572,2323 1551,2344 1489,2318 1432,2339 1352,2325 1331,2344 1158,2330"/>
                <Baseline points="1170,2367 1197,2368 1224,2370 1251,2370 1278,2370 1305,2370 1332,2369 1360,2367 1387,2367 1414,2366 1441,2364 1468,2364 1495,2364 1522,2364 1550,2363 1577,2361 1604,2363 1631,2364 1658,2364 1685,2364 1713,2364"/>
                <TextEquiv>
                    <Unicode>Tessiner sind schön, schlank</Unicode>
                </TextEquiv>
            </TextLine>
            <TextLine id="tr_2_tl_26" custom="readingOrder {index:25;}">
                <Coords points="2157,2422 3054,2408 3054,2346 2929,2379 2860,2346 2157,2368"/>
                <Baseline points="2170,2406 2214,2407 2258,2409 2303,2406 2347,2406 2391,2406 2436,2403 2480,2403 2524,2403 2569,2403 2613,2403 2657,2400 2702,2403 2746,2403 2790,2400 2835,2400 2879,2400 2923,2400 2968,2400 3012,2400 3057,2400"/>
                <TextEquiv>
                    <Unicode>Diese innere Stadt ist ein Märchen. Ein</Unicode>
                </TextEquiv>
            </TextLine>
            <TextLine id="tr_2_tl_27" custom="readingOrder {index:26;}">
                <Coords points="1162,2427 2076,2420 2079,2372 1165,2377"/>
                <Baseline points="1176,2412 1221,2416 1266,2418 1312,2416 1357,2415 1402,2415 1448,2415 1493,2415 1538,2413 1584,2412 1629,2412 1674,2415 1720,2412 1765,2412 1810,2412 1856,2412 1901,2412 1946,2412 1992,2412 2037,2406 2083,2409"/>
                <TextEquiv>
                    <Unicode>Witz und Anstand. Sie flanieren am Kai in</Unicode>
                </TextEquiv>
            </TextLine>
            <TextLine id="tr_2_tl_28" custom="readingOrder {index:27;}">
                <Coords points="2114,2469 3047,2460 3033,2403 2439,2403 2403,2431 2114,2408"/>
                <Baseline points="2128,2454 2174,2454 2220,2454 2266,2454 2312,2454 2358,2454 2404,2454 2451,2454 2497,2454 2543,2452 2589,2451 2635,2449 2681,2446 2727,2447 2774,2450 2820,2451 2866,2451 2912,2448 2958,2448 3004,2448 3051,2448"/>
                <TextEquiv>
                    <Unicode>Gassengewirr voll Oeldust, Weindunst, Tabak,</Unicode>
                </TextEquiv>
            </TextLine>
            <TextLine id="tr_2_tl_29" custom="readingOrder {index:28;}">
                <Coords points="1151,2476 2072,2467 2072,2417 2034,2405 1151,2429"/>
                <Baseline points="1164,2463 1209,2465 1255,2466 1300,2464 1346,2463 1391,2463 1437,2463 1482,2463 1528,2461 1573,2462 1619,2461 1664,2460 1710,2463 1755,2463 1801,2460 1846,2463 1892,2460 1937,2457 1983,2457 2028,2457 2074,2454"/>
                <TextEquiv>
                    <Unicode>modischen Mänteln, die Zeitung in der Tasche</Unicode>
                </TextEquiv>
            </TextLine>
            <TextLine id="tr_2_tl_30" custom="readingOrder {index:29;}">
                <Coords points="2112,2517 3045,2510 3045,2460 2907,2450 2112,2465"/>
                <Baseline points="2125,2501 2171,2504 2217,2503 2263,2501 2310,2501 2356,2501 2402,2501 2449,2501 2495,2499 2541,2498 2588,2498 2634,2498 2680,2498 2726,2498 2773,2498 2819,2498 2865,2495 2912,2495 2958,2495 3004,2495 3051,2498"/>
                <TextEquiv>
                    <Unicode>Käse, Wurst, Bäckereien, geröstete Maronen,</Unicode>
                </TextEquiv>
            </TextLine>
            <TextLine id="tr_2_tl_31" custom="readingOrder {index:30;}">
                <Coords points="1162,2524 2076,2524 2076,2467 1944,2457 1162,2474"/>
                <Baseline points="1176,2510 1221,2512 1266,2513 1312,2513 1357,2513 1402,2513 1448,2513 1493,2511 1538,2510 1584,2510 1629,2507 1674,2510 1720,2510 1765,2510 1810,2510 1856,2510 1901,2507 1946,2507 1992,2504 2037,2504 2083,2501"/>
                <TextEquiv>
                    <Unicode>Und nachmittags ist das einzige Café überfüllt</Unicode>
                </TextEquiv>
            </TextLine>
            <TextLine id="tr_2_tl_32" custom="readingOrder {index:31;}">
                <Coords points="1158,2571 3049,2562 3049,2519 2976,2502 1158,2526"/>
                <Baseline points="1170,2558 1264,2562 1358,2561 1452,2561 1546,2558 1641,2558 1735,2558 1829,2558 1923,2558 2017,2555 2112,2555 2206,2552 2300,2551 2394,2551 2488,2549 2583,2549 2677,2548 2771,2547 2865,2544 2959,2546 3054,2549"/>
                <TextEquiv>
                    <Unicode>Es nennt sich „Riviera“, und das ist gut so, denn alles gut da durcheinander. In den Arkaden,</Unicode>
                </TextEquiv>
            </TextLine>
            <TextLine id="tr_2_tl_33" custom="readingOrder {index:32;}">
                <Coords points="2114,2611 3052,2604 3023,2555 2787,2545 2692,2578 2114,2566"/>
                <Baseline points="2128,2600 2174,2600 2220,2600 2267,2599 2313,2597 2360,2597 2406,2596 2453,2594 2499,2594 2546,2594 2592,2594 2638,2594 2685,2594 2731,2596 2778,2595 2824,2594 2871,2594 2917,2594 2964,2594 3010,2594 3057,2594"/>
                <TextEquiv>
                    <Unicode>die voll Verkaufstischen sind, voller Berge von</Unicode>
                </TextEquiv>
            </TextLine>
            <TextLine id="tr_2_tl_34" custom="readingOrder {index:33;}">
                <Coords points="1158,2621 2081,2618 2081,2564 1991,2557 1960,2581 1158,2566"/>
                <Baseline points="1170,2612 1215,2612 1261,2612 1307,2610 1353,2609 1399,2609 1444,2607 1490,2608 1536,2607 1582,2608 1628,2609 1673,2609 1719,2607 1765,2606 1811,2606 1857,2606 1902,2606 1948,2603 1994,2606 2040,2603 2086,2606"/>
                <TextEquiv>
                    <Unicode>in diesen kalten Tagen macht schon dieser Name</Unicode>
                </TextEquiv>
            </TextLine>
            <TextLine id="tr_2_tl_35" custom="readingOrder {index:34;}">
                <Coords points="2119,2659 2945,2661 3059,2649 3061,2607 2121,2611"/>
                <Baseline points="2131,2648 2177,2648 2224,2648 2271,2648 2318,2648 2364,2647 2411,2645 2458,2645 2505,2645 2551,2645 2598,2645 2645,2645 2692,2645 2738,2645 2785,2645 2832,2643 2879,2642 2925,2642 2972,2642 3019,2639 3066,2636"/>
                <TextEquiv>
                    <Unicode>Stoffen, Obst, Körben, Porzellan, fängt sich die</Unicode>
                </TextEquiv>
            </TextLine>
            <TextLine id="tr_2_tl_36" custom="readingOrder {index:35;}">
                <Coords points="1158,2671 2081,2666 2081,2621 1967,2604 1930,2630 1158,2623"/>
                <Baseline points="1170,2660 1215,2660 1261,2660 1307,2660 1353,2660 1399,2658 1444,2657 1490,2657 1536,2659 1582,2658 1628,2657 1673,2657 1719,2655 1765,2656 1811,2657 1857,2654 1902,2657 1948,2654 1994,2654 2040,2654 2086,2654"/>
                <TextEquiv>
                    <Unicode>warm. Aber nur der Name! Drinnen, in den</Unicode>
                </TextEquiv>
            </TextLine>
            <TextLine id="tr_2_tl_37" custom="readingOrder {index:36;}">
                <Coords points="2124,2708 3052,2704 3052,2652 2983,2640 2746,2671 2124,2659"/>
                <Baseline points="2137,2698 2183,2698 2229,2698 2275,2696 2321,2693 2367,2694 2413,2693 2459,2692 2505,2692 2551,2694 2597,2693 2643,2694 2689,2693 2735,2692 2781,2692 2827,2692 2873,2689 2919,2689 2965,2686 3011,2686 3057,2683"/>
                <TextEquiv>
                    <Unicode>italienische Atmosphäre. Vor der Straßen¬</Unicode>
                </TextEquiv>
            </TextLine>
            <TextLine id="tr_2_tl_38" custom="readingOrder {index:37;}">
                <Coords points="1158,2716 2079,2711 2079,2666 2015,2659 1158,2668"/>
                <Baseline points="1170,2707 1215,2707 1261,2707 1306,2709 1352,2708 1398,2705 1443,2706 1489,2707 1535,2705 1580,2704 1626,2704 1672,2704 1717,2702 1763,2701 1809,2704 1854,2704 1900,2704 1946,2701 1991,2701 2037,2701 2083,2701"/>
                <TextEquiv>
                    <Unicode>hohen Sälen mit den Glaswänden, herrscht der</Unicode>
                </TextEquiv>
            </TextLine>
            <TextLine id="tr_2_tl_39" custom="readingOrder {index:38;}">
                <Coords points="2119,2753 2988,2756 3056,2744 3059,2706 2121,2706"/>
                <Baseline points="2131,2746 2177,2748 2224,2746 2270,2746 2317,2746 2364,2746 2410,2746 2457,2745 2503,2743 2550,2743 2597,2741 2643,2740 2690,2740 2736,2742 2783,2741 2830,2740 2876,2740 2923,2740 2969,2737 3016,2734 3063,2737"/>
                <TextEquiv>
                    <Unicode>bahn drängt sich alles an die Häuse. Ein</Unicode>
                </TextEquiv>
            </TextLine>
            <TextLine id="tr_2_tl_40" custom="readingOrder {index:39;}">
                <Coords points="1170,2768 2074,2763 2074,2713 2017,2706 1170,2718"/>
                <Baseline points="1182,2755 1226,2758 1271,2755 1316,2758 1361,2758 1406,2755 1451,2755 1496,2752 1541,2752 1586,2755 1631,2752 1675,2752 1720,2752 1765,2752 1810,2752 1855,2752 1900,2752 1945,2749 1990,2749 2035,2752 2080,2752"/>
                <TextEquiv>
                    <Unicode>Frost. Man soll sich aneinander wärmen, Ein¬</Unicode>
                </TextEquiv>
            </TextLine>
            <TextLine id="tr_2_tl_41" custom="readingOrder {index:40;}">
                <Coords points="2119,2803 3052,2801 3038,2744 2119,2756"/>
                <Baseline points="2131,2794 2177,2793 2223,2792 2269,2793 2316,2792 2362,2793 2408,2791 2455,2791 2501,2791 2547,2791 2594,2791 2640,2791 2686,2789 2732,2788 2779,2790 2825,2789 2871,2791 2918,2788 2964,2785 3010,2785 3057,2788"/>
                <TextEquiv>
                    <Unicode>Plätzchen öffnet sich, eingeschneit: ein Hauch</Unicode>
                </TextEquiv>
            </TextLine>
            <TextLine id="tr_2_tl_42" custom="readingOrder {index:41;}">
                <Coords points="1165,2817 2074,2810 2074,2761 1989,2753 1165,2768"/>
                <Baseline points="1179,2809 1224,2806 1269,2806 1314,2806 1359,2806 1404,2803 1449,2800 1494,2803 1539,2803 1584,2803 1629,2803 1674,2800 1719,2800 1764,2800 1809,2803 1854,2803 1899,2803 1944,2803 1989,2800 2034,2800 2080,2797"/>
                <TextEquiv>
                    <Unicode>liebenswürdige Enge von Tisch und Stuhl er</Unicode>
                </TextEquiv>
            </TextLine>
            <TextLine id="tr_2_tl_43" custom="readingOrder {index:42;}">
                <Coords points="2119,2850 3047,2848 3047,2801 2929,2789 2119,2801"/>
                <Baseline points="2131,2842 2177,2845 2223,2845 2269,2845 2315,2843 2361,2842 2407,2842 2454,2840 2500,2839 2546,2839 2592,2839 2638,2839 2684,2837 2730,2836 2777,2836 2823,2836 2869,2836 2915,2836 2961,2836 3007,2833 3054,2833"/>
                <TextEquiv>
                    <Unicode>Norden, Deutschland, Weihnachten streicht vor¬</Unicode>
                </TextEquiv>
            </TextLine>
            <TextLine id="tr_2_tl_44" custom="readingOrder {index:43;}">
                <Coords points="1162,2865 2083,2862 2083,2808 1162,2820"/>
                <Baseline points="1176,2857 1221,2855 1267,2856 1312,2857 1358,2857 1403,2855 1449,2854 1494,2854 1540,2852 1585,2851 1631,2851 1676,2851 1722,2851 1767,2851 1813,2851 1858,2851 1904,2851 1949,2851 1995,2848 2040,2848 2086,2848"/>
                <TextEquiv>
                    <Unicode>möglicht das. Drei Mann machen dazu Konzert.</Unicode>
                </TextEquiv>
            </TextLine>
            <TextLine id="tr_2_tl_45" custom="readingOrder {index:44;}">
                <Coords points="2119,2900 3054,2898 3054,2848 3016,2841 2119,2850"/>
                <Baseline points="2131,2889 2177,2892 2223,2889 2270,2889 2316,2892 2363,2891 2409,2889 2456,2889 2502,2889 2549,2889 2595,2887 2641,2886 2688,2886 2734,2886 2781,2886 2827,2884 2874,2886 2920,2886 2967,2886 3013,2883 3060,2883"/>
                <TextEquiv>
                    <Unicode>über — aber da steht die Renaissancefassade</Unicode>
                </TextEquiv>
            </TextLine>
            <TextLine id="tr_2_tl_46" custom="readingOrder {index:45;}">
                <Coords points="1158,2910 2079,2914 2079,2867 2043,2855 1158,2862"/>
                <Baseline points="1170,2901 1215,2901 1261,2903 1306,2904 1352,2902 1398,2901 1443,2901 1489,2901 1535,2901 1580,2899 1626,2898 1672,2898 1717,2898 1763,2898 1809,2901 1854,2901 1900,2898 1946,2898 1991,2895 2037,2898 2083,2895"/>
                <TextEquiv>
                    <Unicode>Es ist fragwürdig. Aber das ganze Bild hat</Unicode>
                </TextEquiv>
            </TextLine>
            <TextLine id="tr_2_tl_47" custom="readingOrder {index:46;}">
                <Coords points="2119,2950 3054,2950 3054,2898 3007,2893 2119,2900"/>
                <Baseline points="2131,2937 2177,2938 2223,2939 2270,2937 2316,2937 2363,2938 2409,2939 2456,2937 2502,2937 2549,2935 2595,2934 2641,2934 2688,2934 2734,2934 2781,2934 2827,2934 2874,2934 2920,2934 2967,2934 3013,2934 3060,2934"/>
                <TextEquiv>
                    <Unicode>des Municipio, da sind die schmalen italienischen</Unicode>
                </TextEquiv>
            </TextLine>
            <TextLine id="tr_2_tl_48" custom="readingOrder {index:47;}">
                <Coords points="1158,2962 2083,2959 2083,2910 2024,2903 1158,2910"/>
                <Baseline points="1170,2952 1218,2952 1266,2954 1315,2953 1363,2952 1411,2952 1460,2949 1508,2949 1556,2949 1605,2949 1653,2948 1702,2947 1750,2949 1798,2949 1847,2947 1895,2946 1943,2946 1992,2946 2040,2946 2089,2949"/>
                <TextEquiv>
                    <Unicode>etwas von großer Welt: ein paar Sprachen,</Unicode>
                </TextEquiv>
            </TextLine>
            <TextLine id="tr_2_tl_49" custom="readingOrder {index:48;}">
                <Coords points="2121,3000 3054,2990 3023,2940 2765,2964 2484,2940 2415,2974 2121,2950"/>
                <Baseline points="2134,2988 2180,2988 2226,2988 2272,2988 2318,2988 2364,2988 2410,2988 2457,2986 2503,2985 2549,2985 2595,2985 2641,2983 2687,2982 2733,2984 2780,2985 2826,2982 2872,2982 2918,2985 2964,2985 3010,2982 3057,2982"/>
                <TextEquiv>
                    <Unicode>Balkonfenster, ein klassisches Portal, die</Unicode>
                </TextEquiv>
            </TextLine>
            <TextLine id="tr_2_tl_50" custom="readingOrder {index:49;}">
                <Coords points="1165,3011 2086,3011 2086,2957 1165,2962"/>
                <Baseline points="1179,3000 1224,3000 1270,3000 1315,3000 1361,3000 1406,3000 1452,2998 1497,2997 1543,2997 1588,2997 1634,2997 1679,2997 1725,2994 1770,2997 1816,2997 1861,2997 1907,2997 1952,2997 1998,2994 2043,2997 2089,2994"/>
                <TextEquiv>
                    <Unicode>Pelzmäntel mit schimmer dem Futter; Duft von</Unicode>
                </TextEquiv>
            </TextLine>
            <TextLine id="tr_2_tl_51" custom="readingOrder {index:50;}">
                <Coords points="2124,3052 3061,3042 3061,2990 3030,2985 2832,3014 2784,2983 2124,3000"/>
                <Baseline points="2137,3039 2183,3037 2229,3039 2276,3039 2322,3038 2369,3036 2415,3035 2462,3035 2508,3034 2555,3033 2601,3033 2647,3033 2694,3033 2740,3033 2787,3033 2833,3033 2880,3033 2926,3033 2973,3027 3019,3030 3066,3030"/>
                <TextEquiv>
                    <Unicode>Lingua Toskana in üblem Dialekt... Man ist</Unicode>
                </TextEquiv>
            </TextLine>
            <TextLine id="tr_2_tl_52" custom="readingOrder {index:51;}">
                <Coords points="1165,3059 2081,3054 2081,3007 2015,2997 1165,3009"/>
                <Baseline points="1179,3048 1224,3048 1269,3050 1315,3051 1360,3049 1405,3048 1451,3048 1496,3046 1541,3045 1587,3045 1632,3048 1677,3045 1723,3045 1768,3045 1813,3045 1859,3045 1904,3045 1949,3045 1995,3042 2040,3045 2086,3045"/>
                <TextEquiv>
                    <Unicode>Kaffee, Kuchen, Schokolade, Blumen, Parfürs</Unicode>
                </TextEquiv>
            </TextLine>
            <TextLine id="tr_2_tl_53" custom="readingOrder {index:52;}">
                <Coords points="2119,3097 3056,3087 3056,3045 3002,3035 2706,3064 2462,3035 2405,3066 2119,3052"/>
                <Baseline points="2131,3086 2177,3086 2224,3086 2270,3085 2317,3084 2364,3083 2410,3082 2457,3083 2503,3079 2550,3078 2597,3076 2643,3079 2690,3079 2736,3080 2783,3081 2830,3081 2876,3078 2923,3078 2969,3078 3016,3078 3063,3078"/>
                <TextEquiv>
                    <Unicode>nicht daheim. Das Grauen, die Bosheit, die</Unicode>
                </TextEquiv>
            </TextLine>
            <TextLine id="tr_2_tl_54" custom="readingOrder {index:53;}">
                <Coords points="1165,3113 2086,3101 2086,3056 2036,3047 1165,3059"/>
                <Baseline points="1179,3098 1224,3095 1270,3095 1315,3095 1361,3095 1406,3095 1452,3095 1497,3095 1543,3095 1588,3095 1634,3095 1679,3092 1725,3095 1770,3092 1816,3095 1861,3095 1907,3092 1952,3092 1998,3092 2043,3092 2089,3095"/>
                <TextEquiv>
                    <Unicode>Frauenlachen: Anstoßen von Billardkugeln;</Unicode>
                </TextEquiv>
            </TextLine>
            <TextLine id="tr_2_tl_55" custom="readingOrder {index:54;}">
                <Coords points="2119,3144 3052,3130 3052,3090 2988,3080 2119,3094"/>
                <Baseline points="2131,3134 2177,3132 2223,3134 2269,3133 2316,3131 2362,3131 2408,3129 2455,3130 2501,3129 2547,3128 2594,3128 2640,3128 2686,3126 2732,3127 2779,3130 2825,3126 2871,3128 2918,3125 2964,3125 3010,3125 3057,3125"/>
                <TextEquiv>
                    <Unicode>Kälte der Fremde packt ans Herz. Und jene</Unicode>
                </TextEquiv>
            </TextLine>
            <TextLine id="tr_2_tl_56" custom="readingOrder {index:55;}">
                <Coords points="1162,3154 2083,3158 2083,3101 1989,3125 1671,3097 1591,3130 1162,3111"/>
                <Baseline points="1176,3146 1221,3145 1267,3146 1312,3146 1358,3144 1403,3143 1449,3145 1494,3144 1540,3145 1585,3144 1631,3145 1676,3143 1722,3143 1767,3143 1813,3140 1858,3143 1904,3140 1949,3140 1995,3140 2040,3140 2086,3140"/>
                <TextEquiv>
                    <Unicode>eine Autohupe: vor den Riesenfenstern das</Unicode>
                </TextEquiv>
            </TextLine>
            <TextLine id="tr_2_tl_57" custom="readingOrder {index:56;}">
                <Coords points="2124,3191 3045,3189 3047,3130 2126,3142"/>
                <Baseline points="2137,3182 2182,3181 2228,3182 2273,3182 2319,3180 2364,3181 2410,3182 2455,3180 2501,3181 2546,3180 2592,3179 2638,3176 2683,3176 2729,3176 2774,3176 2820,3176 2865,3176 2911,3176 2956,3176 3002,3173 3048,3170"/>
                <TextEquiv>
                    <Unicode>schrecklichste Frage der Reise erklingt: Wozu</Unicode>
                </TextEquiv>
            </TextLine>
            <TextLine id="tr_2_tl_58" custom="readingOrder {index:57;}">
                <Coords points="1160,3206 2081,3203 2081,3154 1998,3144 1887,3172 1160,3154"/>
                <Baseline points="1173,3194 1218,3194 1264,3194 1309,3194 1355,3194 1401,3194 1446,3192 1492,3189 1538,3188 1583,3193 1629,3192 1675,3191 1720,3191 1766,3188 1812,3191 1857,3191 1903,3191 1949,3191 1994,3188 2040,3188 2086,3188"/>
                <TextEquiv>
                    <Unicode>Panorama des Sees: Monte Bré. Generosa</Unicode>
                </TextEquiv>
            </TextLine>
            <TextLine id="tr_2_tl_59" custom="readingOrder {index:58;}">
                <Coords points="2119,3241 3054,3246 3056,3180 2121,3191"/>
                <Baseline points="2131,3230 2177,3230 2223,3231 2270,3232 2316,3230 2363,3231 2409,3233 2456,3231 2502,3230 2549,3228 2595,3227 2641,3227 2688,3227 2734,3227 2781,3227 2827,3227 2874,3224 2920,3224 2967,3221 3013,3224 3060,3224"/>
                <TextEquiv>
                    <Unicode>Was willst du hier? Was hat das alles für</Unicode>
                </TextEquiv>
            </TextLine>
            <TextLine id="tr_2_tl_60" custom="readingOrder {index:59;}">
                <Coords points="1160,3253 2086,3248 2086,3201 1160,3206"/>
                <Baseline points="1173,3245 1221,3243 1269,3244 1318,3243 1366,3242 1414,3242 1463,3239 1511,3239 1559,3239 1608,3239 1656,3239 1705,3239 1753,3239 1801,3239 1850,3239 1898,3239 1946,3237 1995,3236 2043,3236 2092,3236"/>
                <TextEquiv>
                    <Unicode>San Salvatore. Es ist wie die Szene aus einem</Unicode>
                </TextEquiv>
            </TextLine>
            <TextLine id="tr_2_tl_61" custom="readingOrder {index:60;}">
                <Coords points="2119,3291 2145,3303 2178,3291 2221,3300 2235,3288 2256,3300 2278,3288 2301,3303 2358,3288 2436,3288 2436,3260 2398,3265 2356,3234 2332,3248 2285,3236 2197,3248 2119,3243"/>
                <Baseline points="2131,3281 2156,3281 2182,3281 2208,3281 2234,3281 2260,3281 2286,3281 2312,3281 2338,3281 2364,3281 2390,3281 2416,3281 2442,3281"/>
                <TextEquiv>
                    <Unicode>einen Sinn?...</Unicode>
                </TextEquiv>
            </TextLine>
            <TextLine id="tr_2_tl_62" custom="readingOrder {index:61;}">
                <Coords points="1160,3303 2086,3298 2086,3248 1970,3241 1162,3253"/>
                <Baseline points="1176,3292 1221,3291 1267,3291 1313,3290 1359,3290 1405,3288 1450,3287 1496,3287 1542,3289 1588,3290 1634,3288 1679,3287 1725,3287 1771,3287 1817,3290 1863,3290 1908,3287 1954,3287 2000,3284 2046,3284 2092,3287"/>
                <TextEquiv>
                    <Unicode>Roman von Schnitzler. Hier könnte, im Rahmen</Unicode>
                </TextEquiv>
            </TextLine>
            <TextLine id="tr_2_tl_63" custom="readingOrder {index:62;}">
                <Coords points="2154,3350 2886,3331 2964,3367 3052,3343 3054,3296 2912,3270 2798,3303 2154,3296"/>
                <Baseline points="2167,3337 2211,3337 2256,3337 2300,3337 2345,3337 2389,3334 2434,3334 2478,3334 2523,3334 2567,3334 2612,3334 2656,3334 2701,3334 2745,3334 2790,3331 2834,3334 2879,3331 2923,3331 2968,3331 3012,3331 3057,3331"/>
                <TextEquiv>
                    <Unicode>Die Nacht kommt. Im Salon der Pension</Unicode>
                </TextEquiv>
            </TextLine>
            <TextLine id="tr_2_tl_64" custom="readingOrder {index:63;}">
                <Coords points="1162,3357 2076,3355 2076,3293 1162,3303"/>
                <Baseline points="1176,3340 1221,3340 1266,3338 1312,3335 1357,3336 1402,3337 1448,3337 1493,3337 1538,3337 1584,3334 1629,3334 1674,3334 1720,3334 1765,3337 1810,3337 1856,3337 1901,3337 1946,3334 1992,3334 2037,3334 2083,3331"/>
                <TextEquiv>
                    <Unicode>von Gesellschaft und Luxus, die Tragikomödie</Unicode>
                </TextEquiv>
            </TextLine>
            <TextLine id="tr_2_tl_65" custom="readingOrder {index:64;}">
                <Coords points="2114,3397 3047,3390 3049,3341 3019,3338 2964,3367 2888,3331 2640,3338 2581,3369 2536,3338 2315,3364 2117,3336"/>
                <Baseline points="2128,3391 2174,3391 2220,3391 2266,3390 2313,3388 2359,3388 2405,3386 2452,3385 2498,3383 2544,3384 2591,3385 2637,3383 2683,3382 2729,3382 2776,3384 2822,3385 2868,3382 2915,3382 2961,3382 3007,3382 3054,3379"/>
                <TextEquiv>
                    <Unicode>legt die Engländerin Patience, spielt die</Unicode>
                </TextEquiv>
            </TextLine>
            <TextLine id="tr_2_tl_66" custom="readingOrder {index:65;}">
                <Coords points="1162,3400 1868,3388 1911,3416 2029,3393 2031,3348 1944,3343 1165,3357"/>
                <Baseline points="1176,3391 1219,3389 1262,3388 1305,3388 1348,3388 1391,3388 1434,3388 1477,3386 1520,3385 1563,3385 1606,3385 1649,3385 1692,3384 1735,3383 1778,3385 1821,3384 1864,3383 1907,3385 1950,3382 1993,3382 2036,3382"/>
                <TextEquiv>
                    <Unicode>zweier Seelen beginnen. Aber wie? Lugano</Unicode>
                </TextEquiv>
            </TextLine>
            <TextLine id="tr_2_tl_67" custom="readingOrder {index:66;}">
                <Coords points="1162,3449 2083,3447 2083,3390 2036,3378 1920,3419 1863,3386 1162,3402"/>
                <Baseline points="1176,3439 1221,3437 1267,3436 1312,3436 1358,3436 1403,3434 1449,3433 1494,3435 1540,3434 1585,3435 1631,3434 1676,3433 1722,3433 1767,3433 1813,3433 1858,3433 1904,3433 1949,3433 1995,3433 2040,3430 2086,3430"/>
                <TextEquiv>
                    <Unicode>ist das nicht Schnitzler=Land? Zehn Schritte</Unicode>
                </TextEquiv>
            </TextLine>
            <TextLine id="tr_2_tl_68" custom="readingOrder {index:67;}">
                <Coords points="2119,3447 3047,3445 3049,3390 2976,3383 2121,3397"/>
                <Baseline points="2131,3439 2177,3441 2223,3438 2269,3436 2315,3436 2361,3436 2407,3436 2454,3436 2500,3436 2546,3436 2592,3434 2638,3433 2684,3433 2730,3433 2777,3435 2823,3433 2869,3433 2915,3430 2961,3430 3007,3430 3054,3433"/>
                <TextEquiv>
                    <Unicode>Deutsche Klavier. Auf meiner Terrasse liegt</Unicode>
                </TextEquiv>
            </TextLine>
            <TextLine id="tr_2_tl_69" custom="readingOrder {index:68;}">
                <Coords points="1591,3497 2081,3490 2081,3440 1591,3442"/>
                <Baseline points="1603,3484 1628,3484 1653,3483 1679,3481 1704,3481 1730,3481 1755,3481 1780,3481 1806,3481 1831,3481 1857,3481 1882,3481 1908,3481 1933,3481 1958,3481 1984,3481 2009,3481 2035,3481 2060,3480 2086,3478"/>
                <TextEquiv>
                    <Unicode>mit dem Garten, in dem</Unicode>
                </TextEquiv>
            </TextLine>
            <TextLine id="tr_2_tl_70" custom="readingOrder {index:69;}">
                <Coords points="1158,3494 1262,3506 1286,3492 1349,3492 1364,3504 1428,3494 1456,3509 1473,3494 1525,3494 1525,3447 1496,3442 1420,3438 1387,3457 1316,3438 1288,3454 1226,3435 1207,3454 1158,3447"/>
                <Baseline points="1170,3487 1195,3487 1221,3487 1247,3485 1273,3484 1298,3484 1324,3484 1350,3484 1376,3484 1402,3484 1427,3482 1453,3481 1479,3481 1505,3482 1531,3484"/>
                <TextEquiv>
                    <Unicode>weiter das</Unicode>
                </TextEquiv>
            </TextLine>
            <TextLine id="tr_2_tl_71" custom="readingOrder {index:70;}">
                <Coords points="2119,3497 3045,3490 3045,3445 2943,3428 2119,3447"/>
                <Baseline points="2131,3490 2177,3489 2223,3487 2269,3487 2315,3485 2361,3486 2407,3485 2453,3484 2499,3484 2545,3484 2591,3484 2637,3484 2683,3484 2729,3484 2775,3484 2821,3484 2867,3484 2913,3481 2959,3481 3005,3478 3051,3481"/>
                <TextEquiv>
                    <Unicode>der Schnee. Die Nacht ist ganz schwarz. Unten</Unicode>
                </TextEquiv>
            </TextLine>
            <TextLine id="tr_2_tl_72" custom="readingOrder {index:71;}">
                <Coords points="1165,3544 2086,3542 2069,3487 1165,3497"/>
                <Baseline points="1179,3531 1224,3534 1270,3537 1315,3534 1361,3534 1407,3534 1452,3531 1498,3534 1544,3531 1589,3531 1635,3531 1681,3531 1726,3531 1772,3531 1818,3531 1863,3530 1909,3528 1955,3528 2000,3528 2046,3528 2092,3531"/>
                <TextEquiv>
                    <Unicode>Georg Therese küßte und dabei die wehe Lust</Unicode>
                </TextEquiv>
            </TextLine>
            <TextLine id="tr_2_tl_73" custom="readingOrder {index:72;}">
                <Coords points="2121,3551 3045,3539 3045,3497 3009,3487 2121,3497"/>
                <Baseline points="2134,3540 2179,3537 2225,3537 2271,3535 2317,3534 2363,3534 2409,3532 2454,3533 2500,3532 2546,3531 2592,3531 2638,3531 2684,3531 2730,3531 2775,3531 2821,3528 2867,3528 2913,3531 2959,3531 3005,3528 3051,3531"/>
                <TextEquiv>
                    <Unicode>der See ist ein Abgrund ins Unendliche. Licht¬</Unicode>
                </TextEquiv>
            </TextLine>
            <TextLine id="tr_2_tl_74" custom="readingOrder {index:73;}">
                <Coords points="1162,3594 2086,3584 2062,3537 1162,3544"/>
                <Baseline points="1176,3582 1221,3582 1267,3582 1313,3582 1359,3582 1405,3580 1450,3579 1496,3579 1542,3579 1588,3579 1634,3579 1679,3579 1725,3579 1771,3579 1817,3579 1863,3579 1908,3579 1954,3576 2000,3576 2046,3576 2092,3576"/>
                <TextEquiv>
                    <Unicode>der Lüge empfand; der See, auf den sie hinaus¬</Unicode>
                </TextEquiv>
            </TextLine>
            <TextLine id="tr_2_tl_75" custom="readingOrder {index:74;}">
                <Coords points="2119,3599 3042,3589 3042,3539 2119,3554"/>
                <Baseline points="2131,3585 2176,3588 2222,3588 2268,3585 2314,3585 2360,3585 2406,3582 2451,3582 2497,3582 2543,3582 2589,3582 2635,3582 2681,3582 2727,3581 2772,3579 2818,3578 2864,3577 2910,3579 2956,3579 3002,3580 3048,3585"/>
                <TextEquiv>
                    <Unicode>punkte stehen drüben. Die Dörfer Italiens...</Unicode>
                </TextEquiv>
            </TextLine>
            <TextLine id="tr_2_tl_76" custom="readingOrder {index:75;}">
                <Coords points="1162,3639 2083,3632 2083,3584 1162,3599"/>
                <Baseline points="1176,3633 1221,3633 1267,3631 1312,3630 1358,3630 1404,3630 1449,3630 1495,3630 1541,3628 1586,3627 1632,3627 1678,3627 1723,3627 1769,3627 1815,3627 1860,3627 1906,3627 1952,3627 1997,3624 2043,3627 2089,3627"/>
                <TextEquiv>
                    <Unicode>ruderten, die Menschen aus dem „Weg in</Unicode>
                </TextEquiv>
            </TextLine>
            <TextLine id="tr_2_tl_77" custom="readingOrder {index:76;}">
                <Coords points="2121,3644 3047,3639 3047,3589 2981,3584 2121,3596"/>
                <Baseline points="2134,3636 2180,3636 2226,3636 2272,3634 2318,3633 2364,3633 2410,3633 2456,3631 2502,3630 2548,3632 2594,3631 2640,3630 2686,3630 2732,3630 2778,3630 2824,3630 2870,3630 2916,3630 2962,3630 3008,3627 3054,3627"/>
                <TextEquiv>
                    <Unicode>Das Schweigen ist königlich. Es ist das</Unicode>
                </TextEquiv>
            </TextLine>
            <TextLine id="tr_2_tl_78" custom="readingOrder {index:77;}">
                <Coords points="1160,3698 1662,3717 2086,3689 2086,3634 1160,3639"/>
                <Baseline points="1173,3684 1221,3681 1269,3681 1318,3681 1366,3681 1414,3678 1463,3678 1511,3681 1559,3681 1608,3678 1656,3678 1705,3678 1753,3678 1801,3679 1850,3679 1898,3678 1946,3678 1995,3678 2043,3678 2092,3678"/>
                <TextEquiv>
                    <Unicode>Freie". Auf jenem Balkon saß Anna und</Unicode>
                </TextEquiv>
            </TextLine>
            <TextLine id="tr_2_tl_79" custom="readingOrder {index:78;}">
                <Coords points="2119,3696 3047,3689 3047,3641 3009,3634 2119,3646"/>
                <Baseline points="2131,3684 2177,3687 2223,3687 2269,3686 2315,3684 2361,3684 2407,3682 2454,3679 2500,3678 2546,3678 2592,3678 2638,3678 2684,3678 2730,3680 2777,3679 2823,3678 2869,3678 2915,3678 2961,3678 3007,3678 3054,3678"/>
                <TextEquiv>
                    <Unicode>Schweigen einer Winternacht in Italien. Wo</Unicode>
                </TextEquiv>
            </TextLine>
            <TextLine id="tr_2_tl_80" custom="readingOrder {index:79;}">
                <Coords points="2126,3743 3042,3745 3042,3700 2988,3686 2126,3693"/>
                <Baseline points="2140,3734 2185,3734 2230,3734 2276,3734 2321,3732 2367,3731 2412,3731 2457,3731 2503,3728 2548,3728 2594,3725 2639,3728 2684,3728 2730,3725 2775,3728 2821,3725 2866,3725 2911,3725 2957,3725 3002,3725 3048,3728"/>
                <TextEquiv>
                    <Unicode>Sterne? Nachtigallen Blumenduft? Mando¬</Unicode>
                </TextEquiv>
            </TextLine>
            <TextLine id="tr_2_tl_81" custom="readingOrder {index:80;}">
                <Coords points="1158,3762 1224,3741 1252,3752 1271,3743 1290,3755 1307,3743 1338,3750 1380,3741 1380,3712 1366,3715 1347,3700 1321,3705 1278,3684 1226,3698 1158,3698"/>
                <Baseline points="1170,3728 1196,3728 1223,3728 1250,3728 1277,3729 1304,3731 1331,3731 1358,3731 1385,3731"/>
                <TextEquiv>
                    <Unicode>wartete...</Unicode>
                </TextEquiv>
            </TextLine>
            <TextLine id="tr_2_tl_82" custom="readingOrder {index:81;}">
                <Coords points="2119,3795 3045,3790 3045,3736 2879,3724 2119,3745"/>
                <Baseline points="2131,3785 2177,3786 2223,3786 2269,3785 2315,3783 2361,3782 2407,3782 2453,3782 2499,3780 2545,3779 2591,3777 2637,3776 2683,3776 2729,3776 2775,3779 2821,3779 2867,3776 2913,3776 2959,3776 3005,3776 3051,3776"/>
                <TextEquiv>
                    <Unicode>linen? Warmer Wind Säuselnder Lorbeer? —</Unicode>
                </TextEquiv>
            </TextLine>
            <TextLine id="tr_2_tl_83" custom="readingOrder {index:82;}">
                <Coords points="1205,3797 2083,3800 2086,3724 1679,3705 1572,3750 1205,3738"/>
                <Baseline points="1218,3785 1261,3787 1305,3788 1348,3788 1392,3788 1435,3787 1479,3785 1522,3786 1566,3788 1609,3788 1653,3787 1697,3785 1740,3785 1784,3785 1827,3785 1871,3785 1914,3782 1958,3782 2001,3782 2045,3782 2089,3782"/>
                <TextEquiv>
                    <Unicode>Man findet sich zurück in die schnöder¬</Unicode>
                </TextEquiv>
            </TextLine>
            <TextLine id="tr_2_tl_84" custom="readingOrder {index:83;}">
                <Coords points="1151,3850 3054,3866 3054,3783 3009,3779 1402,3819 1151,3764"/>
                <Baseline points="1164,3839 1258,3839 1353,3839 1447,3839 1542,3836 1637,3836 1731,3836 1826,3831 1921,3832 2015,3833 2110,3836 2205,3836 2299,3836 2394,3833 2489,3832 2583,3830 2678,3830 2773,3830 2867,3830 2962,3830 3057,3833"/>
                <TextEquiv>
                    <Unicode>Wirklichkeit. Wann wird man wieder reisen Es ist Italien, aber Italien ohne Seele. Ein</Unicode>
                </TextEquiv>
            </TextLine>
            <TextEquiv>
                <Unicode></Unicode>
            </TextEquiv>
        </TextRegion>
    </Page>
</PcGts>
