3344 4256
1086 278 1512 408 box 41/6
230 293 912 423 Miscellaneous
52 474 245 578 it as
589 460 982 597 esse, Wien
211 493 689 663 te
912 752 2242 964 Komödien der Worte!
2079 978 3047 1097 Eier und Butter eine Höhe erreichten, die fast
1071 978 2050 1090 Nicht nur Null und Nichts, sondern höchst
115 993 1045 1112 Es muß gleich vorausgeschickt werden, daß
2891 1075 3039 1145 bezahl
2079 1082 2872 1153 unerschwinglich schien, aber dennoch
1075 1079 2046 1149 betrübende Bloßstellungen vor dem Auslande
70 1086 1049 1156 nicht die leiseste Absicht vorliegt, sich etwa mit
2887 1134 3054 1201 darüber
2072 1138 2858 1216 wurden, dann wird die Allgemeinheit
1071 1138 2050 1223 Auf dem Gebiete der Charitas wurden bloß
74 1149 1041 1219 den Schöpfungen des Dichters Arthur Schnitzle
2083 1193 3054 1271 staunen, daß es möglich war, eine Haus¬
74 1201 2050 1286 irgendwie zu identifizieren oder auch nur ein gewählte Funktinäre, das sind die
2079 1249 3058 1327 frauenbewegung zu bewundern, die an
1079 1245 2042 1323 Armenräte, einfach kaltgestellt. Wirkliche
70 1264 1049 1356 Wort über die Werke der Schlechtigkeit zu äußern.
2079 1305 3058 1390 der Verteuerung der Lebensmittel zwar selbst¬
1071 1312 2042 1386 Wirken im Interesse der Allgemeinheit voll
145 1327 1049 1390 Der Titel aber ist zeitgemäß, und wenn der
2079 1371 3058 1442 verständlich nichts ändern konnte, aber sich nach
70 1382 2053 1449 Dichter der Erotik dabei stets nur an Ehebruch ständig Null, aber Worte, unzählige
2076 1427 3054 1527 außen hin den Schein gab, als ob sie dies zu
1082 1431 2042 1501 Worte, Reklame und Bluff, das ist da¬
78 1442 1045 1508 denkt, so ist dieses seine Sache. In Wirklichkei
2079 1490 2743 1560 tun in der Lage gewesen wäre.
78 1490 2046 1583 paßt die Bezeichnung für die Gegenwart im Charakteristikum der Kriegserscheinungen. Alle
2139 1505 3058 1634 Auch auf politischem Gebiete sind Wandlungen
1079 1549 2046 1627 caritativen Vereine oder Komitees, die ohne
78 1549 1045 1631 allgemeinen diel besser als auf literarische Aus¬
2076 1609 3054 1683 eingetreten. Die radikalsten Nationalen sind zahm
78 1605 2046 1694 wüchse. Das Kulturleben im ganzen hat sich ja Beistellung von Beamten, die von der All¬
2083 1664 3054 1742 geworden, und dort, wo früher schon im Frieden
1079 1668 2046 1746 gemeinheit bezahlt werden, ohne Bei
78 1672 1049 1749 als eine große Komödie an und für sich
1086 1720 3050 1805 stellung von gesammelten Geldern von einem Anschlusse an Deutsch¬
78 1742 1056 1809 entpuppt, und die sogenannten Expektorationen
2079 1768 3058 1849 land gesprochen wurde, werden jetzt Huldigungs¬
1090 1779 2053 1864 segensreich wirken, oder wenigstens die Absicht
82 1801 1053 1875 waren es, die die Kultur darstellen sollten,
2076 1846 3058 1946 telegramme beschlossen, was ja übrigens jeden
1090 1842 2050 1924 hiezu haben, sei die vollste Anerkennung bezeugt
78 1857 1056 1927 während in Wirklichkeit damit nur eine
2079 1901 2883 1972 ehrlichen Österreicher nur freuen kann.
1082 1905 2050 1979 Aber es ist so viel wie gar keine Leistung
82 1912 830 2009 Fäulnis überdeckt wurde.
2146 1935 3054 2031 Was sich auch überall und täglich ereignet,
1082 1964 2061 2035 wenn öffentliche Beamte die Arbeit
148 1964 1053 2046 Waren nun schon in den letzten Dezennier
2079 2012 3058 2083 es wird mündlich und durch Worte der
1082 2016 2053 2098 leisten und die übrigen nichts als Wort¬
74 2038 1056 2124 Worte, nichts als Worte an de¬
2090 2064 3054 2153 Extraausgaben verbreitet. Dabei aber über¬
1308 2076 2057 2164 betätigen. Mit einem Worte:
78 2087 1064 2172 Tagesordnung, so feiern in der gegen¬
2087 2135 3054 2209 all die gleiche Komödie. Alles zerfließt
1082 2135 1746 2231 Komödien der Worte!
82 2150 1060 2220 wärtigen sogenannten großen Zeit die Worte
2090 2190 3061 2272 jetzt vor Menschenliebe, Burgfrieden
1156 2187 2053 2265 Eine weitere Erscheinung ist, daß Vortragende
85 2216 1053 2320 in unverkennbarer komödienhafter Aussprechung
2090 2261 3072 2335 u. dgl., nichts als Komödie der Worte.
1079 2242 2057 2331 ebenfalls beiderlei Geschlechtes, zumeist aber auch
82 2276 393 2353 wahre Orgien.
2094 2309 3061 2383 In Wirklichkeit lauter Vorbereitungen, um das
1093 2316 2061 2402 protegierte feminine Vortragsmeisterinnen, jetzt
152 2290 1060 2398 Eine wahre Redeflut ist ausgebrochen und
2094 2368 3072 2442 Sprungbrett der politischen Zukunft als Erster
1093 2383 2061 2457 plötzlich forciert an die Oberfläche treten
82 2383 1060 2461 die Weltverbesserer, Retter de¬
2094 2420 3065 2509 zu erreichen. Hilf, was helfen kann. Und Worte,
1082 2435 2061 2509 über alle möglichen Dinge sprechen, von denen
78 2450 1060 2528 Menschen, Sittlichkeitsapostel, zu¬
1093 2483 3069 2576 sie nicht einen blauen Dunst haben. Personen, geschrieben oder gesprochen, haben ja bei einer
82 2509 1053 2572 meist vertreten durch alte Frauen bei
2094 2539 3058 2624 denklosen Masse noch immer gewirkt. Doch auch
78 2546 2061 2635 derlei Geschlechtes, sind wie die Pilze und insbesondere solche weiblicher Provenienz
2094 2605 3058 2676 hier ist eine Wandlang eingetreten und Umwand
1093 2609 2072 2691 die ihr ganzes Leben diametral gegen die
85 2628 1064 2706 aus dem Boden hervorgeschossen. Leute, die bis
2094 2661 3058 2750 lungen von einem Extrem zum anderen werden
85 2676 2068 2754 vor dem Kriege so ziemlich froh waren, daß sie Natürlichkeit und wahre Lebens¬
2094 2720 3072 2798 nicht mehr so gleichgültig hingenommen, als
1090 2732 2064 2806 auffassung gelebt, halten jetzt Vorträg¬
85 2746 1064 2835 das Leben hatten, sind plötzlich — freilich
2098 2783 3069 2872 dies modernen Drahtziehern als möglich er¬
1086 2787 2064 2869 über Luxus und Lebensverhältnisse
82 2802 1060 2876 nicht ohne Protektion — flügg
2105 2843 3076 2913 scheint. Der Krieg hat auch die Gehirne der
1097 2846 2076 2921 die bei Eingeweihten nur die größte Heiterkeit
85 2861 1067 2939 geworden, drängen sich an die Oberfläche
2105 2898 3076 2965 Bevölkerung reformiert, und gar nicht im re¬
1097 2906 2076 2984 hervorrufen kann. Aber was verschlägt es! Die
85 2921 1064 2987 und wollen zu allem ihren Kren dazugeben
2098 2950 3061 3024 volutionärem Sinne, wie sich manche einbilder
1097 2958 2076 3047 Zeitungen stellen ihre Spalten zur Verfügung
85 2980 1064 3050 Mit welchem Erfolge, das haben die unzäh¬
2094 3013 3072 3091 mögen. Die Bevölkerung sehnt sich nach einer
89 3024 2068 3117 ligen Blamagen bewiesen, die man und einige Naive gibt es doch immer, die
2094 3072 3076 3147 ruhigen Zukunft, nach ehrlicher Arbeit für die
1101 3080 2064 3161 solchen Vorträgen auch noch eine Bedeutung
85 3095 1064 3165 auf dem Gebiete der Kriegserscheinungen in
1097 3124 3076 3217 beimessen. Es wird weiters eines der ergötzlichsten Allgemeinheit und verwünscht bereits
85 3158 1064 3224 Hinterlande zu erleben Gelegenheit hatte
2098 3191 3069 3265 jede Demagogie. Der Personen¬
1097 3202 2068 3273 Kapitel im kommenden Frieden bilden, wenn
82 3224 1071 3295 Komitees auf Komitees in endloser
2094 3243 3072 3321 kultus wird den schwersten Schlag erleiden,
1097 3258 2068 3339 die Protokolle vom Beginne des Krieges bi¬
85 3280 1064 3350 Anzahl wurden gebildet, Kommissionen an
2098 3321 3072 3380 insbesondere wenn sich Personen beiderlei
1097 3317 2079 3402 zum Schlusse desselben veröffentlicht werden
85 3328 1064 3406 Kommissionen errichtet, und was nicht sehr
2094 3358 3072 3432 Geschlechtes in einem förmlichen Taumel
1097 3376 2061 3447 und die geistreichen Ideen der Antragstelle
85 3384 1064 3473 schmeichelhaft für die Männer der Öffentlichkei
1101 3421 3069 3536 beiderlei Geschlechtes zur Veröffentlichung ge¬ darüber befinden. Da wird mancher Größen¬
89 3454 1075 3525 war, die berufen waren, in den schweren Zeiten
2087 3480 3065 3554 wahn ein trauriges Ende nehmen
96 3510 1249 3584 ihren Mann zu stellen, ist die Tatsache, daß sie langen.
2098 3543 3069 3610 denn die gesammelten Materialien werden so¬
1167 3514 2064 3632 Geradezu unfoßbar aber wird es wirken
93 3565 1071 3647 Frauen, die von Volkswirtschaft und
2098 3602 3076 3673 diel Belastung darstellen, daß die heiß erstrebten
1097 3614 2068 3684 wenn man die „Erfolge einer mit Applom.
89 3628 1071 3714 echtem sozialen Wirken so viel verstehen wie
2105 3669 3080 3736 Ziele der Personenkultusfaktoren in nichts zer¬
1093 3669 2076 3758 in die Welt gesetzten Vereinigung, die sich
89 3688 1067 3791 eine Ameise von der Astronomie
1097 3717 3080 3806 natürlich auch der weitgehendsten Protektion rinnen werden. Wenn es sein muß, wird sich
96 3751 723 3847 zur Mitwirkung herbeiflehteen.
2094 3762 3072 3869 aus dem Wulst von Anschauungen eine Lich
1101 3788 2072 3895 erfreute, definitiv zu konstatieren in der Lage
159 3773 1064 3877 Es mag ja die Ausrede gelten, oder viel
2098 3825 3076 3918 bilden, die ohne Rücksicht auf alle
1112 3851 1316 3929 sein wird¬
89 3866 1067 3940 mehr der heimliche Gedanke, mit diesen Ex
2098 3892 3065 3973 andere nur mehr Menschen kennt, für diese
1164 3866 2064 3981 Wenn die Bevölkerung darüber nachdenkt
96 3921 1075 4010 pertinnen ja andere Zwecke zu verfolgen, vor
2101 3951 3098 4032 rechtlich und ehrlich arbeiten will und vor allem
93 3962 2072 4058 allem einen gewissen Ehrgeiz zu betätigen, der daß der Preis des Rindfleisches von K 1.40
96 4014 3072 4118 ja doch katastrophal enden wird. Aber wenn auf K 7 gestiegen ist — ein gleiches Verhältnis auf eines verzichten wird: auf die Komödie
2105 4073 2361 4158 der Worte.
1101 4084 2024 4158 war bei Schweine= und Kalbfleisch der Fall
100 4103 1082 4173 schon, denn schon. Was ist aber bis heute das
85 4129 2079 4214 Resultat dieses seltsamen femininen Zuges? wenn die Preise von Hülsenfrüchte, Mahlprodukte
