3392 4352
215 349 293 421 1.
350 343 1011 426 Miscellaneous
293 618 609 680 schnitt aus:
628 660 1151 781 F
809 736 933 804 Wie
524 839 1071 960 Neue Freie Volksbühne.
417 933 1278 1018 Zur Gründung eines Vereines „Neue Freie
310 982 1282 1058 Volksbühne hat sich ein Komitee gebildet, dem bisher,
310 1046 1281 1106 angehören: Dr. Hugo v. Hofmannsthal,
315 1074 1281 1139 Abg. Dr. Stefan v. Licht, Konzertdirektor Ferdinand
301 1120 1277 1184 Löwe, Adolf Loos, Kurt Redlich v. Bozen,
310 1160 1279 1222 Professor Alfred Roller, Professor Arnold Rose,
314 1202 1279 1299 Dr. Arthur Schnitzler, Hofrat Dr. Adolf
303 1234 505 1301 Vetter.
417 1270 1271 1355 Dr. Rundt, der Direktor der Volksbühne,
301 1327 1270 1417 erläßt zur Verwirklichung der Ziele des neuen Vereines
298 1375 1040 1436 einen Aufruf, in dem es u. a. heißt:
404 1424 1274 1491 „Der Verein „Freie Volksbühne“, der im
298 1454 1271 1529 Theaterleben Wiens sieben Jahre hindurch eine
298 1493 1271 1571 besondere und nicht unwichtige Rolle gespielt hat, ist
298 1540 1271 1616 dem Druck äußerer Verhältnisse gewichen und hat
289 1567 757 1641 seine Tätigkeit eingestellt.
404 1620 1270 1693 Ein unabhängiges, freies Theater kann heute
290 1665 1264 1735 wieder, indem es der Zeit und ihren künstlerischen
294 1707 1267 1793 Führern eine Tribüne schafft, zugleich Ausdruck des
284 1764 1264 1828 unbewußten Volkswillens sein. Dieses Ziel zu er¬
284 1792 1270 1858 reichen, soll eine neue Organisation, ein Verein Neue
286 1833 1261 1913 Freie Volksbühne anstreben. Er wird an den
284 1883 1258 1956 Ort anknüpfen, an dem in den letzten zwei Jahren am
294 1923 1260 2000 Volksbühnengedanken gearbeitet wurde. Alle, die der
283 1965 1254 2037 Arbeit des Theaters in der Neubaugasse mit Freude
280 2006 1261 2085 und Teilnahme gefolgt sind, werden aufgefordert, sich
286 2048 1258 2118 von neuem zusammenzuschließen und der neuen alten
279 2099 1258 2161 Sache Freunde zu werben. Möge hier bald das alte
286 2125 1260 2222 Volksbühnenmotto einen neuen tieferen Sinn er¬
284 2177 1005 2286 halten: „Die Kundem Volke
835 2500 954 2560 -
241 2484 611 2581 ausschnitt aus:
643 2498 1177 2600 TES ET
854 2569 989 2638 Wien
366 2559 642 2653 2 S 1915
245 2602 356 2662 on:
415 2680 1275 2777 (Ein jeder Des the Mühe
303 2757 1279 2828 Artur Schnitzler in reizender Wienerischen Aufmachung.
304 2802 1275 2857 auf die Bühne gebracht, ist gewiß ein liebes Geschöpf,
296 2843 1277 2905 das jedermann, dem es ein liebenswürdiges Lächeln
303 2888 1277 2946 widmet, eine Freude macht. Das süße Mädel trägt
296 2932 1277 2992 aber seinen Verehrern nichts ein. Da ist aber gestern
305 2967 1279 3026 auf dem Wiener Trabrennplatz ein „Mädi" erschienen,
305 3009 1279 3067 das nur wenige Verehrer hatte, diese aber für ihre Ver¬
282 3058 1277 3113 ehrung königlich belohnte. „Mädi" ist nämlich ein hübsches
301 3099 1279 3163 Traberpferd, das einmal schon durch einen Sieg eine
308 3147 1282 3202 große Ueberraschung brachte, gestern aber nur von
308 3188 1281 3243 wenigen Glücklichen beachtet wurde. Das Pferd hatte
308 3220 1278 3277 in diesem Meeting, was man sonst einem Wiener
308 3265 1281 3330 süßen Mädel nicht zum Vorwurf machen kann, „nichts
311 3317 1284 3372 gezeigt," das heißt, es war jedesmal schlecht gelaufen
308 3350 1292 3399 und man war mit seinem Lebenswandel nicht zufrieden.
308 3395 1286 3450 Deshalb gab es nur wenige Personen auf dem Trab¬
308 3430 1285 3491 rennplatze, die den Sieg Mädis für möglich gehalten
308 3481 1288 3538 hatten. Aber Pferde haben manchesmal Anwandlungen
307 3519 1288 3588 eines guten Gedächtnisses. „Mädi" erinnerte sich ihrer
311 3565 1289 3614 einstigen guten „Form", nach welcher sie recht flink
308 3609 1288 3667 im Traben war und so kam sie gestern zur großen
308 3643 1289 3712 Freude ihrer wenigen Liebhaber und zur noch
311 3686 1285 3754 größeren Verblüffung aller Sachverständigen, Ein¬
308 3728 1292 3796 geweihten und „Gehangenen" als Erste im Felde ein.
308 3781 1286 3837 1285: 10 war die Stegesquote und die sie einkassierten,
308 3814 1293 3872 wurden wegen dieses angenehmen Kriegserlebnisses
311 3857 1292 3928 viel beneidet. Und ärgerlich sagte so mancher Spieler:
314 3903 1289 3966 „Ich habe sie wetten wollen", wie das immer die
308 3940 1288 4006 Leute sagen, wenn sie dem Spielglück vergeblich nach¬
314 3982 1299 4061 jagen. Für die wenigen Gewinner war das freilich
308 4032 906 4123 ein sehr rentables, süßes Mädi.
812 4075 923 4114 .
1215 338 1636 438 x 41/5
2045 1713 2529 1799 avenue du Ca¬
1751 1789 2664 1890 Ausschnitt aus: POST, WIEN
1997 1871 2265 1963 1915
1758 1918 1889 1983 vom
1795 2052 2843 2121 Schnitzler & Spitzer. Das „Fremdenblatt" zeigt in seiner
1713 2106 2832 2156 Sonntagsbeilage „Mode und Gesellschaft" seinen Leserinnen
1706 2158 2835 2214 die Toilette des Fräulein Else Wohlgemuth im Bachussest" von
1714 2194 2835 2262 Schnitzler. Darunter lesen wir; „Wieder einmal“ ist es eine
1717 2248 2835 2310 Premiere von Schnitzler gewesen, die das allgemeine Interesse
1709 2298 2835 2367 wachgerufen hat, und nebst den hervorragenden Qualitäten
1714 2352 2829 2410 dieses Stückes, die von berufener Seite anerkannt wurden,
1717 2396 2838 2452 suchen Damen und Fachleute nach Toilettennenheiten in diesem
1709 2446 2838 2505 Stücke ... Else Wohlgemuth trug im Bachusfest mit Schick
1714 2494 2835 2549 eine sehr schöne elegante Reisetoilette, die aus dem Hause
1720 2541 2832 2602 C. E. Spitzer stammt —". Es wird dem Schnitzler nichts
1714 2593 2825 2648 übrig bleiben, als ein paar Blätter seines neuesten Lorbeer¬
1720 2642 2622 2711 kranzes an die Firma G. E. Spitzer weiterzugeben.
