<?xml version="1.0" encoding="UTF-8" standalone="yes"?>
<PcGts xmlns="http://schema.primaresearch.org/PAGE/gts/pagecontent/2013-07-15" xmlns:xsi="http://www.w3.org/2001/XMLSchema-instance" xsi:schemaLocation="http://schema.primaresearch.org/PAGE/gts/pagecontent/2013-07-15 http://schema.primaresearch.org/PAGE/gts/pagecontent/2013-07-15/pagecontent.xsd">
    <Metadata>
        <Creator>prov=READ-COOP:name=PyLaia@TranskribusPlatform:version=2.12.1:model_id=39995:lm=provided:date=28_03_2024_21:32</Creator>
        <Created>2019-10-07T11:49:15.392+02:00</Created>
        <LastChange>2024-03-28T21:32:59.123+01:00</LastChange>
        <TranskribusMetadata docId="223990" pageId="9505183" pageNr="310" tsid="156390551" status="IN_PROGRESS" userId="40391" imgUrl="https://files.transkribus.eu/Get?id=ZCSVGMHWGFFRYRSBKCZQCNPH&amp;fileType=view" xmlUrl="https://files.transkribus.eu/Get?id=PDSKBSKRDNDJILDYDPVDCADV" imageId="6195397"/>
    </Metadata>
    <Page imageFilename="223990_0310.jpeg" imageWidth="3484" imageHeight="4224">
        <ReadingOrder>
            <OrderedGroup id="ro_1712662624791" caption="Regions reading order">
                <RegionRefIndexed index="0" regionRef="tr_1"/>
                <RegionRefIndexed index="1" regionRef="tr_2"/>
                <RegionRefIndexed index="2" regionRef="tr_3"/>
            </OrderedGroup>
        </ReadingOrder>
        <TextRegion orientation="0.0" id="tr_1" custom="readingOrder {index:0;}">
            <Coords points="188,138 188,291 283,291 283,138"/>
            <TextLine id="tr_1_tl_1" custom="readingOrder {index:0;}">
                <Coords points="180,253 210,246 225,253 259,253 263,257 273,247 280,247 278,183 264,186 242,176 226,186 214,179 205,186 196,182 186,191 179,191"/>
                <Baseline points="188,238 219,238 251,239 283,241"/>
                <TextEquiv>
                    <Unicode>8.</Unicode>
                </TextEquiv>
            </TextLine>
            <TextEquiv>
                <Unicode></Unicode>
            </TextEquiv>
        </TextRegion>
        <TextRegion orientation="0.0" id="tr_2" custom="readingOrder {index:1;}">
            <Coords points="247,213 247,3003 1501,3003 1501,213"/>
            <TextLine id="tr_2_tl_1" custom="readingOrder {index:0;}">
                <Coords points="872,264 917,267 943,247 1020,267 1068,243 1110,260 1150,249 1200,273 1286,250 1284,179 1219,180 1184,201 1105,175 1036,205 910,186 871,203"/>
                <Baseline points="880,241 905,241 931,241 956,243 982,244 1007,244 1033,244 1058,244 1084,245 1110,247 1135,247 1161,247 1186,245 1212,244 1237,244 1263,241 1289,238"/>
                <TextEquiv>
                    <Unicode>box 14/4</Unicode>
                </TextEquiv>
            </TextLine>
            <TextLine id="tr_2_tl_2" custom="readingOrder {index:1;}">
                <Coords points="450,271 527,271 567,284 598,268 669,270 686,281 716,274 713,175 671,187 593,170 544,189 520,173 447,196"/>
                <Baseline points="456,247 482,249 508,250 534,248 561,248 587,250 613,250 640,250 666,250 692,254 719,262"/>
                <TextEquiv>
                    <Unicode>wild</Unicode>
                </TextEquiv>
            </TextLine>
            <TextLine id="tr_2_tl_3" custom="readingOrder {index:2;}">
                <Coords points="602,1407 690,1396 776,1409 836,1392 971,1404 971,1316 910,1326 852,1312 729,1340 689,1322 651,1336 604,1325"/>
                <Baseline points="611,1373 637,1370 663,1370 689,1370 715,1370 741,1370 767,1369 793,1367 819,1366 845,1364 871,1364 897,1365 923,1366 949,1366 976,1364"/>
                <TextEquiv>
                    <Unicode>Telephon 12801.</Unicode>
                </TextEquiv>
            </TextLine>
            <TextLine id="tr_2_tl_4" custom="readingOrder {index:3;}">
                <Coords points="239,1473 1325,1459 1302,1389 667,1424 513,1360 359,1428 240,1428"/>
                <Baseline points="247,1462 301,1462 355,1464 409,1462 463,1462 517,1457 571,1453 625,1456 679,1456 733,1456 787,1453 841,1450 895,1450 949,1450 1003,1450 1057,1450 1111,1447 1165,1447 1219,1445 1273,1444 1328,1444"/>
                <TextEquiv>
                    <Unicode>Alex. Weigls Unternehmen für Zeitungs-Ausschnitte</Unicode>
                </TextEquiv>
            </TextLine>
            <TextLine id="tr_2_tl_5" custom="readingOrder {index:4;}">
                <Coords points="435,1600 1059,1581 1159,1530 1143,1470 899,1490 802,1465 440,1509"/>
                <Baseline points="444,1585 479,1580 515,1572 551,1566 587,1564 623,1564 659,1564 694,1562 730,1560 766,1558 802,1558 838,1556 874,1555 910,1554 945,1552 981,1552 1017,1550 1053,1542 1089,1536 1125,1533 1161,1531"/>
                <TextEquiv>
                    <Unicode>SEREN</Unicode>
                </TextEquiv>
            </TextLine>
            <TextLine id="tr_2_tl_6" custom="readingOrder {index:5;}">
                <Coords points="242,1657 1333,1656 1335,1599 243,1616"/>
                <Baseline points="250,1656 304,1656 358,1653 413,1653 467,1651 521,1650 576,1650 630,1647 684,1647 739,1647 793,1644 847,1641 902,1641 956,1641 1010,1639 1065,1638 1119,1638 1173,1638 1228,1638 1282,1638 1337,1635"/>
                <TextEquiv>
                    <Unicode>I. österr. behördl. konz. Bureau für Zeitungsberichte u. Personalnachrichten</Unicode>
                </TextEquiv>
            </TextLine>
            <TextLine id="tr_2_tl_7" custom="readingOrder {index:6;}">
                <Coords points="428,1741 1103,1711 1174,1733 1175,1656 1117,1677 720,1662 581,1694 429,1676"/>
                <Baseline points="435,1719 472,1717 509,1719 546,1722 583,1720 621,1719 658,1718 695,1716 732,1716 769,1716 807,1716 844,1716 881,1715 918,1713 955,1713 993,1710 1030,1710 1067,1710 1104,1709 1141,1707 1179,1707"/>
                <TextEquiv>
                    <Unicode>Wien, I., Concordiaplatz 4.</Unicode>
                </TextEquiv>
            </TextLine>
            <TextLine id="tr_2_tl_8" custom="readingOrder {index:7;}">
                <Coords points="669,1792 704,1782 741,1796 763,1779 799,1787 847,1779 894,1793 929,1780 931,1726 904,1726 872,1750 844,1737 783,1748 743,1732 707,1747 688,1732 671,1734"/>
                <Baseline points="677,1773 702,1773 728,1773 754,1773 779,1773 805,1773 831,1773 856,1772 882,1770 908,1769 934,1767"/>
                <TextEquiv>
                    <Unicode>Vertretungen</Unicode>
                </TextEquiv>
            </TextLine>
            <TextLine id="tr_2_tl_9" custom="readingOrder {index:8;}">
                <Coords points="252,1829 1329,1832 1342,1772 253,1790"/>
                <Baseline points="259,1826 313,1829 367,1829 421,1829 475,1829 530,1826 584,1823 638,1825 692,1823 746,1823 801,1823 855,1820 909,1817 963,1817 1017,1817 1072,1814 1126,1814 1180,1810 1234,1810 1288,1811 1343,1814"/>
                <TextEquiv>
                    <Unicode>in Berlin. Budapest, Chicago, Genf, London, New-York,</Unicode>
                </TextEquiv>
            </TextLine>
            <TextLine id="tr_2_tl_10" custom="readingOrder {index:9;}">
                <Coords points="246,1880 1330,1878 1332,1825 247,1825"/>
                <Baseline points="253,1871 307,1871 361,1871 415,1870 469,1868 523,1868 577,1865 631,1864 685,1862 739,1860 793,1859 847,1859 901,1856 955,1856 1009,1856 1063,1856 1117,1856 1171,1853 1225,1853 1279,1853 1334,1856"/>
                <TextEquiv>
                    <Unicode>Paris, Rom, Mailand, cockholm, Christiania, St. Petersburg.</Unicode>
                </TextEquiv>
            </TextLine>
            <TextLine id="tr_2_tl_11" custom="readingOrder {index:10;}">
                <Coords points="530,1947 630,1926 676,1945 844,1937 908,1916 1066,1947 1068,1873 921,1864 801,1896 771,1871 531,1882"/>
                <Baseline points="537,1919 563,1915 590,1913 616,1913 643,1913 669,1913 696,1911 722,1910 749,1910 775,1910 802,1910 829,1910 855,1910 882,1910 908,1909 935,1907 961,1907 988,1907 1014,1907 1041,1908 1068,1910"/>
                <TextEquiv>
                    <Unicode>(Quellenangabe ohne Gewähr.)</Unicode>
                </TextEquiv>
            </TextLine>
            <TextLine id="tr_2_tl_12" custom="readingOrder {index:11;}">
                <Coords points="252,2043 340,2050 401,2028 664,2045 707,2035 709,1965 672,1950 551,1968 468,1952 394,1998 312,1976 253,1984"/>
                <Baseline points="259,2026 284,2026 309,2023 334,2023 359,2023 384,2023 409,2022 434,2020 459,2020 484,2020 509,2020 534,2020 559,2018 584,2016 609,2015 634,2014 659,2014 684,2014 710,2014"/>
                <TextEquiv>
                    <Unicode>Ausschnitt aus:</Unicode>
                </TextEquiv>
            </TextLine>
            <TextLine id="tr_2_tl_13" custom="readingOrder {index:12;}">
                <Coords points="535,2117 622,2109 662,2145 832,2102 1166,2131 1500,2099 1501,2039 1432,2004 537,2059"/>
                <Baseline points="543,2110 590,2103 638,2099 686,2098 734,2095 782,2095 830,2095 878,2095 926,2095 974,2092 1022,2091 1069,2090 1117,2091 1165,2090 1213,2090 1261,2091 1309,2090 1357,2087 1405,2083 1453,2083 1501,2080"/>
                <TextEquiv>
                    <Unicode>terr. Kronen Zeitung, Wien</Unicode>
                </TextEquiv>
            </TextLine>
            <TextLine id="tr_2_tl_14" custom="readingOrder {index:13;}">
                <Coords points="260,2135 278,2141 295,2134 316,2141 328,2133 354,2140 363,2134 370,2142 414,2140 415,2092 379,2098 351,2085 320,2099 307,2088 285,2085 261,2095"/>
                <Baseline points="268,2131 297,2129 327,2131 357,2131 387,2130 417,2128"/>
                <TextEquiv>
                    <Unicode>vom</Unicode>
                </TextEquiv>
            </TextLine>
            <TextLine id="tr_2_tl_15" custom="readingOrder {index:14;}">
                <Coords points="444,2149 461,2149 482,2163 517,2154 530,2162 542,2156 556,2166 584,2166 608,2152 627,2155 629,2099 594,2103 562,2126 542,2123 511,2133 491,2121 478,2127 460,2109 446,2106"/>
                <Baseline points="453,2137 478,2140 504,2143 529,2143 555,2142 580,2141 606,2139 632,2137"/>
                <TextEquiv>
                    <Unicode></Unicode>
                </TextEquiv>
            </TextLine>
            <TextLine id="tr_2_tl_16" custom="readingOrder {index:15;}">
                <Coords points="404,2229 1486,2218 1486,2147 1442,2135 1174,2124 917,2188 482,2165 404,2123"/>
                <Baseline points="411,2212 464,2209 518,2208 572,2208 626,2209 680,2209 734,2212 788,2209 842,2207 896,2206 950,2206 1003,2206 1057,2206 1111,2206 1165,2206 1219,2203 1273,2203 1327,2203 1381,2203 1435,2201 1489,2200"/>
                <TextEquiv>
                    <Unicode>Im Deutschen Volkstheater wurde</Unicode>
                </TextEquiv>
            </TextLine>
            <TextLine id="tr_2_tl_17" custom="readingOrder {index:16;}">
                <Coords points="379,2271 1486,2257 1486,2218 1333,2202 380,2212"/>
                <Baseline points="388,2265 443,2260 498,2259 553,2259 608,2258 663,2258 718,2257 773,2256 828,2255 883,2254 938,2256 993,2253 1048,2256 1103,2255 1158,2253 1213,2253 1268,2250 1323,2246 1378,2246 1433,2247 1489,2247"/>
                <TextEquiv>
                    <Unicode>gestern das dreiaktige Schauspiel „Freiwild“ von</Unicode>
                </TextEquiv>
            </TextLine>
            <TextLine id="tr_2_tl_18" custom="readingOrder {index:17;}">
                <Coords points="390,2316 1458,2316 1480,2268 391,2270"/>
                <Baseline points="397,2307 451,2307 505,2307 559,2306 614,2306 668,2307 722,2307 777,2304 831,2304 885,2304 940,2304 994,2304 1048,2301 1102,2301 1157,2301 1211,2301 1265,2298 1320,2298 1374,2296 1428,2295 1483,2295"/>
                <TextEquiv>
                    <Unicode>Artur Schnitzler zum erstenmale aufgeführt. Man</Unicode>
                </TextEquiv>
            </TextLine>
            <TextLine id="tr_2_tl_19" custom="readingOrder {index:18;}">
                <Coords points="383,2358 1486,2367 1486,2306 383,2316"/>
                <Baseline points="391,2355 445,2355 500,2355 555,2355 610,2355 665,2355 720,2353 775,2355 830,2353 885,2353 940,2352 994,2352 1049,2349 1104,2349 1159,2349 1214,2352 1269,2349 1324,2346 1379,2346 1434,2346 1489,2346"/>
                <TextEquiv>
                    <Unicode>kennt das Stück von einer vor mehreren Jahren im</Unicode>
                </TextEquiv>
            </TextLine>
            <TextLine id="tr_2_tl_20" custom="readingOrder {index:19;}">
                <Coords points="393,2418 1477,2409 1430,2351 1280,2383 393,2363"/>
                <Baseline points="400,2406 454,2405 508,2406 562,2403 616,2403 670,2403 724,2403 778,2403 832,2403 886,2400 940,2400 994,2400 1048,2400 1102,2397 1156,2398 1210,2400 1264,2398 1318,2397 1372,2395 1426,2392 1480,2391"/>
                <TextEquiv>
                    <Unicode>Carltheater stattgehabten Aufführung. Direktor</Unicode>
                </TextEquiv>
            </TextLine>
            <TextLine id="tr_2_tl_21" custom="readingOrder {index:20;}">
                <Coords points="383,2469 1486,2444 1486,2412 1365,2402 511,2425 383,2395"/>
                <Baseline points="391,2450 445,2452 500,2453 555,2450 610,2452 665,2450 720,2450 775,2450 830,2449 885,2447 940,2445 994,2444 1049,2446 1104,2444 1159,2444 1214,2444 1269,2444 1324,2441 1379,2441 1434,2439 1489,2441"/>
                <TextEquiv>
                    <Unicode>Bukovics hat ein paar kräftige Striche vorge¬</Unicode>
                </TextEquiv>
            </TextLine>
            <TextLine id="tr_2_tl_22" custom="readingOrder {index:21;}">
                <Coords points="390,2514 1449,2510 1487,2455 391,2472"/>
                <Baseline points="397,2501 451,2501 506,2504 560,2503 615,2501 670,2501 724,2498 779,2498 833,2498 888,2498 943,2498 997,2495 1052,2495 1106,2495 1161,2493 1216,2492 1270,2492 1325,2491 1379,2489 1434,2489 1489,2486"/>
                <TextEquiv>
                    <Unicode>nommen, trotzdem sind aber noch immer genug Stellen</Unicode>
                </TextEquiv>
            </TextLine>
            <TextLine id="tr_2_tl_23" custom="readingOrder {index:22;}">
                <Coords points="393,2557 1396,2566 1477,2548 1479,2506 393,2514"/>
                <Baseline points="400,2549 454,2549 508,2549 562,2549 616,2549 670,2549 724,2549 778,2547 832,2549 886,2547 940,2546 994,2546 1048,2545 1102,2543 1156,2543 1210,2543 1264,2540 1318,2540 1372,2538 1426,2537 1480,2534"/>
                <TextEquiv>
                    <Unicode>übrig geblieben, welche tendenziösen und demonstra¬</Unicode>
                </TextEquiv>
            </TextLine>
            <TextLine id="tr_2_tl_24" custom="readingOrder {index:23;}">
                <Coords points="383,2606 1480,2605 1465,2543 383,2569"/>
                <Baseline points="391,2597 445,2597 500,2597 554,2597 609,2597 664,2597 718,2597 773,2597 827,2597 882,2595 937,2594 991,2594 1046,2593 1100,2591 1155,2591 1210,2591 1264,2591 1319,2588 1373,2588 1428,2588 1483,2588"/>
                <TextEquiv>
                    <Unicode>tiven Beifall erweckten. Gespielt wurde nicht so gut,</Unicode>
                </TextEquiv>
            </TextLine>
            <TextLine id="tr_2_tl_25" custom="readingOrder {index:24;}">
                <Coords points="390,2651 1486,2650 1486,2602 1431,2597 390,2611"/>
                <Baseline points="397,2644 451,2644 506,2644 560,2644 615,2644 670,2644 724,2644 779,2641 833,2644 888,2642 943,2643 997,2641 1052,2640 1106,2639 1161,2639 1216,2638 1270,2638 1325,2635 1379,2633 1434,2634 1489,2629"/>
                <TextEquiv>
                    <Unicode>als man es an dieser Bühne gewöhnt ist. Es ereignete</Unicode>
                </TextEquiv>
            </TextLine>
            <TextLine id="tr_2_tl_26" custom="readingOrder {index:25;}">
                <Coords points="394,2707 1486,2704 1486,2648 1431,2640 394,2657"/>
                <Baseline points="402,2695 456,2692 510,2695 565,2693 619,2693 673,2692 728,2695 782,2695 836,2694 891,2692 945,2692 999,2692 1054,2689 1108,2688 1162,2688 1217,2686 1271,2686 1325,2686 1380,2684 1434,2683 1489,2680"/>
                <TextEquiv>
                    <Unicode>sich der leider nicht allzu seltene Fall, daß österreichische</Unicode>
                </TextEquiv>
            </TextLine>
            <TextLine id="tr_2_tl_27" custom="readingOrder {index:26;}">
                <Coords points="393,2753 1425,2756 1477,2704 394,2707"/>
                <Baseline points="400,2743 454,2740 508,2743 562,2743 616,2743 670,2743 724,2740 778,2742 832,2740 886,2740 940,2740 994,2740 1048,2737 1102,2737 1156,2737 1210,2737 1264,2735 1318,2736 1372,2734 1426,2734 1480,2728"/>
                <TextEquiv>
                    <Unicode>Typen an einer Wiener Bühne nicht gut zur Dar¬</Unicode>
                </TextEquiv>
            </TextLine>
            <TextLine id="tr_2_tl_28" custom="readingOrder {index:27;}">
                <Coords points="390,2810 1428,2803 1480,2799 1481,2750 390,2756"/>
                <Baseline points="397,2791 451,2791 505,2791 559,2794 614,2792 668,2791 722,2788 777,2791 831,2791 885,2791 940,2788 994,2788 1048,2787 1102,2785 1157,2785 1211,2785 1265,2785 1320,2782 1374,2780 1428,2779 1483,2779"/>
                <TextEquiv>
                    <Unicode>stellung gelangen. Immerhin boten die Herren</Unicode>
                </TextEquiv>
            </TextLine>
            <TextLine id="tr_2_tl_29" custom="readingOrder {index:28;}">
                <Coords points="393,2855 1480,2837 1480,2799 1343,2784 394,2806"/>
                <Baseline points="402,2841 456,2841 510,2840 564,2839 618,2839 672,2841 726,2838 780,2838 834,2838 888,2838 942,2835 996,2835 1050,2835 1104,2835 1158,2833 1212,2832 1266,2832 1320,2831 1374,2829 1428,2829 1483,2829"/>
                <TextEquiv>
                    <Unicode>Kramer, Jensen und Tewele gute Leistungen.</Unicode>
                </TextEquiv>
            </TextLine>
            <TextLine id="tr_2_tl_30" custom="readingOrder {index:29;}">
                <Coords points="391,2901 1483,2891 1432,2836 393,2854"/>
                <Baseline points="400,2892 454,2889 508,2889 562,2886 617,2886 671,2886 725,2886 780,2886 834,2886 888,2886 943,2883 997,2883 1051,2882 1105,2881 1160,2881 1214,2880 1268,2880 1323,2880 1377,2878 1431,2877 1486,2874"/>
                <TextEquiv>
                    <Unicode>Fräulein Erl war jedoch ganz unzureichend. Der</Unicode>
                </TextEquiv>
            </TextLine>
            <TextLine id="tr_2_tl_31" custom="readingOrder {index:30;}">
                <Coords points="383,2935 1486,2960 1486,2896 1379,2880 383,2898"/>
                <Baseline points="391,2934 445,2937 500,2937 555,2937 610,2937 665,2937 720,2937 775,2934 830,2935 885,2935 940,2934 994,2934 1049,2934 1104,2933 1159,2931 1214,2931 1269,2931 1324,2928 1379,2928 1434,2926 1489,2925"/>
                <TextEquiv>
                    <Unicode>Autor konnte nach dem zweiten Akte vor der Rampe</Unicode>
                </TextEquiv>
            </TextLine>
            <TextLine id="tr_2_tl_32" custom="readingOrder {index:31;}">
                <Coords points="380,3019 395,3027 450,3017 461,3028 503,3019 544,3021 553,3030 609,3028 611,2959 463,2945 380,2970"/>
                <Baseline points="388,2991 413,2988 438,2988 463,2986 488,2985 513,2985 538,2985 563,2985 588,2985 614,2985"/>
                <TextEquiv>
                    <Unicode>erscheinen.</Unicode>
                </TextEquiv>
            </TextLine>
            <TextEquiv>
                <Unicode></Unicode>
            </TextEquiv>
        </TextRegion>
        <TextRegion orientation="0.0" id="tr_3" custom="readingOrder {index:2;}">
            <Coords points="1895,571 1895,3978 3012,3978 3012,571"/>
            <TextLine id="tr_3_tl_1" custom="readingOrder {index:0;}">
                <Coords points="2243,632 2597,632 2650,614 2650,545 2518,562 2437,532 2415,548 2307,530 2243,544"/>
                <Baseline points="2250,594 2275,594 2300,594 2325,594 2350,595 2375,596 2401,596 2426,594 2451,594 2476,594 2501,594 2527,595 2552,596 2577,597 2602,597 2627,596 2653,594"/>
                <TextEquiv>
                    <Unicode></Unicode>
                </TextEquiv>
            </TextLine>
            <TextLine id="tr_3_tl_2" custom="readingOrder {index:1;}">
                <Coords points="1887,682 2975,699 2975,641 2865,609 2369,647 1887,622"/>
                <Baseline points="1895,677 1949,678 2003,679 2057,677 2111,677 2166,677 2220,678 2274,680 2328,680 2382,680 2437,680 2491,678 2545,680 2599,680 2653,683 2708,680 2762,680 2816,678 2870,679 2924,680 2979,680"/>
                <TextEquiv>
                    <Unicode>Alex. Weigls Unternehmen für Zeitungs-Ausschnitte</Unicode>
                </TextEquiv>
            </TextLine>
            <TextLine id="tr_3_tl_3" custom="readingOrder {index:2;}">
                <Coords points="2078,819 2581,798 2750,823 2805,804 2809,713 2229,689 2079,753"/>
                <Baseline points="2086,805 2122,799 2158,793 2194,787 2230,785 2266,785 2302,785 2339,785 2375,785 2411,785 2447,785 2483,783 2519,782 2555,782 2592,782 2628,779 2664,781 2700,777 2736,771 2772,766 2809,764"/>
                <TextEquiv>
                    <Unicode>E</Unicode>
                </TextEquiv>
            </TextLine>
            <TextLine id="tr_3_tl_4" custom="readingOrder {index:3;}">
                <Coords points="1887,892 2975,896 2975,826 2831,808 1887,819"/>
                <Baseline points="1895,868 1949,868 2003,869 2057,869 2111,870 2166,871 2220,870 2274,868 2328,868 2382,868 2437,868 2491,868 2545,868 2599,868 2653,871 2708,871 2762,871 2816,871 2870,871 2924,871 2979,874"/>
                <TextEquiv>
                    <Unicode>I. österr. behördl. konz. Bureau für Zeitungsberichte u. Personalnachrichten</Unicode>
                </TextEquiv>
            </TextLine>
            <TextLine id="tr_3_tl_5" custom="readingOrder {index:4;}">
                <Coords points="2072,959 2671,967 2753,938 2812,963 2812,903 2742,886 2072,892"/>
                <Baseline points="2080,937 2116,935 2153,936 2190,937 2227,938 2263,940 2300,940 2337,938 2374,937 2410,937 2447,937 2484,937 2521,937 2557,939 2594,939 2631,937 2668,937 2704,937 2741,937 2778,937 2815,937"/>
                <TextEquiv>
                    <Unicode>Wien, I., Concordiaplatz 4.</Unicode>
                </TextEquiv>
            </TextLine>
            <TextLine id="tr_3_tl_6" custom="readingOrder {index:5;}">
                <Coords points="2306,1006 2370,1003 2393,1019 2436,1005 2488,1016 2566,1006 2566,956 2529,952 2490,970 2462,970 2416,950 2355,964 2306,960"/>
                <Baseline points="2313,994 2338,994 2364,994 2390,996 2415,996 2441,994 2467,994 2492,994 2518,996 2544,997 2570,997"/>
                <TextEquiv>
                    <Unicode>Vertretungen</Unicode>
                </TextEquiv>
            </TextLine>
            <TextLine id="tr_3_tl_7" custom="readingOrder {index:6;}">
                <Coords points="1887,1048 2978,1070 2978,1010 2880,978 2288,1024 1887,994"/>
                <Baseline points="1895,1035 1949,1042 2003,1044 2058,1044 2112,1044 2166,1044 2221,1044 2275,1044 2329,1044 2384,1044 2438,1044 2492,1043 2547,1043 2601,1044 2655,1044 2710,1044 2764,1043 2818,1043 2873,1044 2927,1044 2982,1047"/>
                <TextEquiv>
                    <Unicode>in Berlin, Budapest, Chicago, Genf, London, New-York,</Unicode>
                </TextEquiv>
            </TextLine>
            <TextLine id="tr_3_tl_8" custom="readingOrder {index:7;}">
                <Coords points="1891,1105 2970,1107 2970,1065 2854,1045 1891,1048"/>
                <Baseline points="1898,1083 1951,1083 2005,1084 2059,1084 2113,1083 2166,1083 2220,1083 2274,1083 2328,1083 2381,1083 2435,1083 2489,1081 2543,1083 2596,1083 2650,1083 2704,1083 2758,1084 2811,1086 2865,1086 2919,1086 2973,1089"/>
                <TextEquiv>
                    <Unicode>Paris, Rom, Mailand, Stockholm, Christiania, St. Petersburg.</Unicode>
                </TextEquiv>
            </TextLine>
            <TextLine id="tr_3_tl_9" custom="readingOrder {index:8;}">
                <Coords points="2162,1145 2440,1167 2573,1140 2598,1163 2707,1166 2707,1103 2676,1093 2162,1105"/>
                <Baseline points="2170,1134 2197,1132 2224,1131 2251,1131 2278,1131 2305,1131 2332,1131 2359,1131 2386,1131 2413,1131 2440,1131 2467,1131 2494,1131 2521,1131 2548,1131 2575,1131 2602,1133 2629,1133 2656,1131 2683,1132 2710,1134"/>
                <TextEquiv>
                    <Unicode>(Quellenangabe ohne Gewähr.)</Unicode>
                </TextEquiv>
            </TextLine>
            <TextLine id="tr_3_tl_10" custom="readingOrder {index:9;}">
                <Coords points="1888,1256 2284,1242 2409,1321 2522,1284 3013,1333 3006,1227 2261,1168 1884,1186"/>
                <Baseline points="1895,1235 1950,1235 2006,1235 2062,1235 2118,1235 2174,1235 2230,1236 2285,1243 2341,1253 2397,1255 2453,1261 2509,1262 2565,1266 2621,1271 2676,1273 2732,1279 2788,1280 2844,1284 2900,1289 2956,1297 3012,1301"/>
                <TextEquiv>
                    <Unicode>Ausschnitt aussener Morgen Zeitung</Unicode>
                </TextEquiv>
            </TextLine>
            <TextLine id="tr_3_tl_11" custom="readingOrder {index:10;}">
                <Coords points="2172,1314 2204,1309 2228,1329 2260,1325 2275,1333 2299,1319 2317,1329 2331,1319 2373,1314 2373,1255 2344,1269 2288,1242 2271,1256 2253,1256 2221,1240 2172,1266"/>
                <Baseline points="2179,1307 2207,1304 2235,1304 2263,1305 2291,1307 2319,1307 2347,1305 2376,1301"/>
                <TextEquiv>
                    <Unicode>9</Unicode>
                </TextEquiv>
            </TextLine>
            <TextLine id="tr_3_tl_12" custom="readingOrder {index:11;}">
                <Coords points="1894,1354 1908,1356 1929,1346 1951,1358 1987,1357 1998,1349 2032,1354 2053,1347 2052,1302 2022,1305 1993,1295 1983,1307 1975,1300 1955,1311 1910,1305 1892,1309"/>
                <Baseline points="1901,1337 1926,1340 1952,1343 1978,1343 2004,1343 2030,1343 2056,1343"/>
                <TextEquiv>
                    <Unicode>vom</Unicode>
                </TextEquiv>
            </TextLine>
            <TextLine id="tr_3_tl_13" custom="readingOrder {index:12;}">
                <Coords points="1889,1463 2886,1427 2887,1382 2725,1370 2490,1411 1892,1400"/>
                <Baseline points="1898,1453 1947,1452 1997,1447 2046,1447 2096,1447 2145,1446 2195,1442 2244,1441 2294,1441 2343,1441 2393,1438 2443,1438 2492,1435 2542,1435 2591,1434 2641,1432 2690,1432 2740,1430 2789,1429 2839,1426 2889,1420"/>
                <TextEquiv>
                    <Unicode>(Deutsches Volkstheater.) Arthur Schnitzlers</Unicode>
                </TextEquiv>
            </TextLine>
            <TextLine id="tr_3_tl_14" custom="readingOrder {index:13;}">
                <Coords points="1895,1516 2879,1490 2889,1425 1896,1479"/>
                <Baseline points="1904,1495 1953,1495 2002,1498 2051,1497 2101,1495 2150,1494 2199,1490 2248,1491 2298,1490 2347,1489 2396,1489 2445,1491 2495,1485 2544,1483 2593,1482 2642,1480 2692,1478 2741,1477 2790,1477 2839,1474 2889,1471"/>
                <TextEquiv>
                    <Unicode>Schauspiel in drei Aufzügen „Freiwild, das vor</Unicode>
                </TextEquiv>
            </TextLine>
            <TextLine id="tr_3_tl_15" custom="readingOrder {index:14;}">
                <Coords points="1899,1565 2884,1539 2861,1481 1901,1515"/>
                <Baseline points="1907,1549 1956,1549 2005,1548 2054,1546 2103,1545 2152,1541 2201,1540 2250,1538 2299,1539 2348,1537 2398,1537 2447,1534 2496,1534 2545,1533 2594,1531 2643,1531 2692,1529 2741,1528 2790,1526 2839,1525 2889,1519"/>
                <TextEquiv>
                    <Unicode>neun Jahren am Carl-Theater mit starker Wirkung gegeben</Unicode>
                </TextEquiv>
            </TextLine>
            <TextLine id="tr_3_tl_16" custom="readingOrder {index:15;}">
                <Coords points="1892,1610 2891,1593 2893,1534 2862,1530 1894,1562"/>
                <Baseline points="1901,1597 1950,1597 2000,1594 2050,1594 2099,1593 2149,1591 2199,1590 2248,1588 2298,1586 2348,1585 2398,1585 2447,1585 2497,1582 2547,1582 2596,1581 2646,1579 2696,1579 2745,1577 2795,1574 2845,1573 2895,1576"/>
                <TextEquiv>
                    <Unicode>wurde, erschien nun im Deutschen Volkstheater. Der Erfolg</Unicode>
                </TextEquiv>
            </TextLine>
            <TextLine id="tr_3_tl_17" custom="readingOrder {index:16;}">
                <Coords points="1896,1659 2896,1631 2851,1578 1898,1609"/>
                <Baseline points="1904,1647 1953,1644 2003,1644 2053,1641 2103,1640 2153,1638 2203,1637 2252,1635 2302,1635 2352,1635 2402,1632 2452,1632 2502,1632 2552,1629 2601,1628 2651,1626 2701,1624 2751,1623 2801,1621 2851,1620 2901,1617"/>
                <TextEquiv>
                    <Unicode>ist dem Stücke, das Glanz und Frische behalten hat, treu</Unicode>
                </TextEquiv>
            </TextLine>
            <TextLine id="tr_3_tl_18" custom="readingOrder {index:17;}">
                <Coords points="1895,1711 2722,1691 2889,1673 2890,1632 1896,1659"/>
                <Baseline points="1904,1701 1953,1695 2002,1692 2052,1691 2101,1689 2151,1688 2200,1686 2249,1686 2299,1686 2348,1683 2398,1683 2447,1680 2496,1677 2546,1677 2595,1676 2645,1674 2694,1674 2743,1674 2793,1672 2842,1668 2892,1668"/>
                <TextEquiv>
                    <Unicode>geblieben. Die zahlreichen Vorzüge des Dramas haben wir</Unicode>
                </TextEquiv>
            </TextLine>
            <TextLine id="tr_3_tl_19" custom="readingOrder {index:18;}">
                <Coords points="1905,1759 2810,1737 2894,1723 2896,1674 1906,1713"/>
                <Baseline points="1913,1746 1962,1743 2011,1739 2060,1737 2110,1737 2159,1737 2208,1735 2257,1734 2307,1732 2356,1731 2405,1728 2454,1728 2504,1728 2553,1727 2602,1725 2651,1724 2701,1722 2750,1722 2799,1722 2848,1719 2898,1713"/>
                <TextEquiv>
                    <Unicode>seinerzeit in einem Feuilleton ausführlich gewürdigt. „Frei¬</Unicode>
                </TextEquiv>
            </TextLine>
            <TextLine id="tr_3_tl_20" custom="readingOrder {index:19;}">
                <Coords points="1902,1796 2824,1789 2891,1782 2893,1725 1903,1755"/>
                <Baseline points="1910,1791 1959,1791 2008,1790 2057,1788 2107,1787 2156,1784 2205,1784 2254,1783 2304,1782 2353,1782 2402,1779 2451,1776 2501,1775 2550,1774 2599,1775 2648,1773 2698,1771 2747,1768 2796,1767 2845,1767 2895,1764"/>
                <TextEquiv>
                    <Unicode>wild zählt zu den theatralisch kräftigsten Schöpfungen des</Unicode>
                </TextEquiv>
            </TextLine>
            <TextLine id="tr_3_tl_21" custom="readingOrder {index:20;}">
                <Coords points="1908,1856 2756,1843 2897,1817 2898,1780 1909,1800"/>
                <Baseline points="1916,1838 1965,1838 2014,1837 2063,1834 2113,1832 2162,1832 2211,1832 2260,1828 2310,1828 2359,1829 2408,1826 2457,1826 2507,1823 2556,1823 2605,1822 2654,1820 2704,1818 2753,1817 2802,1817 2851,1814 2901,1811"/>
                <TextEquiv>
                    <Unicode>Dichters. Das Schauspiel behandelt bekanntlich die Duell¬</Unicode>
                </TextEquiv>
            </TextLine>
            <TextLine id="tr_3_tl_22" custom="readingOrder {index:21;}">
                <Coords points="1909,1908 2877,1885 2910,1820 1910,1853"/>
                <Baseline points="1916,1889 1965,1886 2015,1886 2065,1886 2114,1883 2164,1882 2214,1880 2263,1880 2313,1878 2363,1877 2413,1877 2462,1874 2512,1874 2562,1871 2611,1871 2661,1870 2711,1866 2760,1865 2810,1863 2860,1862 2910,1859"/>
                <TextEquiv>
                    <Unicode>frage, doch wird hier die These ins Menschliche vertieft. Es</Unicode>
                </TextEquiv>
            </TextLine>
            <TextLine id="tr_3_tl_23" custom="readingOrder {index:22;}">
                <Coords points="1909,1952 2827,1929 2904,1916 2905,1877 1910,1909"/>
                <Baseline points="1916,1937 1965,1937 2015,1936 2064,1932 2114,1933 2163,1931 2213,1928 2262,1925 2312,1925 2361,1925 2411,1925 2461,1922 2510,1922 2560,1919 2609,1919 2659,1918 2708,1916 2758,1914 2807,1913 2857,1910 2907,1907"/>
                <TextEquiv>
                    <Unicode>erhebt sich hoch über die Tendenzstücke, in denen</Unicode>
                </TextEquiv>
            </TextLine>
            <TextLine id="tr_3_tl_24" custom="readingOrder {index:23;}">
                <Coords points="1909,1994 2907,1968 2897,1916 1910,1951"/>
                <Baseline points="1916,1985 1965,1985 2015,1985 2065,1982 2114,1978 2164,1976 2214,1976 2263,1976 2313,1974 2363,1973 2413,1973 2462,1970 2512,1970 2562,1969 2611,1967 2661,1967 2711,1965 2760,1962 2810,1961 2860,1958 2910,1958"/>
                <TextEquiv>
                    <Unicode>die Autoren mit Theaterbomben anmutig jonglierten.</Unicode>
                </TextEquiv>
            </TextLine>
            <TextLine id="tr_3_tl_25" custom="readingOrder {index:24;}">
                <Coords points="1905,2036 2873,2043 2918,2035 2919,1965 1905,1998"/>
                <Baseline points="1913,2029 1963,2031 2013,2030 2064,2032 2114,2029 2165,2026 2215,2025 2266,2023 2316,2023 2367,2023 2417,2021 2467,2020 2518,2020 2568,2017 2619,2017 2669,2016 2720,2014 2770,2012 2821,2011 2871,2009 2922,2011"/>
                <TextEquiv>
                    <Unicode>Schnitzler packt das Problem mit künstlerischer Objektivität</Unicode>
                </TextEquiv>
            </TextLine>
            <TextLine id="tr_3_tl_26" custom="readingOrder {index:25;}">
                <Coords points="1944,2187 2946,2181 2947,2092 2915,2088 1947,2114"/>
                <Baseline points="1952,2185 2001,2185 2051,2182 2101,2182 2151,2181 2201,2179 2251,2178 2300,2176 2350,2176 2400,2176 2450,2173 2500,2173 2550,2173 2600,2170 2649,2170 2699,2169 2749,2167 2799,2165 2849,2164 2899,2164 2949,2161"/>
                <TextEquiv>
                    <Unicode>a de de de des die und der in</Unicode>
                </TextEquiv>
            </TextLine>
            <TextLine id="tr_3_tl_27" custom="readingOrder {index:26;}">
                <Coords points="1951,2243 2943,2222 2943,2165 1952,2200"/>
                <Baseline points="1958,2232 2007,2232 2056,2229 2106,2228 2155,2226 2205,2226 2254,2226 2303,2226 2353,2224 2402,2223 2452,2220 2501,2220 2550,2220 2600,2217 2649,2217 2699,2216 2748,2214 2797,2214 2847,2212 2896,2212 2946,2212"/>
                <TextEquiv>
                    <Unicode>ist unendlich wertvoller, als die lärmende literarische Rück</Unicode>
                </TextEquiv>
            </TextLine>
            <TextLine id="tr_3_tl_28" custom="readingOrder {index:27;}">
                <Coords points="1954,2299 2947,2284 2949,2226 1955,2243"/>
                <Baseline points="1961,2283 2010,2280 2060,2280 2109,2277 2159,2276 2208,2274 2258,2274 2307,2272 2357,2271 2406,2269 2456,2271 2506,2265 2555,2265 2605,2265 2654,2265 2704,2264 2753,2262 2803,2262 2852,2260 2902,2259 2952,2256"/>
                <TextEquiv>
                    <Unicode>sichtslosigkeit. Heutzutage sind schon die gewöhnlichsten</Unicode>
                </TextEquiv>
            </TextLine>
            <TextLine id="tr_3_tl_29" custom="readingOrder {index:28;}">
                <Coords points="1951,2341 2898,2331 2952,2286 1951,2296"/>
                <Baseline points="1958,2328 2007,2328 2057,2328 2107,2325 2157,2324 2207,2322 2257,2323 2306,2323 2356,2320 2406,2319 2456,2319 2506,2316 2556,2313 2606,2313 2655,2312 2705,2310 2755,2310 2805,2310 2855,2308 2905,2304 2955,2304"/>
                <TextEquiv>
                    <Unicode>Tendenzspekulanten „unerschrocken". Selbst wenn Schnitzler</Unicode>
                </TextEquiv>
            </TextLine>
            <TextLine id="tr_3_tl_30" custom="readingOrder {index:29;}">
                <Coords points="1951,2388 2861,2376 2950,2369 2952,2316 1952,2341"/>
                <Baseline points="1958,2376 2007,2376 2057,2376 2107,2373 2157,2372 2207,2370 2257,2370 2306,2370 2356,2368 2406,2367 2456,2364 2506,2364 2556,2364 2606,2363 2655,2361 2705,2361 2755,2359 2805,2358 2855,2358 2905,2355 2955,2352"/>
                <TextEquiv>
                    <Unicode>ein echtes Bühnenwerk mit regelrechten Ausprall und</Unicode>
                </TextEquiv>
            </TextLine>
            <TextLine id="tr_3_tl_31" custom="readingOrder {index:30;}">
                <Coords points="1959,2448 2959,2415 2960,2366 2831,2362 1961,2394"/>
                <Baseline points="1967,2423 2016,2423 2066,2423 2116,2423 2166,2420 2216,2420 2266,2419 2315,2417 2365,2415 2415,2414 2465,2412 2515,2412 2565,2412 2615,2411 2664,2409 2714,2409 2764,2407 2814,2406 2864,2404 2914,2403 2964,2403"/>
                <TextEquiv>
                    <Unicode>sonstigen Theatermitteln schreibt, so blinzelt doch aus dem</Unicode>
                </TextEquiv>
            </TextLine>
            <TextLine id="tr_3_tl_32" custom="readingOrder {index:31;}">
                <Coords points="1956,2482 2945,2474 2957,2420 1956,2446"/>
                <Baseline points="1964,2474 2013,2474 2063,2471 2113,2471 2163,2470 2213,2468 2263,2467 2312,2465 2362,2465 2412,2465 2462,2462 2512,2462 2562,2462 2612,2459 2661,2459 2711,2458 2761,2454 2811,2453 2861,2453 2911,2450 2961,2444"/>
                <TextEquiv>
                    <Unicode>Dickicht der Szenen stets ein Dichterange hervor. Er sieht</Unicode>
                </TextEquiv>
            </TextLine>
            <TextLine id="tr_3_tl_33" custom="readingOrder {index:32;}">
                <Coords points="1954,2532 2959,2524 2960,2472 2833,2462 1955,2482"/>
                <Baseline points="1961,2522 2011,2520 2061,2519 2111,2519 2161,2516 2211,2516 2261,2516 2312,2515 2362,2513 2412,2513 2462,2513 2512,2510 2562,2507 2612,2507 2663,2506 2713,2504 2763,2502 2813,2501 2863,2501 2913,2501 2964,2498"/>
                <TextEquiv>
                    <Unicode>dem Leben scharf ins Antlitz, sein Blick haftet nicht am</Unicode>
                </TextEquiv>
            </TextLine>
            <TextLine id="tr_3_tl_34" custom="readingOrder {index:33;}">
                <Coords points="1959,2581 2959,2571 2935,2513 2855,2538 2778,2507 1961,2548"/>
                <Baseline points="1967,2573 2016,2570 2066,2567 2116,2567 2165,2564 2215,2563 2265,2562 2314,2562 2364,2561 2414,2561 2464,2561 2513,2558 2563,2558 2613,2555 2662,2555 2712,2554 2762,2552 2811,2550 2861,2549 2911,2549 2961,2546"/>
                <TextEquiv>
                    <Unicode>„Milien“. Und so war man auch gestern vom ersten</Unicode>
                </TextEquiv>
            </TextLine>
            <TextLine id="tr_3_tl_35" custom="readingOrder {index:34;}">
                <Coords points="1959,2637 2960,2612 2960,2571 2889,2557 1961,2585"/>
                <Baseline points="1967,2614 2016,2614 2066,2614 2116,2614 2166,2612 2216,2612 2266,2612 2315,2610 2365,2607 2415,2608 2465,2606 2515,2606 2565,2606 2615,2606 2664,2605 2714,2602 2764,2600 2814,2598 2864,2597 2914,2597 2964,2597"/>
                <TextEquiv>
                    <Unicode>Augenblick an gefesselt und blieb es den ganzen Abend.</Unicode>
                </TextEquiv>
            </TextLine>
            <TextLine id="tr_3_tl_36" custom="readingOrder {index:35;}">
                <Coords points="1965,2685 2967,2657 2952,2615 2865,2608 1966,2640"/>
                <Baseline points="1973,2668 2022,2665 2072,2662 2122,2665 2172,2661 2222,2659 2272,2659 2321,2657 2371,2656 2421,2656 2471,2656 2521,2653 2571,2653 2621,2652 2670,2651 2720,2652 2770,2648 2820,2647 2870,2645 2920,2647 2970,2644"/>
                <TextEquiv>
                    <Unicode>Jeder kennt die Menschen Schnitzlers, den einen von</Unicode>
                </TextEquiv>
            </TextLine>
            <TextLine id="tr_3_tl_37" custom="readingOrder {index:36;}">
                <Coords points="1962,2728 2957,2710 2957,2664 2862,2648 1963,2682"/>
                <Baseline points="1970,2716 2019,2713 2069,2713 2118,2710 2168,2710 2217,2709 2267,2707 2316,2707 2366,2707 2415,2707 2465,2704 2515,2704 2564,2704 2614,2700 2663,2698 2713,2698 2762,2696 2812,2695 2861,2693 2911,2692 2961,2695"/>
                <TextEquiv>
                    <Unicode>der Straße, mit dem anderen ist er befreundet, in dem</Unicode>
                </TextEquiv>
            </TextLine>
            <TextLine id="tr_3_tl_38" custom="readingOrder {index:37;}">
                <Coords points="1962,2773 2968,2757 2922,2700 1963,2729"/>
                <Baseline points="1970,2764 2020,2761 2070,2761 2120,2761 2170,2761 2220,2758 2270,2757 2320,2754 2370,2754 2420,2755 2470,2752 2520,2752 2570,2752 2620,2749 2670,2748 2720,2746 2770,2746 2820,2744 2870,2743 2920,2743 2970,2746"/>
                <TextEquiv>
                    <Unicode>dritten findet er sich. Alle Figuren aber sprühen förmlich</Unicode>
                </TextEquiv>
            </TextLine>
            <TextLine id="tr_3_tl_39" custom="readingOrder {index:38;}">
                <Coords points="1956,2834 2956,2801 2926,2745 1958,2767"/>
                <Baseline points="1964,2809 2013,2809 2063,2809 2113,2809 2162,2808 2212,2806 2262,2805 2311,2803 2361,2803 2411,2803 2461,2806 2510,2803 2560,2800 2610,2799 2659,2797 2709,2796 2759,2794 2808,2792 2858,2791 2908,2791 2958,2797"/>
                <TextEquiv>
                    <Unicode>von Echtheit, sie haben Kopf, Herz und Nerven. Die Dar¬</Unicode>
                </TextEquiv>
            </TextLine>
            <TextLine id="tr_3_tl_40" custom="readingOrder {index:39;}">
                <Coords points="1963,2875 2967,2838 2940,2799 1965,2830"/>
                <Baseline points="1973,2862 2022,2856 2072,2856 2122,2856 2172,2855 2222,2853 2272,2852 2321,2850 2371,2850 2421,2850 2471,2847 2521,2850 2571,2850 2621,2846 2670,2844 2720,2843 2770,2841 2820,2841 2870,2841 2920,2838 2970,2838"/>
                <TextEquiv>
                    <Unicode>steller dienten dem Dichter mit ganzer Seele. Herr</Unicode>
                </TextEquiv>
            </TextLine>
            <TextLine id="tr_3_tl_41" custom="readingOrder {index:40;}">
                <Coords points="1963,2917 2960,2900 2939,2843 1965,2876"/>
                <Baseline points="1973,2907 2022,2907 2072,2907 2121,2904 2171,2904 2220,2903 2270,2901 2319,2901 2369,2901 2418,2899 2468,2898 2518,2895 2567,2895 2617,2894 2666,2892 2716,2892 2765,2890 2815,2889 2864,2887 2914,2886 2964,2886"/>
                <TextEquiv>
                    <Unicode>Kramer gab den Karinski. Ein glücklich geschauter</Unicode>
                </TextEquiv>
            </TextLine>
            <TextLine id="tr_3_tl_42" custom="readingOrder {index:41;}">
                <Coords points="1959,2961 2974,2963 2975,2901 2940,2893 1961,2926"/>
                <Baseline points="1967,2955 2017,2955 2068,2952 2118,2952 2169,2952 2220,2952 2270,2949 2321,2948 2371,2946 2422,2946 2473,2946 2523,2944 2574,2943 2624,2943 2675,2940 2726,2940 2776,2939 2827,2937 2877,2937 2928,2934 2979,2937"/>
                <TextEquiv>
                    <Unicode>Typus. Solche Korinskis laufen draußen in der Welt</Unicode>
                </TextEquiv>
            </TextLine>
            <TextLine id="tr_3_tl_43" custom="readingOrder {index:42;}">
                <Coords points="1968,3017 2974,2998 2929,2945 1969,2967"/>
                <Baseline points="1976,3006 2026,3001 2076,3000 2126,2997 2176,2997 2226,2999 2276,2998 2326,2999 2376,2997 2426,2995 2476,2994 2526,2994 2576,2994 2626,2991 2676,2991 2726,2990 2776,2986 2826,2985 2876,2983 2926,2985 2976,2982"/>
                <TextEquiv>
                    <Unicode>fröhlich umher. Der kriegerisch veranlagte Kavallerist, der</Unicode>
                </TextEquiv>
            </TextLine>
            <TextLine id="tr_3_tl_44" custom="readingOrder {index:43;}">
                <Coords points="1968,3062 2972,3058 2974,3002 1969,3019"/>
                <Baseline points="1976,3050 2026,3047 2076,3047 2126,3047 2176,3047 2226,3046 2276,3044 2326,3044 2376,3044 2426,3042 2476,3041 2526,3041 2576,3038 2626,3038 2676,3037 2726,3035 2776,3033 2826,3032 2876,3032 2926,3029 2976,3029"/>
                <TextEquiv>
                    <Unicode>in Friedenszeiten mit seinem Temperament nichts anzu¬</Unicode>
                </TextEquiv>
            </TextLine>
            <TextLine id="tr_3_tl_45" custom="readingOrder {index:44;}">
                <Coords points="1965,3114 2977,3108 2978,3069 2808,3038 1966,3061"/>
                <Baseline points="1973,3098 2023,3096 2073,3095 2124,3095 2174,3095 2225,3095 2275,3093 2326,3095 2376,3094 2427,3092 2477,3090 2527,3086 2578,3086 2628,3089 2679,3085 2729,3083 2780,3082 2830,3080 2881,3078 2931,3080 2982,3080"/>
                <TextEquiv>
                    <Unicode>fangen weiß, lebte sein Schicksal vor unseren Augen. Herr</Unicode>
                </TextEquiv>
            </TextLine>
            <TextLine id="tr_3_tl_46" custom="readingOrder {index:45;}">
                <Coords points="1965,3151 2981,3150 2981,3105 2897,3090 1965,3115"/>
                <Baseline points="1973,3146 2023,3146 2074,3146 2124,3144 2175,3143 2226,3140 2276,3140 2327,3140 2377,3140 2428,3138 2479,3137 2529,3137 2580,3137 2630,3137 2681,3133 2732,3130 2782,3128 2833,3128 2883,3128 2934,3128 2985,3128"/>
                <TextEquiv>
                    <Unicode>Kramer spielte die Figur mit realistischer Schärfe. Herrn</Unicode>
                </TextEquiv>
            </TextLine>
            <TextLine id="tr_3_tl_47" custom="readingOrder {index:46;}">
                <Coords points="1965,3213 2752,3204 2971,3186 2972,3154 1966,3158"/>
                <Baseline points="1973,3194 2023,3194 2073,3191 2123,3191 2173,3191 2223,3188 2273,3188 2324,3189 2374,3189 2424,3186 2474,3185 2524,3185 2574,3182 2624,3182 2675,3184 2725,3181 2775,3179 2825,3177 2875,3176 2925,3176 2976,3176"/>
                <TextEquiv>
                    <Unicode>Kutschera liegen schauspielerische Aufgaben, wie sie der</Unicode>
                </TextEquiv>
            </TextLine>
            <TextLine id="tr_3_tl_48" custom="readingOrder {index:47;}">
                <Coords points="1975,3263 2967,3246 2982,3186 1975,3210"/>
                <Baseline points="1982,3244 2032,3241 2082,3241 2132,3238 2182,3238 2232,3238 2282,3238 2333,3237 2383,3235 2433,3235 2483,3233 2533,3232 2583,3232 2633,3232 2684,3229 2734,3228 2784,3226 2834,3226 2884,3226 2934,3223 2985,3226"/>
                <TextEquiv>
                    <Unicode>Paul Römmig bietet, ganz außerordentlich. Er hat einen</Unicode>
                </TextEquiv>
            </TextLine>
            <TextLine id="tr_3_tl_49" custom="readingOrder {index:48;}">
                <Coords points="1975,3298 2784,3301 2960,3290 2988,3248 1975,3263"/>
                <Baseline points="1982,3292 2032,3289 2082,3289 2132,3289 2183,3286 2233,3286 2283,3286 2334,3286 2384,3284 2434,3283 2485,3281 2535,3280 2585,3280 2635,3280 2686,3279 2736,3276 2786,3274 2837,3274 2887,3274 2937,3271 2988,3274"/>
                <TextEquiv>
                    <Unicode>so ehrlichen warmen Ton für jede Begeisterung, man glaubt</Unicode>
                </TextEquiv>
            </TextLine>
            <TextLine id="tr_3_tl_50" custom="readingOrder {index:49;}">
                <Coords points="1975,3358 2936,3334 2979,3326 2981,3283 1975,3306"/>
                <Baseline points="1982,3340 2032,3338 2082,3337 2132,3337 2182,3337 2232,3334 2282,3334 2332,3333 2382,3331 2432,3331 2482,3331 2532,3331 2582,3331 2632,3327 2682,3325 2732,3324 2782,3322 2832,3322 2882,3322 2932,3319 2982,3319"/>
                <TextEquiv>
                    <Unicode>ihm, wenn er eine gute Sache vertritt. Er nimmt der Rede</Unicode>
                </TextEquiv>
            </TextLine>
            <TextLine id="tr_3_tl_51" custom="readingOrder {index:50;}">
                <Coords points="1972,3396 2810,3402 2970,3382 2971,3326 1972,3362"/>
                <Baseline points="1979,3388 2028,3388 2078,3388 2128,3385 2177,3385 2227,3385 2277,3384 2326,3382 2376,3380 2426,3381 2476,3379 2525,3379 2575,3379 2625,3376 2674,3376 2724,3375 2774,3373 2823,3371 2873,3370 2923,3367 2973,3367"/>
                <TextEquiv>
                    <Unicode>den raisonnierenden Charakter, die starken Worte, die</Unicode>
                </TextEquiv>
            </TextLine>
            <TextLine id="tr_3_tl_52" custom="readingOrder {index:51;}">
                <Coords points="1970,3460 2729,3450 2954,3431 2974,3385 1972,3397"/>
                <Baseline points="1979,3435 2028,3435 2078,3432 2128,3435 2178,3432 2228,3432 2278,3431 2327,3429 2377,3429 2427,3427 2477,3426 2527,3426 2577,3426 2627,3423 2676,3422 2726,3420 2776,3420 2826,3419 2876,3418 2926,3415 2976,3418"/>
                <TextEquiv>
                    <Unicode>andere vor dem Publikum ausbreiten, spricht er in ein¬</Unicode>
                </TextEquiv>
            </TextLine>
            <TextLine id="tr_3_tl_53" custom="readingOrder {index:52;}">
                <Coords points="1977,3508 2985,3487 2986,3424 1977,3460"/>
                <Baseline points="1985,3489 2035,3484 2085,3483 2135,3483 2185,3483 2235,3480 2285,3480 2336,3479 2386,3477 2436,3477 2486,3475 2536,3474 2586,3474 2636,3471 2687,3471 2737,3470 2787,3468 2837,3466 2887,3465 2937,3465 2988,3465"/>
                <TextEquiv>
                    <Unicode>facher Weise. Fräulein Erl erfreute wieder durch ihre</Unicode>
                </TextEquiv>
            </TextLine>
            <TextLine id="tr_3_tl_54" custom="readingOrder {index:53;}">
                <Coords points="1983,3551 2978,3516 2978,3484 2795,3474 1984,3502"/>
                <Baseline points="1991,3534 2040,3534 2090,3531 2139,3531 2189,3530 2238,3528 2288,3526 2337,3527 2387,3526 2436,3525 2486,3522 2536,3522 2585,3519 2635,3519 2684,3519 2734,3518 2783,3516 2833,3514 2882,3513 2932,3513 2982,3510"/>
                <TextEquiv>
                    <Unicode>schlichte Innigkeit. Herr Richter Roland war sehr</Unicode>
                </TextEquiv>
            </TextLine>
            <TextLine id="tr_3_tl_55" custom="readingOrder {index:54;}">
                <Coords points="1980,3596 2981,3565 2982,3518 2822,3513 1982,3551"/>
                <Baseline points="1988,3582 2037,3579 2087,3579 2137,3579 2187,3578 2237,3574 2287,3575 2336,3573 2386,3573 2436,3573 2486,3570 2536,3570 2586,3567 2636,3567 2685,3566 2735,3564 2785,3562 2835,3561 2885,3561 2935,3558 2985,3561"/>
                <TextEquiv>
                    <Unicode>ergötzlich als Codex-Gigerl. Man lachte viel über die</Unicode>
                </TextEquiv>
            </TextLine>
            <TextLine id="tr_3_tl_56" custom="readingOrder {index:55;}">
                <Coords points="1986,3652 2890,3629 2984,3621 2985,3585 2135,3580 1986,3611"/>
                <Baseline points="1994,3635 2043,3627 2093,3626 2143,3623 2192,3622 2242,3621 2292,3622 2341,3620 2391,3620 2441,3618 2491,3618 2540,3615 2590,3612 2640,3614 2689,3612 2739,3612 2789,3610 2838,3609 2888,3607 2938,3606 2988,3609"/>
                <TextEquiv>
                    <Unicode>„Schneid, die er für fremde Duelle bereit hält. Auch die</Unicode>
                </TextEquiv>
            </TextLine>
            <TextLine id="tr_3_tl_57" custom="readingOrder {index:56;}">
                <Coords points="1977,3691 2975,3674 2949,3617 1979,3659"/>
                <Baseline points="1985,3674 2034,3674 2084,3674 2134,3668 2183,3670 2233,3668 2283,3668 2332,3668 2382,3666 2432,3665 2482,3665 2531,3665 2581,3665 2631,3662 2680,3662 2730,3661 2780,3657 2829,3656 2879,3656 2929,3653 2979,3656"/>
                <TextEquiv>
                    <Unicode>anderen, vor allen Frau Glöckner, sowie die Herren</Unicode>
                </TextEquiv>
            </TextLine>
            <TextLine id="tr_3_tl_58" custom="readingOrder {index:57;}">
                <Coords points="1976,3744 2560,3713 2697,3741 2782,3708 2991,3736 2992,3673 2952,3660 1977,3696"/>
                <Baseline points="1985,3725 2035,3723 2085,3722 2136,3722 2186,3722 2237,3719 2287,3719 2338,3718 2388,3715 2439,3713 2489,3713 2539,3713 2590,3710 2640,3710 2691,3707 2741,3707 2792,3707 2842,3703 2893,3701 2943,3701 2994,3704"/>
                <TextEquiv>
                    <Unicode>Raeder, Jensen, Höfer, Meixner, Teele</Unicode>
                </TextEquiv>
            </TextLine>
            <TextLine id="tr_3_tl_59" custom="readingOrder {index:58;}">
                <Coords points="1983,3794 2981,3776 2982,3717 1983,3741"/>
                <Baseline points="1991,3776 2040,3773 2090,3770 2140,3767 2189,3767 2239,3766 2289,3764 2338,3764 2388,3762 2438,3761 2488,3758 2537,3758 2587,3758 2637,3755 2686,3755 2736,3754 2786,3752 2835,3752 2885,3752 2935,3749 2985,3746"/>
                <TextEquiv>
                    <Unicode>charakterisierten ihre Figuren eindringlich. Es war wieder</Unicode>
                </TextEquiv>
            </TextLine>
            <TextLine id="tr_3_tl_60" custom="readingOrder {index:59;}">
                <Coords points="1977,3824 2977,3807 2959,3769 2847,3759 1979,3786"/>
                <Baseline points="1985,3818 2034,3821 2084,3818 2134,3815 2183,3812 2233,3813 2283,3814 2332,3810 2382,3809 2432,3809 2482,3809 2531,3809 2581,3809 2631,3805 2680,3803 2730,3803 2780,3801 2829,3798 2879,3797 2929,3794 2979,3797"/>
                <TextEquiv>
                    <Unicode>ein prächtiger Abend des trefflich abgetönten Ensemble,</Unicode>
                </TextEquiv>
            </TextLine>
            <TextLine id="tr_3_tl_61" custom="readingOrder {index:60;}">
                <Coords points="1977,3871 2126,3899 2293,3865 2971,3871 2960,3812 1979,3824"/>
                <Baseline points="1985,3868 2034,3868 2084,3868 2133,3864 2183,3863 2232,3864 2282,3862 2331,3862 2381,3860 2430,3859 2480,3856 2530,3856 2579,3853 2629,3852 2678,3850 2728,3849 2777,3847 2827,3849 2876,3848 2926,3847 2976,3847"/>
                <TextEquiv>
                    <Unicode>Arthur Schnitzler wurde nach allen Aktschlüssen stürmisch</Unicode>
                </TextEquiv>
            </TextLine>
            <TextLine id="tr_3_tl_62" custom="readingOrder {index:61;}">
                <Coords points="1987,3930 2450,3941 2549,3910 2979,3981 2982,3868 2926,3856 1989,3891"/>
                <Baseline points="1997,3922 2046,3919 2095,3916 2145,3913 2194,3912 2244,3910 2293,3910 2342,3910 2392,3910 2441,3907 2491,3907 2540,3907 2589,3904 2639,3903 2688,3901 2738,3901 2787,3899 2836,3898 2886,3896 2935,3895 2985,3892"/>
                <TextEquiv>
                    <Unicode>geln, das fallen mit den der</Unicode>
                </TextEquiv>
            </TextLine>
            <TextLine id="tr_3_tl_63" custom="readingOrder {index:62;}">
                <Coords points="1993,4000 2067,3994 2074,4001 2117,4002 2127,3995 2138,4005 2180,4005 2181,3926 2144,3926 2117,3942 2092,3926 1993,3935"/>
                <Baseline points="2000,3967 2026,3967 2052,3967 2078,3967 2104,3966 2130,3964 2156,3965 2182,3967"/>
                <TextEquiv>
                    <Unicode>der v.</Unicode>
                </TextEquiv>
            </TextLine>
            <TextEquiv>
                <Unicode></Unicode>
            </TextEquiv>
        </TextRegion>
    </Page>
</PcGts>
