3484 4384
719 154 1746 212 zelt in dem Boden, den die Lebensarbeit Richard
711 188 1747 247 Wagners uns neu gewonnen hat. Freilich soll nun
709 233 1740 297 Keiner glauben oder gar fordern, daß dem jungen Erd¬
711 273 1749 343 reich des musikalischen Neulands lauter Lilien und Rosen
720 322 1747 374 entsprießen. Auch in dem wohlgepflegten Garten der
724 362 1752 417 Klassik blüht neben der Rose die Kamille und selbst an
711 405 1747 462 Unkraut fehlt es nicht zwischen seinen Buchshecken. So
719 454 1751 511 kann es denn auch keinen Einsichtigen wundern, wenn
720 493 1747 545 auf dem Boden so junger künstlerischer Kultur auch un¬
727 547 1751 600 scheinbare und wilde Pflänzlein treiben, und nur wer
724 584 1744 639 alle Fühlung mit der Zeit, dem gemeinsamen Urgrund
718 621 1747 680 unserer künstlerischen Bethätigungen, verloren hat, mag
711 675 1746 724 darüber staunen, daß man auch den kleinsten oder ab¬
720 707 1748 769 sonderlichsten Hervorbringungen der Zeitseele mit Theil¬
718 756 1751 807 nahme begegnet. Zweifellos aber ist es einer auf den
715 800 1764 856 Namen Wagners getauften kunstfreundlichen Vereinigung
718 841 1747 894 würdiger, wagemuthig und liebevoll des Werdenden sich
718 884 1738 951 anzunehmen, als ausschließlich in genußsüchtiger Ver¬
727 931 1364 998 ehrung des Ererbten zu verharren.
783 953 1757 1030 Diese allgemeine Vorbemerkung ist nicht zum Schutze
720 1017 1752 1067 eines Einzelnen niedergeschrieben und gar Richard
727 1056 1752 1114 Strauß und Hugo Wolf, die beiden kräftigsten
720 1104 1752 1156 Künstlerpersönlichkeiten der neuen Bewegung bedürfen
730 1148 1752 1203 fremder Beschirmung am allerwenigsten aber gerade die
718 1200 1751 1255 Aufführung einiger neuer Werke dieser jungen Ton¬
720 1236 1759 1285 dichter im Konzert der Wagnervereine am
715 1277 1753 1332 2. d. und die in der Oeffentlichkeit daran geknüpften
718 1322 1756 1372 Urtheile und Betrachtungen mußten zum Anlaß
718 1366 1744 1421 werden, einmal unsere grundsätzliche Stellung dar¬
720 1403 1760 1470 zulegen. Die beiden Orchesterstücke aus Hugo Wolfs
720 1454 1752 1517 komischer Oper „Der Korregidor fanden wenig Beifall,
727 1498 1752 1556 zwei Gesänge von Richard Strauß für eine hohe
724 1544 1756 1589 Stimme mit Begleitung des Orchesters wurden zwar
731 1587 1752 1644 freundlich aufgenommen, aber stofflich und ästhetisch
730 1628 1752 1688 sehr scharf betrittelt. Ich selbst, dem die lange und
724 1672 1756 1722 reiche Entwicklung dieser beiden Tondichter genau be¬
727 1715 1755 1768 kannt ist, will es bestätigen, daß diese Stücke keines¬
727 1752 1759 1810 wegs Höhepunkte ihres Kunstschaffens bezeichnen. Das
732 1799 1755 1857 scheint mir aber nicht hinreichend, um die Vorführung
727 1850 1755 1898 dieser Stücke dem Konzertgeber zur Last zu legen, und
724 1889 1756 1944 noch weniger kann ich es gerecht und richtig finden,
720 1931 1759 1993 das kühle Verhalten der Hörerschaft zur Bestätigung
724 1980 1753 2033 und Bekräftigung des eigenen abfälligen Urtheils zu
724 2017 1757 2075 verwerthen. Daß die aus ihrem natürlichen Zusammen¬
730 2066 1757 2121 hang mit einer dramatischen Handlung losgelösten
732 2110 1752 2163 Stücke von Hugo Wols mit der Verständlichkeit auch
730 2155 1749 2204 etwas an Wirkungskraft einbüßen mußten, war zu er¬
727 2194 1759 2250 warten. Ebenso war vorauszusehen, daß die von Strauß
724 2238 1756 2288 vertonten Dichtungen „Gesung der Apollopriesterin“ von
730 2284 1752 2339 Em. von Bodmann und „Verführung von John Henry
724 2329 1757 2380 Mackay nicht nach Jedermanns Geschmack sein würden
732 2373 1757 2429 und daß zumal das erste in seiner unklaren
727 2415 1755 2462 und unanschaulichen Symbolik dem richtigen
732 2459 1757 2513 Verständniß Schwierigkeiten bereiten müsse. Stellt
732 2500 1755 2564 man sich aber einmal auf den Standpunkt des Kompo¬
730 2544 1757 2597 nisten, so wird man Strauß zugestehen müssen, daß er
730 2591 1756 2642 für die von ihm gewählten dichterischen Vorwürfe den
739 2631 1755 2683 richtigen Ton und die natürliche Form zu finden wußte.
730 2676 1755 2730 Diese Art moderner Lyrik mit ihrem sprunghaften,
732 2721 1747 2776 deutungsvollen Wesen und ihrer „Interlinearpoesie
736 2761 1757 2818 verlangt gebieterisch nach einer ander Art musikalischer
730 2810 1757 2867 Behandlung, als die einheitlichere, schlichtere Dichtung
730 2850 1764 2896 unserer großen Meister, und wenn Strauß in der¬
741 2896 1766 2947 führung“ die Hauptrolle des Seelenoffenbarers
730 2939 1755 2990 dem wunderbar ausdrucksfähigen Orchester zu¬
736 2984 1768 3035 gewiesen hat, so entspricht das genau der
745 3024 1761 3078 Sonderart des Mackayschen Gedichts, das seine
739 3066 1757 3118 beste Wirkung aus der Situation schöpft, seine feinsten
736 3112 1764 3171 Reize zwischen den Zeilen birgt. Was Strauß als
741 3156 1770 3218 ganz freier, selbständiger Tongestalter vermag, das hat
735 3198 1770 3247 er am selben Abend wieder mit seiner sinfonischen
741 3244 1764 3292 Dichtung „Till Eulenspiegels lustige Streiche", dem
730 3286 1761 3335 lebensprühendsten Charakterbild der Musikliteratur ge¬
739 3326 1766 3386 zeigt, das auch dieses Mal den hellen Jubel der Hörer
739 3369 1770 3424 weckte. Tiefer und mächtiger noch berührte er die
739 3414 1764 3473 Hörerschaft mit der aus dem Innersten geschöpften, von
748 3457 1766 3516 größter Leidenschaft erfüllten, meisterlichen Wiedergabe
739 3500 1761 3558 der Wagnerschen Faust-Ouverture und des Tristan¬
736 3545 1774 3600 vorspiels, an das sich Rosa Suchers herrlicher
739 3594 1572 3660 Vortrag des „Liebestodes" würdig anschloß.
1336 3622 1740 3696 Heinrich Welti.
808 3675 1776 3759 * Aus Dresden, 3. November, berichtet man uns:
748 3729 1757 3783 Gestern ging die einaktige Oper „Runenzauber
745 3771 1764 3831 von Emil Hartmann erstmalig bei sehr mäßig be¬
757 3823 1772 3873 suchtem Hause über unsere Hofbühne und errang einen
741 3861 1772 3946 Achtungserfolg. Der Text, von J. Lehmann, ist auf
1795 116 2508 186 de
2700 175 2823 229 Musik
1793 184 2571 235 trotz ihrer Kürze an bedenklichen Längen,
1787 213 2822 269 weist einzelne große Schönheiten, sowie einem Reichthum
1795 264 2822 335 von düstern wie lieblichen Melodien auf, und wirkt so¬
1795 306 2822 362 wohl durch das starke Lokalkolorit wie durch die ein¬
1802 344 2824 413 gewebten nordischen Volksweisen neu, eigenthümlich und
1802 394 2823 450 meressant, ohne indessen frei von Anklangen zu sein, in
1802 439 2822 493 denen der aufmerksame Hörer alte Bekannte aus
1799 477 2826 543 der Wagnerschen Schule begrüßt. Die Aufführung
1793 519 2822 570 war mustergiltig. Die Hauptrollen Nanhild und
1802 567 2824 620 Regista lagen in den Händen der Damen Wittich und
1799 608 2824 658 Bossenberger. Fräulein Grimaldi, unsere hervorragende
1799 655 2819 702 erste Solotänzerin, hatte in letzter Stunde für die plötz¬
1799 693 2822 749 lich erkrankte Darstellern die stumme Rolle des Geistes
1804 743 2831 792 übernommen und gestaltete sie zu einer Leistung von
1799 779 2828 837 unheimlicher Schönheit. Die Darsteller sowie der
1795 824 2824 893 Komponist wurden am Schlusse mehrere Mal gerufen.
2618 869 2747 924 A. S.
1915 913 2832 975 Aus München schreibt unser Berichterstatter:
1802 957 2828 1016 Die Direktion Meßthaler, die ein so jähes Ende am
1799 1007 2822 1067 Deutschen Theater gefunden, hat sich mit ihrer letzten
1799 1054 2807 1110 Erstaufführung, dem Schwank „Der Logierbesuch
1802 1094 2828 1145 von Hans Müller und Max Löwenfeld, kein gutes
1804 1140 2824 1194 Abgangszeugniß geschrieben. Es ist unfaßlich, wie ein
1798 1195 2828 1243 verständiger, künstlerisch nicht vollständig ehrgeizloser
1802 1230 2824 1280 Bühnenleiter seinem Spielplan ein so geringwerthiges
1811 1272 2831 1323 Stück einverleiben konnte. Noch unfaßlicher ist es, daß
1799 1317 2827 1368 er sich so wenig Mühe gab, die Fehler der Stückwahl
1808 1358 2832 1417 durch eine glänzende Besetzung einigermaßen weitzu¬
1804 1403 2824 1458 machen. Ein schlechtes Stück schlecht spielen zu lassen,
1804 1446 2829 1509 ist für / von so langer Hand vorbereitetes Unter¬
1804 1488 2833 1542 nehmen wie das Deutsche Theater einfach unverzeitlich.
1804 1532 2833 1585 Juristisch mag die plötzliche Enthebung Meßthalers von
1808 1576 2831 1628 seinem Posten anzufechten sein, künstlerisch ist kaum etwas
1808 1616 2831 1676 dagegen zu sagen. Meßthaler hatte ein volles Jahr
1814 1663 2832 1714 Zeit seinen Spielplan auszuarbeiten und zu sichten und
1814 1706 2839 1763 seine Spieler einzuüben und zu prüfen. Hier liegt eine
1808 1749 2831 1832 künstlerische Fahrlässigkeit vor, er die es keine Milderungs¬
1802 1791 2059 1859 gründe geht.
2140 1914 2520 2011 Ackerei.
1864 1972 2844 2045 * De Inspektor des Kirchhofes Pore¬
1799 2044 2833 2099 Lachaise, so erzählt ein Berichterstatter des „Temps" am
1804 2079 2856 2131 Allerseelentage, empfing mich in seinem Kabinet, wo Papiere
1811 2119 2837 2170 aller Art in Haufen umherlagen. Es ist dies ein munterer
1811 2161 2831 2208 alter Herr, der das Ehrenzeichen trägt. Er zählt dreißig
1814 2197 2839 2246 Jahre treuer Dienste. Er ist Philosoph. Uebrigens bietet
1811 2237 2833 2288 ihm sein Aufenthalt Stoff genug zur Unterhaltung. Wenn er
1804 2275 2835 2322 viel Todte auf dem Père-Lachaise eintreffen sieht, so kommen
1804 2316 2837 2357 noch mehr Lebendige, und diese liefern ihm lustige Ge¬
1820 2351 2843 2403 schichten. Ja, mein Herr, begann er, behaglich auf seinem
1811 2391 2833 2444 Sessel sich zurechtrückend, man erlebt spaßhafte Dinge hier
1811 2433 2833 2479 oben. Auf die Journalisten war er nicht gut zu sprechen.
1804 2465 2841 2522 O diese Zeitungsschreiben! Sie wissen nicht, was sie Alles
1814 2508 2840 2556 erfinden sollen, um das Publikum zu unterhalten. Sie
1814 2546 2833 2599 haben eine Masse von Legenden geschaffen, welche
1811 2586 2840 2641 alle Jahre regelmäßig zu Allerheiligen wiederkehren,
1811 2623 2837 2671 ein wahrer Rattenkönig thörichter Einfälle! So z. B. die
1811 2659 2843 2712 Geschichte mit der russischen Prinzessin. Es ist
1820 2700 2841 2751 jetzt einige Jahre her, daß sie auf der dritten Seite eines
1814 2738 2833 2790 Boulevardblattes zur Welt kam. Mit geheimnißvollen An¬
1814 2771 2843 2835 deutungen war da im Kanderwälsch der Feuilletonromane
1817 2818 2843 2860 erzählt, daß eine ungeheuer reiche vornehme Dame aus
1817 2852 2849 2905 Moskau auf dem Père-Lachaise begraben worden sei. Man
1814 2893 2840 2943 beschrieb ihr Grabdenkmal, eine Säule, überragt von
1814 2931 2840 2976 einer buntfarbigen Kuppel, und ihre Kapelle, deren
1811 2969 2840 3028 Boden mit kostbaren Marmorplatten ausgelegt sei,
1814 3007 2840 3063 und ihren Sarg aus Bergkristall. Dazu die Bemerkung, die
1817 3052 2837 3100 Prinzessin habe ihr Testament bei einem Pariser Notar
1814 3087 2840 3139 niedergelegt und vermache die Gesammtsumme ihres Ver¬
1811 3122 2845 3176 mögens (ungefähr zwei Millionen Rabel) der braven Person,
1814 3165 2843 3207 welche sich bereit zeigen würde, während dreihundertfünfund¬
1823 3199 2848 3256 sechszig Tagen und dreihundertsechsundsechzig Nächten sich
1814 3241 2840 3299 mit ihrer Leiche in die Einsamkeit der Gruft einzuschließen und
1817 3278 2840 3333 unter keinem Vortrand irgend welcher Art sich zu entfernen.
1817 3317 2843 3367 Die Prinzessin wollte ohne jede Unterbrechung bewacht
1823 3358 2837 3407 sein. Sie hatte nichts dawider, daß man angesichts ihres
1814 3396 2843 3448 Leichnams nach Herzenslust aß und trank oder sich mit
1820 3433 2845 3482 Lektüre erheiterte. Aber keine Sekunde durfte man sie allein
1817 3471 2840 3522 lassen. Diese Erzählung aus dem Märchenschatz der
1820 3509 2843 3559 Scheherezade fand ihren Weg in die Oeffentlichkeit so ziemlich
1820 3551 2845 3601 überall, zunächst in Frankreich, dann in ganz Europa
1820 3589 2845 3637 und Amerika. Sollte mans glauben? Tausende
1817 3624 2840 3677 von Briefen hat der Inspektor erhalten mit
1817 3665 2845 3712 der Bitte um weitere Mittheilung über die fein¬
1823 3704 2843 3753 hafte Prinzessin und um genaue Angabe der Bedingungen,
1817 3742 2840 3784 welche zu erfüllen seien, um sie zu beerben. Und man schreibt
1824 3780 2845 3836 noch heute an ihn. Erst heute früh sind ihm mit der Post
1825 3824 2841 3872 zwei außerordentlich naive Schreiben zugegangen. Das eine
1823 3853 2862 3909 kommt von London, das andere aus einer französischen
2865 146 2950 207 an
2871 201 2958 246 abge¬
2871 239 2964 288 prägt
2877 278 2964 328 falsch¬
2867 318 2961 362 word
2867 353 2961 399 etwa
2871 392 2961 437 and
2871 430 2960 488 zu se
2871 629 2952 683 Maj
2867 672 2961 717 Torr
2866 711 2961 756 war.
2880 748 2963 795 hätte
2871 787 2959 837 ich
2871 824 2977 872 mann
2874 863 2980 926 in de
2873 898 2990 957 war,
2871 940 2959 985 nach
2871 978 2969 1028 Stan
2871 1051 2964 1115 nist
2877 1123 2973 1196 Auff
2874 1181 2961 1224 Sei
2874 1216 2964 1267 holfe
2874 1294 2971 1353 Er
2874 1372 2973 1437 Stra
2874 1424 2965 1472 aus,
2873 1460 2961 1502 habe
2871 1493 2981 1548 Mark
2874 1538 2968 1582 loren
2873 1574 2973 1628 Wen
2874 1613 2980 1662 mir
2880 1685 2975 1748 konn¬
2880 1739 2971 1786 geher
2882 1776 2973 1832 Prei=
2888 3288 2986 3341 der
2892 3334 2980 3380 krae
2892 3373 2982 3422 Upol
2887 3411 2981 3462 wald
2893 3456 2982 3501 was
2886 3484 2992 3545 Nian
2888 3767 2984 3851 Leiter
