3436 4224
264 135 793 259 8. Freiwild
951 141 1354 236 box 14/3
2249 227 2591 325 Telefon 1911.
2955 315 3138 415 Ausschnitt
1979 322 2861 415 Unternehmen für Zeitungs-Ausschnitte
2939 399 3032 492 Nr.
2128 412 2703 533 „OBSERVER
1722 484 3132 593 1. österr. behördl. concess. Bureau für Zeitungsberichte und Personalnachrichten
2016 579 2847 660 Wien, IX/ Türkenstrasse 17.
1945 649 2914 762 — Filiale in Budapest: „Figyel“, VIII. Josefsring 31 a.
1804 707 1903 763 —
1734 832 2176 936 Ausschnitt aus:
2318 867 2897 971 Mue Freie Presse
2044 985 2626 1129 vom 3.
2112 1122 2858 1266 Theater= und Kunstnachrichten.
2675 1231 3022 1312 Wien, 4. Februar.
2003 1233 3053 1351 [Carl-Theater.] Das dreiactige Schauspiel „Freiwild
1908 1294 3055 1407 von Arthur Schnitzler, das heute zum erstenmale aufgeführt
1901 1338 3053 1439 wurde, ist ein Stück, das mit resolut zugreifender Hand einen
1901 1382 3050 1488 empfindlichen und gefährlichen socialen Conflict vorführt. Es be¬
1901 1409 3046 1518 handelt die Frage der Verpflichtung zum Duelle mit der Ver¬
1896 1453 3046 1572 schärfung, daß es sich um die Forderung eines beleidigten, und
1901 1509 3041 1611 zwar thätlich insultirten Officiers handelt. Der Schimpf war dem
1892 1556 3041 1659 Officier für die Verdächtigung der Tugend eines anständigen
1894 1590 3036 1687 Mädchens widerfahren, und der Beleidiger weigert sich, die Satis¬
1896 1625 3037 1745 faction zu geben, weil er nur eine verdiente Züchtigung ertheilt
1884 1669 3043 1785 habe. Das Schauspiel flößte starkes und anhaltendes Interesse ein,
1880 1722 3029 1826 der zweite Act rief, wie dies selten vorkommen mag, immer und
1880 1762 3022 1854 immer wieder lauten Beifall, zuweilen wol auch Opposition hervor:
1884 1799 3018 1905 Zustimmung und Widerspruch aber galten weniger dem Stücke,
1878 1852 3023 1945 als den gewechselten Reden. „Freiwild" spielt in einem kleinen
1878 1882 3013 1994 Badeorte und zeigt uns in sehr gelungener Schilderung das leicht¬
1878 1919 3018 2030 fertige, fröhlich harmlose Bühnenvölkchen eines Sommertheaters.
1866 1973 3013 2077 Die jungen Actricen sind nicht allzu spröde und nehmen gerne die
1871 2014 3011 2132 Einladungen der Officiere an, die ihren Urlaub dort zubringen;
1868 2052 2974 2144 diese erscheinen in deutscher Uniform, wiewol einer von ihnen
1859 2095 3011 2197 der liebenswürdigste — man weiß nicht recht warum, mit unga¬
1859 2154 3006 2239 rischem Accent und einem Anfluge wienerischer Ausdrucksweise
1859 2183 2995 2278 spricht. Nur eine der Schauspielerinnen, die Naive, lebt zurück¬
1863 2230 3000 2336 gezogen, hält auf Ehrenhaftigkeit und Anstand. Aber gerade diese
1861 2271 3160 2374 Eine will Lieutenant Karinski, ein Officier, über dessen Ver¬ inclusive
1854 2315 2985 2420 gangenheit wir nichts Günstiges hören, besitzen. Seine Annäherung
3043 2360 3150 2394 Porto.
3030 2387 3162 2427 Zahlbar
1799 2341 3187 2469 Föwird zurückgewiesen, und im Aerger darüber verdächtigt er im Voraus.
1827 2397 2978 2497 ihre Gründe, spricht die Meinung aus, daß sie doch
1826 2439 3229 2538 nicht besser sein werde, als die Anderen. Der Maler Paul sitte ist das
1838 2476 3233 2587 Rönning, der eine warme Neigung für das geschmähte Mädchen steht es den
1838 2520 3131 2619 Anna Riedel hegt, vernimmt diese in einem Gasthausgarten Indern.
1845 2566 2993 2670 gesprochenen Worte und schlägt in seiner Empörung den Officier,
1815 2585 2967 2710 der ihn auch gehänselt hatte, ins Gesicht. Dieser ist, wie seine bei¬
1836 2650 2962 2758 den anwesenden Kameraden, ohne Waffe und wird von ihnen
1833 2686 2969 2789 damit ein weiterer Scandal vermieden werde, hinweggedrängt. Im
1829 2728 2976 2837 nächsten Acte wird Rönning gefordert. Seine beiden Freunde
1824 2775 2962 2881 erscheinen bei ihm, um ihm als Secundanten zu dienen, aber er
1824 2816 2962 2923 lehnt den Zweikampf ab. Er habe Jemanden, der ihm in den Weg
1819 2876 2962 2974 gelaufen sei, gebührend gezüchtigt, das sei aber kein Grund, sich
1819 2911 2965 3002 vielleicht erschießen zu lassen. Die Freunde machen ihm Vor¬
1820 2944 2953 3057 stellungen, sie bezeichnen die Annahme des Duells unter den gegen¬
1817 2990 2963 3092 wärtigen Umständen als eine Ehrenpflicht, sie drohen ihm mit
1815 3027 2949 3138 ihrer Mißachtung — umsonst, er beharrt bei seiner Weigerung.
1815 3066 2953 3175 Die Stimme der Vernunft stehe ihm höher als alle conventionellen
1808 3115 2939 3217 Ehrenregeln. Er erhält den Besuch des Rittmeisters Rohnstedt,
1808 3164 2941 3257 eines Ehrenmannes, welcher das Verhalten des Lieutenants
1803 3189 2935 3301 Karinski mißbilligt, aber in Rönning vom menschlichen Stand¬
1799 3241 2930 3347 punkte aus, wie er sagt, dringt, das Duell einzugehen, da
1797 3277 2932 3380 der Lieutenant sonst schimpflich quittiren, ja sich erschießen
1801 3333 2951 3431 müßte. Er bietet endlich dem Maler, wenn er sein Leben nicht zu
1794 3391 2934 3466 Gefahr bringen wolle, ein Scheinduell an, nur damit Karinski
1794 3430 2930 3519 gerettet werde. Rönning weist auch diese Comödie ab; er mag sich
1796 3484 2927 3560 nicht begnadigen lassen. „Nicht dadurch," ruft er dem Rittmeister
1789 3519 2921 3593 zu, „daß er den Schlag erhalten, sondern dadurch, daß er den Schlag ver¬
1783 3563 2921 3644 dient hat, ist seine Ehre verloren," und ein Beifallsdonner aus
1783 3600 2921 3692 dem Publicum begleitet diese Worte. Mit einer schwach verhüllten
1785 3635 2923 3729 Drohung entfernt sich der Rittmeister. Der Maler, der sich in¬
1790 3685 2920 3769 zwischen mit Anna Riedel verlobt hat, erhält den Rath, abzureisen,
1783 3736 2923 3806 aber er bleibt, obwol er die Gefahr kennt, die seiner harrt. Die
1776 3764 2918 3857 Katastrophe läßt nicht lange auf sich warten. Lieutenant Karinski
1778 3809 2925 3890 will den Rath des Rittmeisters, sich einer andern Lebenssphäre zuzu¬
1782 3857 2912 3943 wenden, nicht befolgen. Gedemüthigt und moralisch vernichtet,
1785 3894 2911 3987 schießt er Rönning nieder. — Das Schauspiel ist geistvoll geschrieben
1773 3954 2916 4026 und hält die Spannung bis zum Schlusse fest; trotzdem ist
1771 3994 2909 4068 es in seinem Aufbau verfehlt, denn es ruft die Wirkung
1766 4031 2916 4107 nicht ganz hervor, die der Autor beabsichtigte. Man ruft
1773 4068 2513 4151 allen Sentenzen, die Rönning ausspre¬
