3436 4256
266 181 687 256 8. Freiwi
956 169 1362 276 box 14/4
797 1467 1247 1698 Walter.
606 1722 1446 1841 Ein altes Stück von Schnitzler.
622 1782 1509 1873 Morgen wird im Stadttheater das
521 1830 1501 1929 retaltige Schauspiel „Freiwild von Artur
532 1908 1506 1978 Schnitzler aufgeführt. Das Stück wurde am
532 1956 1504 2016 4. Februar 1898 im Carltheater und am
529 2003 1504 2058 26. Jänner 1905 im Deutschen Volkstheater
532 2048 1505 2127 zum erstenmal gegeben. Damals galt es noch als
533 2104 1501 2162 eine Sensation, den militärischen Stand so der
532 2157 1508 2213 anzufassen, wie es in dem Schauspiel Schnitzlers
535 2191 1506 2258 geschieht. Die Vorgänge spielen sich in einem
545 2241 1509 2300 kleinen Badeorte unweit Wiens ab, in dem sich ein
539 2290 1512 2348 Sommertheater befindet. Oberleutnant Karinski
539 2339 1511 2400 benimmt sich wie ein Lausbub, indem er eine
539 2381 1511 2442 Schauspielerin, die im Privatleben eine Dame ist,
539 2430 1518 2486 beleidigt. Er bekommt dafür von einem wirklichen
547 2481 1512 2540 Gentleman die wohlverdiente Ohrfeige und schießt
539 2528 1519 2582 diesen, da er ihm Satisfaktion verweigert, über
539 2576 1522 2646 den Haufen. Die scharfen Ausfälle gegen den
539 2625 1519 2684 einstigen militärischen Ehrenkoder bilden eine
545 2668 1527 2724 interessante Vorahnung der nun hereingebrochenen
545 2717 1533 2807 Ereignisse, die unsern verlogenen Militarismus,
543 2766 819 2857 hinterlegten.
1792 756 2884 896 Theater und Kunst.
2171 937 2554 1028 Stadttheater.
1805 983 2915 1100 „Freiwild“, Schauspiel in 3 Akten von Arthur Schnitzler,
1891 1067 2909 1148 Ein alter Schnitzler ist aufgeführt worden, der sehr jung
1798 1133 2918 1189 und wirksam geblieben ist. Die scharf umrissenen Typen von
1796 1170 2909 1242 der Schmiere mit Wehmut und Ironie hingetupft, sind noch
1806 1228 2904 1288 immer höchst lebendig, ebenso die Typen der Offiziere grausam
1803 1282 2915 1336 aber gerecht hingestellt mit einer unerbitterlichen Klarheit, die
1803 1326 2915 1382 nicht zu trüben ist, auch nicht dem Feinde gegenüber, das ist in
1803 1361 2918 1439 diesem Fall der Oberleutnant Karinski, wenn man den Stand¬
1805 1424 2915 1483 punkt des Dichters mit dem Verteidiger des jungen Mädchens
1806 1474 2912 1539 als identisch annimmt. Merkwürdig erscheint mir nur, daß ich
1805 1518 2918 1597 diesem jungen Verteidiger der Mädchenehre nicht mit hem
1798 1582 2912 1642 mungsloser Sympathie folgen konnte. Gewiß, er hat recht und
1802 1624 2909 1683 der Oberleutnant hat unrecht. Und trotzdem fühlt man Sym¬
1812 1677 2915 1737 pathie mit dem Mann, der im Unrecht ist. Da steckt ein logi¬
1817 1723 2916 1793 scher Fehler, ein ungeklärter seelischer Defekt dahinter. Viel¬
1809 1775 2916 1830 leicht steht uns der Oberleutnant näher, weil er um seine Exi¬
1798 1827 2916 1891 stenz kämpft, und der andere nur für eine Theorie. Man muß
1806 1869 2918 1935 auch fremde Welten begreifen, auch wenn man sie ablehnt. Nur
1809 1915 2918 1975 darf man sich eben nicht in die Gefahr begeben, unter die Ge¬
1812 1964 2920 2030 setze der abgelehnten Welt zu fallen. Wer seine Hand in eine
1803 2020 2922 2076 Maschine steckt, muß wissen, daß die Maschine mechanisch weiter¬
1803 2069 2918 2121 arbeitet. Man kann auch auf dem Standpunkt stehen, ein Wort
1802 2121 2923 2181 von diesem Oberleutnant Karinski kann mich nicht beleidigen.
1806 2153 2926 2225 Unsere Welten haben nichts gemein. Aber wenn ich in seine
1802 2213 2922 2281 Welt unbedacht eintrete, und das tut Paul mit dem Schlag,
1806 2258 2925 2323 dann muß ich auch die Konsequenzen meiner Tat erwarten.
1809 2313 2930 2365 Gespielt wurde von den Männern ausgezeichnet; hervorgehoben
1814 2362 2919 2428 seien Herr Zeska sowie die Herren Strobl, Norfolk,
1809 2416 2918 2474 Richter, Böhm, Vogel und Nerz. Man spürte die Hand
1809 2457 2915 2514 eines ausgezeichneten Regisseurs und Erziehers, der Julius
1813 2512 2936 2562 Hertzke immer gewesen ist. Fräulein Rosenquist war,
1824 2561 2926 2626 schön, sehr schön, aber leider leeres Theater. Fehle ohne Seele.
1813 2611 2925 2685 Die Aufnahme war äußerst lebhaft, sowohl in den heiter, wie
1809 2653 2300 2733 in den ernsten Momenten.
2755 2656 2892 2730 D.
1809 2759 2923 2838 Erstaufführung der „Frau ohne Schatten" in Dresden.
1905 2832 2927 2898 Richard Strauß, Professor Roller und der Chef
1816 2883 2923 2946 der Ausstattungsfirma Baruch & Comp. haben sich Sonntag
1809 2927 2930 2979 abends nach Dresden begeben, wo am 21. dieses Monats die
1816 2965 2920 3017 Erstaufführung der vor wenigen Tagen in Wien uraufge¬
1824 3004 2922 3059 führten Straußschen Oper „Die Frau ohne Schatten statt¬
1827 3049 2926 3090 findet. Die Wiener Aufführung galt für die Dresde In¬
1824 3086 2923 3136 szenierung als Vorbild. Auch die Ausstattung der Tedener
1816 3123 2927 3182 Premiere wurde nach dem Muster der Entwürfe von Professor
1772 3161 2129 3247 Roller hergestellt.
