3484 4256
276 165 800 257 8. Freiwild
968 159 1379 250 box 14/3
2067 120 2951 188 Unternehmen für Zeitungs-Ausschnitte
3046 159 3225 227 Ausschnitt
3032 218 3121 319 Nr.
2209 200 2770 319 „OBSERVER
1795 317 3218 373 1. österr. behördl. concess. Bureau für Zeitungsberichte und Personalnachrichten
2096 377 2919 457 Wien, IX. Türkenstrasse 17.
1846 446 1984 526 —
2041 457 2979 535 Filiale in Budapest: „Figel“, VIII. Josefsring 31a.
2317 582 2913 680 Deutsches Volksblatt
1802 621 2237 703 Ausschnitt aus:
2103 756 2680 869 vom 5. FEB.1998
2057 889 3066 1030 Carl-Theater. Zum erstenmale: „Freiwild". Schau¬
1986 952 3066 1071 spiel in drei Acten von Arthur Schnitzler. Lieutenant
1981 1021 3057 1115 Karinski (Herr Reusch) wünscht mit Anna Riedel (Fräulein
1981 1066 3057 1154 Sangora), der Naiven des Theaters eines kleinen Badeortes in
1972 1099 3055 1202 der Nähe von Wien, in dieselben Beziehungen zu treten, wie
1972 1143 3057 1241 seine Kameraden mit den übrigen weiblichen Mitgliedern der
1972 1182 3055 1289 Bühne, deren Leiter (Herr Tewele) der Ansicht huldigt, daß
1970 1225 3062 1328 bessere Cassenmagnete, wie gute schauspielerische Leistungen die
1970 1269 3046 1368 „Verhältnisse seines Künstlerinnenpersonales sind. Er wird
1961 1320 3046 1416 von der kleinen Schauspielerin, die ein anständiges
1968 1358 3046 1455 Mädchen ist, indeß verschmäht und sucht in seinem
1961 1407 3044 1510 Aerger mit einem Civilisten, Paul Rönning (Herrn
1954 1441 3046 1540 Klein), von dem er weiß, daß er sich für
1954 1481 3041 1586 Anna interessirt, Händel. Er macht eine Bemerkung, die die
1954 1547 3032 1641 weibliche Ehre der Schauspielerin verdächtigt, und wird von
1952 1582 3039 1676 Rönning deshalb mit einer Ohrfeige gezüchtigt. Seine
1945 1625 3032 1722 Kameraden verhindern ihn, den Beleidiger sofort niederzu¬
1945 1667 3030 1756 schlagen, und so sendet er ihm seine Zeugen. Rönning lehnt
1940 1719 3030 1811 als principiellen Duellgegner die Forderung ab, und weigert sich
1943 1763 3027 1848 auch, auf den ihm von den Kameraden Karinski's gemachten Vor¬
1936 1791 3021 1890 schlag eines Scheinduells einzugehen, durch welches diese hoffen,
1940 1841 3023 1935 vor der Welt die Ehre Karinski's retten zu können. Er will mit
1931 1878 3018 1972 Anna, welche durch sein Eintreten für ihre Ehre gerührt, ein¬
1931 1926 3014 2018 willigt, seine Frau zu werden, abreisen. Als er aber von an¬
1931 1966 3016 2071 deren hört, sein Bleiben könne ihm gefährlich werden, da Kaminski
1922 2007 3009 2106 ein neues Rencontre mit ihm suche, bleibt er un, be¬
1928 2059 3014 2151 gegnet dem leidenschaftlich erregten Gegner auf der Promenade.
1896 2085 3165 2182 „Dieser fordert ihn drohend auf, ihm Satisfaction zu geben. Er nclusive
1880 2142 3156 2243 10 lehnt ab und begehrt energisch von Karinski, er solle ihm nicht zahlbar
3043 2181 3147 2214 Porto.
1880 2193 3184 2287 den Weg vertreten. Als das erfolglos bleibt, will er sich mit in Voraus.
1871 2234 3000 2328 5 dem Revolver, den er zu sich gesteckt hat, freie Bahn erzwingen,
1869 2264 3218 2356 10 in demselben Augenblicke hat aber auch schon der Officier te ist das
1919 2306 3227 2416 seine Waffe gezogen und ihn mit einer wohlgezielten Kugel eht es den
1800 2345 3126 2443 Ahon durchbohrt. Das die Handlung der Novität, die bereits den der
1793 2395 2997 2501 Abon Weg über eine Reihe deutscher Bühnen nahm, ehe sie hier in
1901 2448 2995 2543 Scene ging. Der Dialog behandelt mit längst abgenützten
1910 2487 2984 2588 Phrasen die sociale Stellung der Schauspielerinnen und die
1901 2517 2986 2634 Duellfrage. Schnitzler polemisirt gegen das Duell, vermag
1897 2581 2981 2669 aber nur den Theil des Publikums für sich zu gewinnen, der
1896 2613 2986 2715 schon vor der Aufführung mit ihm eines Sinnes war. Aus den
1896 2653 2979 2751 Vorgängen dieses Stückes kann man gerade so viel Argumente für
1894 2705 2974 2797 das Duell entnehmen, wie gegen dasselbe. Das eingehend zu be¬
1892 2742 2977 2846 gründen würde uns zu weit führen und hieße auch der Novität,
1890 2786 2967 2885 in der einige thatsächlich spannenden Scenen mit vielen anderen,
1887 2832 2970 2931 in denen zum Ueberdruß leeres Stroh gedroschen wird, ab¬
1885 2883 2961 2975 wechseln, zu viel Ehre anthun. Der Hauptfehler des Stückes
1878 2922 2965 3021 liegt in der Inconsequenz der Handlungen des Helden, der,
1880 2963 2963 3053 um in der Sprache der Duellgegner zu sprechen, wohl den
1871 3018 2947 3110 „Muth" hat, ein Duell auszuschlagen, aber nicht den „Muth
1878 3046 2963 3145 findet, abzureisen, weil er nicht den Verdacht auf sich laden
1867 3110 2958 3188 will, er fliehe feige vor der ihm durch Karinski drohenden Ge¬
1871 3135 2947 3230 fahr. Der mit Schnitzler gehende Zuschauer sagt sich
1867 3191 2945 3269 natürlich: „Der Mann, der es wagt, ein Duell
1869 3216 2947 3319 auszuschlagen, muß auch den Muth haben, den Verdacht auf
1866 3266 2949 3365 sich zu nehmen, daß man glaubt, er fliehe vor den Drohungen
1862 3313 2949 3398 Karinskis." Die Darstellung der Hauptpartien war, jede für
1862 3345 2940 3450 sich betrachtet, ausgezeichnet. Der leidenschaftliche Karinski, der
1862 3395 2936 3487 Officier, der nur in den Anschauungen des Kreises lebt, in
1857 3434 2933 3533 dem er aufgewachsen ist, kann unmöglich charakteristischer,
1857 3482 2933 3570 vornehmer und wirkungsvoller gegeben werden, als dies Herrn
1850 3524 2926 3616 Reusch gelang; und auch mit Herrn Klein, dem Darstellen
1850 3567 2935 3657 des Rönning, wird der Autor sehr zufrieden sein, er ließ keinen der
1848 3600 2931 3706 ihm in den Mund gelegten Schlager gegen das Duell fallen.
1848 3644 2922 3752 Ein rührendes Bild mädchenhafter Keuschheit und Anmuth
1841 3692 2917 3798 bot Fräulein Sangora, und auch die übrigen als Militär
1846 3745 2917 3841 und Civilisten in die Duellaffaire eingreifenden Darsteller,
1841 3781 2917 3875 die Herren Korff als ein streng nach dem „Coder lebender
1835 3836 2913 3921 Gentleman und Herr Meyer=Eigen als Rittmeister
1835 3875 2915 3974 voran, traten mit ihrer ganzen Persönlichkeit wirksam für die
1835 3903 2912 4009 Ideen des Autors ein, ausgenommen Herr Blum, der als
1832 3956 2915 4046 Officier absolut unmöglich war und seine Rolle in recht schüler¬
1832 3991 2908 4090 hafter Manier herunterleierte. Famose Schauspielertypen boten
1827 4044 2901 4135 die Damen Glümer und Martin, sowie die Herren
1823 4076 2400 4144 Tewele, Worms und Ca¬
1830 4115 1979 4167 le
