3484 4256
228 136 756 255 8. Freiwild
930 134 1326 243 box 14/4
1752 241 2055 378 .
2172 326 2534 419 Telephon 12801.
1806 395 2895 498 Alex. Weigls Unternehmen für Zeitungs-Ausschnitte
2366 488 2717 599 RUER
1799 593 2897 670 I. österr. behördl. konz. Bureau für Zeitungsberichte u. Personalnachrichten
1982 651 2722 743 Wien, I., Concordiaplatz 4.
2215 730 2475 796 Vortretungen
1793 758 2871 855 in Berlin, Budapest, Chicago, Genf, London, New-York,
1793 795 2882 891 Paris, Rom, Mailand, Stockholm, Christiania, St. Petersburg.
2065 861 2605 933 (Quellenangabe ohne Gewähr.)
1782 937 2831 1072 Ausschnitt ausner Montagspost
1971 1024 2168 1099 3. 1905
1778 1036 1939 1117 vom
1810 1166 2736 1291 Schnitzers Freiwid" im Volkstheater.
1683 1276 2760 1338 Nun ist Schnitzlers Drama „Freiwild" auch in Wien
1684 1324 2753 1396 gegeben worden, nachdem es schon im Jahre 1898 im
1687 1384 2749 1450 Buchhandel erschienen und längst an anderen Orten
1687 1444 2755 1525 gespielt worden ist. Die Dichtung bekämpft in doppelter
1687 1500 2753 1575 Richtung soziale Übelstände, sie gleichsam unter einem
1683 1556 2767 1642 Gesichtspunkte betrachtend oder doch mit einander in
1684 1613 2748 1701 Parallele setzend. „Freiwild," das ist die Schauspielerin,
1687 1677 2749 1755 die sich darauf beschränkt, vertragsmäßig ihren
1687 1740 2751 1811 Verpflichtungen zu genügen, und die schutzlos den Launen
1684 1804 2756 1867 des Publikums und der Willkür eines Ungebührliches
1687 1862 2751 1928 von ihr heischenden Direktors ausgesetzt ist. Und „Frei¬
1687 1917 2753 1990 wild" ist auch der Bürger, den ein unglücklicher Zufall,
1682 1980 2764 2047 den fremdes Verschulden in einen Konflikt mit einem
1680 2044 2771 2119 Offizier gebracht hat und der sich weigert, sich den
1684 2092 2753 2166 Bestimmungen eines Ehrenkoder zu unterwerfen, deren
1687 2151 2756 2230 Sinn, deren Billigkeit, deren Berechtigung er nicht an¬
1691 2215 2751 2288 zuerkennen vermag, der es ablehnt, die Ehre eines
1682 2275 2753 2352 Offiziers, die dieser selbst geschädigt hat, mit Einsetzung
1694 2331 2751 2408 seiner Persönlichkeit, mit Aufgabe seiner Grundsätze
1683 2382 2760 2470 wieder herzustellen. Die Schauspielerin, die glaubt, sie
1679 2449 2756 2517 hat genug getan, wenn sie die Bestimmungen ihres
1687 2508 2751 2583 Vertrages erfüllt und die sich durch diesen Vertrag auch
1684 2577 2755 2637 geschützt wähnt, wird auf die Straße gesetzt, wird in
1687 2625 2741 2700 ihrer Existenz vernichtet. Der Bürger, aber, der glaubt
1682 2681 2745 2756 es sei genug, wenn er die staatlichen Gesetze befolgt,
1682 2748 2753 2805 und der sich einbildet, die staatlichen Gesetze verleihen
1679 2788 2755 2884 ihm auch hinreichenden Schutz gegen Vorurteile und
1679 2863 2738 2924 Erpressungen der Gesellschaft wird straflos niederge
1679 2918 2748 2992 hauen oder niedergeschossen. Die Darstellung verdient
1672 2955 2751 3060 volle Anerkennung. Sie hielt sich im frischen Tempo
1684 3038 2749 3115 und ließ doch nirgends die notwendige Dertlichkeit des
1672 3078 2741 3164 Wortes vermissen. In erster Linie sind wohl Kutschera,
1679 3154 2734 3212 der den Gegner des Duellprinzips gab, und die Dar
1691 3209 2743 3285 steller der Offiziere zu nennen. Wenn Kutschera schlichte,
1679 3270 2745 3332 einfache Naturen, die das Vernünftige als das Selbst¬
1682 3326 2741 3403 verständliche vertreten, zu spielen hat, dann ist er un¬
1682 3390 2741 3452 übertrefflich. Einen tüchtigen Partner hatte er an Herrn
1672 3446 2741 3521 Kramer, aber vorzüglich waren auch Herr Höfer und
1682 3514 2738 3578 Herr Jensen als die Darsteller der beiden anderen
1676 3568 2741 3629 Offiziere. Famos in Maske und Spiel war Herr Tewele
1679 3618 2736 3694 als Schmierendirektor. Schlicht und innig spielte Frl.
1671 3692 2741 3764 Erl die junge Schauspielerin. Unter den Darstellern
1672 3742 2734 3810 der verschiedenen vom Dichter mit scharfen Auge ge¬
1677 3798 2729 3879 sehenen und mit sarkastischer Laune gezeichneten Einzel
1675 3870 2738 3959 figuren seien besonders Frau Glöckner und Herr Czasta
1672 3925 1960 4018 hervorgehoben.
