<?xml version="1.0" encoding="UTF-8" standalone="yes"?>
<PcGts xmlns="http://schema.primaresearch.org/PAGE/gts/pagecontent/2013-07-15" xmlns:xsi="http://www.w3.org/2001/XMLSchema-instance" xsi:schemaLocation="http://schema.primaresearch.org/PAGE/gts/pagecontent/2013-07-15 http://schema.primaresearch.org/PAGE/gts/pagecontent/2013-07-15/pagecontent.xsd">
    <Metadata>
        <Creator>prov=READ-COOP:name=PyLaia@TranskribusPlatform:version=2.12.1:model_id=39995:lm=provided:date=28_03_2024_21:32</Creator>
        <Created>2019-10-07T11:48:40.714+02:00</Created>
        <LastChange>2024-03-28T21:32:48.671+01:00</LastChange>
        <TranskribusMetadata docId="223990" pageId="9504865" pageNr="254" tsid="156390455" status="IN_PROGRESS" userId="40391" imgUrl="https://files.transkribus.eu/Get?id=VVJRNDVGFUEVIVURWDWFYLDX&amp;fileType=view" xmlUrl="https://files.transkribus.eu/Get?id=IAJIQJBHRGNRILQSKOBPKQGI" imageId="6195079"/>
    </Metadata>
    <Page imageFilename="223990_0254.jpeg" imageWidth="3436" imageHeight="4384">
        <ReadingOrder>
            <OrderedGroup id="ro_1712662619624" caption="Regions reading order">
                <RegionRefIndexed index="0" regionRef="tr_1"/>
                <RegionRefIndexed index="1" regionRef="tr_2"/>
            </OrderedGroup>
        </ReadingOrder>
        <TextRegion orientation="0.0" id="tr_1" custom="readingOrder {index:0;}">
            <Coords points="188,177 188,334 396,334 396,177"/>
            <TextLine id="tr_1_tl_1" custom="readingOrder {index:0;}">
                <Coords points="173,314 216,317 227,305 245,305 262,320 314,320 334,308 351,320 389,314 386,204 351,204 325,216 279,207 271,213 256,204 230,219 170,225"/>
                <Baseline points="188,277 214,279 240,281 266,282 292,283 318,283 344,283 370,283 396,284"/>
                <TextEquiv>
                    <Unicode>8. F.</Unicode>
                </TextEquiv>
            </TextLine>
            <TextEquiv>
                <Unicode></Unicode>
            </TextEquiv>
        </TextRegion>
        <TextRegion orientation="0.0" id="tr_2" custom="readingOrder {index:1;}">
            <Coords points="415,241 415,3094 3359,3094 3359,241"/>
            <TextLine id="tr_2_tl_1" custom="readingOrder {index:0;}">
                <Coords points="864,299 921,288 944,302 1062,305 1091,288 1114,302 1272,305 1275,204 1157,207 1128,193 1077,204 1057,225 1005,227 904,184 867,190"/>
                <Baseline points="880,271 905,269 930,268 955,268 980,269 1005,271 1030,270 1055,268 1080,268 1105,268 1130,268 1155,267 1180,266 1205,264 1230,262 1255,262 1281,262"/>
                <TextEquiv>
                    <Unicode>box 14/3</Unicode>
                </TextEquiv>
            </TextLine>
            <TextLine id="tr_2_tl_2" custom="readingOrder {index:1;}">
                <Coords points="481,311 535,314 550,302 570,314 625,314 633,305 651,317 671,314 674,213 653,219 633,204 619,216 596,210 556,236 535,225 481,222"/>
                <Baseline points="498,280 523,280 549,279 575,276 601,274 627,274 653,277 679,281"/>
                <TextEquiv>
                    <Unicode>wil-</Unicode>
                </TextEquiv>
            </TextLine>
            <TextLine id="tr_2_tl_3" custom="readingOrder {index:2;}">
                <Coords points="2836,967 3011,982 3057,956 3072,970 3141,959 3164,979 3193,956 3216,973 3279,956 3325,973 3328,915 3276,927 3216,881 3121,901 3023,884 2997,904 2931,890 2910,904 2838,878"/>
                <Baseline points="2851,958 2876,958 2901,958 2926,958 2952,958 2977,958 3002,958 3028,958 3053,958 3078,958 3104,958 3129,957 3154,955 3180,957 3205,958 3230,958 3256,956 3281,953 3306,952 3332,952"/>
                <TextEquiv>
                    <Unicode>General Gonse: Ich wo</Unicode>
                </TextEquiv>
            </TextLine>
            <TextLine id="tr_2_tl_4" custom="readingOrder {index:3;}">
                <Coords points="1592,987 2712,990 2689,895 1595,921"/>
                <Baseline points="1609,976 1664,976 1719,976 1775,976 1830,974 1886,975 1941,973 1996,973 2052,970 2107,970 2163,970 2218,970 2273,967 2329,965 2384,967 2440,967 2495,964 2550,964 2606,962 2661,963 2717,967"/>
                <TextEquiv>
                    <Unicode>Seneca. Sonse, welcher mir sagte, wie unangenehm es sei,</Unicode>
                </TextEquiv>
            </TextLine>
            <TextLine id="tr_2_tl_5" custom="readingOrder {index:4;}">
                <Coords points="2741,1022 3328,1010 3328,970 3276,953 3250,973 3057,956 3005,982 2870,970 2810,927 2741,930"/>
                <Baseline points="2756,1006 2786,1006 2816,1007 2847,1009 2877,1007 2908,1006 2938,1006 2969,1006 2999,1006 3030,1005 3060,1003 3091,1003 3121,1003 3152,1003 3182,1003 3213,1002 3243,1000 3274,1002 3304,1003 3335,1003"/>
                <TextEquiv>
                    <Unicode>Machination. Oberst Sandher</Unicode>
                </TextEquiv>
            </TextLine>
            <TextLine id="tr_2_tl_6" custom="readingOrder {index:5;}">
                <Coords points="1664,1031 2410,1028 2444,1019 2447,973 1667,979"/>
                <Baseline points="1681,1021 1719,1018 1758,1020 1796,1021 1835,1020 1873,1018 1912,1018 1950,1018 1989,1016 2027,1015 2066,1015 2104,1015 2143,1015 2181,1015 2220,1015 2258,1013 2297,1012 2335,1011 2374,1010 2412,1012 2451,1012"/>
                <TextEquiv>
                    <Unicode>Picquart sich in diese Affaire so verbeißt.</Unicode>
                </TextEquiv>
            </TextLine>
            <TextLine id="tr_2_tl_7" custom="readingOrder {index:6;}">
                <Coords points="403,1039 1543,1033 1543,953 403,985"/>
                <Baseline points="418,1033 474,1030 531,1029 587,1027 644,1027 700,1027 757,1027 813,1027 870,1027 926,1027 983,1026 1040,1024 1096,1024 1153,1024 1209,1024 1266,1024 1322,1024 1379,1023 1435,1022 1492,1022 1549,1024"/>
                <TextEquiv>
                    <Unicode>Ich bin der Meinung, daß der Ausdruck in dem Artikel</Unicode>
                </TextEquiv>
            </TextLine>
            <TextLine id="tr_2_tl_8" custom="readingOrder {index:7;}">
                <Coords points="2746,1062 2876,1077 2942,1054 2980,1071 3129,1051 3325,1059 3325,1008 2746,1016"/>
                <Baseline points="2762,1054 2790,1054 2819,1054 2847,1054 2876,1054 2904,1054 2933,1054 2961,1052 2990,1051 3018,1051 3047,1053 3075,1052 3104,1049 3132,1048 3161,1049 3189,1050 3218,1051 3246,1051 3275,1049 3303,1048 3332,1048"/>
                <TextEquiv>
                    <Unicode>Wahrheit. Ich habe den Karte</Unicode>
                </TextEquiv>
            </TextLine>
            <TextLine id="tr_2_tl_9" custom="readingOrder {index:8;}">
                <Coords points="1678,1082 2317,1062 2620,1108 2712,1082 2692,987 2407,1031 1678,1031"/>
                <Baseline points="1693,1069 1744,1066 1795,1066 1847,1066 1898,1066 1949,1066 2001,1063 2052,1063 2103,1063 2155,1063 2206,1061 2257,1060 2309,1060 2360,1060 2411,1060 2463,1060 2514,1059 2565,1057 2617,1057 2668,1057 2720,1054"/>
                <TextEquiv>
                    <Unicode>Präsident: Sprachen beide Herren, als sie ins</Unicode>
                </TextEquiv>
            </TextLine>
            <TextLine id="tr_2_tl_10" custom="readingOrder {index:9;}">
                <Coords points="403,1088 1540,1077 1520,1028 403,1039"/>
                <Baseline points="418,1078 474,1075 530,1075 587,1075 643,1075 700,1075 756,1075 812,1073 869,1075 925,1072 982,1072 1038,1072 1094,1072 1151,1072 1207,1072 1264,1072 1320,1072 1376,1072 1433,1072 1489,1070 1546,1072"/>
                <TextEquiv>
                    <Unicode>Zola's, die militärischen Richter hätten auf Befehl geurtheilt</Unicode>
                </TextEquiv>
            </TextLine>
            <TextLine id="tr_2_tl_11" custom="readingOrder {index:10;}">
                <Coords points="2755,1128 2830,1134 2882,1105 2936,1131 3060,1111 3098,1126 3149,1105 3313,1126 3313,1054 2974,1068 2954,1051 2870,1082 2850,1062 2755,1059"/>
                <Baseline points="2771,1104 2798,1103 2825,1101 2853,1101 2880,1101 2908,1101 2935,1101 2963,1101 2990,1101 3018,1100 3045,1098 3072,1098 3100,1098 3127,1097 3155,1096 3182,1096 3210,1096 3237,1096 3265,1096 3292,1098 3320,1101"/>
                <TextEquiv>
                    <Unicode>sehen, nachdem Picquart ihn</Unicode>
                </TextEquiv>
            </TextLine>
            <TextLine id="tr_2_tl_12" custom="readingOrder {index:11;}">
                <Coords points="403,1140 2329,1126 2312,1059 403,1085"/>
                <Baseline points="418,1122 513,1122 609,1122 705,1122 800,1119 896,1119 992,1119 1087,1118 1183,1118 1279,1119 1375,1119 1470,1119 1566,1116 1662,1113 1757,1116 1853,1113 1949,1113 2044,1110 2140,1108 2236,1107 2332,1107"/>
                <TextEquiv>
                    <Unicode>den Gedanken Zola's überschritten habe. Auch ich wollte Bureau eintraten, über dieses Dossier?</Unicode>
                </TextEquiv>
            </TextLine>
            <TextLine id="tr_2_tl_13" custom="readingOrder {index:12;}">
                <Coords points="2838,1160 2948,1175 2994,1160 3325,1160 3325,1111 3305,1108 3241,1120 3164,1103 3100,1126 3060,1111 2997,1128 2910,1111 2838,1120"/>
                <Baseline points="2854,1158 2879,1156 2904,1156 2929,1158 2954,1158 2979,1158 3004,1156 3030,1155 3055,1155 3080,1154 3105,1152 3130,1152 3155,1152 3181,1152 3206,1152 3231,1152 3256,1152 3281,1152 3306,1150 3332,1146"/>
                <TextEquiv>
                    <Unicode>Picquart: Das kann in</Unicode>
                </TextEquiv>
            </TextLine>
            <TextLine id="tr_2_tl_14" custom="readingOrder {index:13;}">
                <Coords points="2761,1209 2988,1221 3132,1200 3227,1223 3328,1198 3328,1166 3293,1152 3221,1169 3193,1154 3172,1169 2885,1160 2870,1175 2818,1149 2761,1157"/>
                <Baseline points="2777,1206 2804,1206 2832,1206 2860,1205 2888,1203 2916,1203 2944,1203 2972,1203 3000,1203 3028,1203 3056,1201 3083,1200 3111,1200 3139,1200 3167,1200 3195,1200 3223,1200 3251,1200 3279,1198 3307,1196 3335,1194"/>
                <TextEquiv>
                    <Unicode>fall in der Familie und eine</Unicode>
                </TextEquiv>
            </TextLine>
            <TextLine id="tr_2_tl_15" custom="readingOrder {index:14;}">
                <Coords points="1586,1235 2720,1212 2720,1157 1586,1175"/>
                <Baseline points="1603,1218 1659,1218 1715,1218 1771,1218 1827,1215 1883,1215 1939,1215 1996,1215 2052,1215 2108,1214 2164,1212 2220,1212 2276,1212 2332,1209 2389,1209 2445,1209 2501,1209 2557,1206 2613,1206 2669,1206 2726,1209"/>
                <TextEquiv>
                    <Unicode>solche wüste Rauferei ist das begrenzte Gefecht im Beisein</Unicode>
                </TextEquiv>
            </TextLine>
            <TextLine id="tr_2_tl_16" custom="readingOrder {index:15;}">
                <Coords points="403,1238 1555,1232 1555,1177 403,1195"/>
                <Baseline points="418,1230 475,1227 532,1227 589,1224 646,1224 703,1224 760,1224 818,1224 875,1224 932,1224 989,1221 1046,1221 1103,1223 1160,1224 1218,1224 1275,1224 1332,1224 1389,1221 1446,1224 1503,1222 1561,1221"/>
                <TextEquiv>
                    <Unicode>meint, er brauche sich nicht todtschießen zu lassen, weil</Unicode>
                </TextEquiv>
            </TextLine>
            <TextLine id="tr_2_tl_17" custom="readingOrder {index:16;}">
                <Coords points="2746,1258 2988,1255 3075,1275 3106,1249 3262,1267 3322,1255 3325,1195 3218,1226 3135,1200 3072,1218 2746,1215"/>
                <Baseline points="2762,1251 2790,1251 2818,1251 2847,1251 2875,1251 2903,1251 2932,1251 2960,1251 2988,1251 3017,1251 3045,1249 3073,1248 3102,1248 3130,1246 3158,1246 3187,1247 3215,1247 3243,1245 3272,1245 3300,1244 3329,1242"/>
                <TextEquiv>
                    <Unicode>Verbindung unterbrochen. Im</Unicode>
                </TextEquiv>
            </TextLine>
            <TextLine id="tr_2_tl_18" custom="readingOrder {index:17;}">
                <Coords points="1578,1272 2677,1267 2715,1215 1580,1232"/>
                <Baseline points="1594,1263 1650,1266 1706,1265 1762,1263 1819,1263 1875,1263 1931,1265 1988,1263 2044,1260 2100,1260 2157,1260 2213,1260 2269,1257 2325,1257 2382,1257 2438,1257 2494,1254 2551,1254 2607,1253 2663,1251 2720,1251"/>
                <TextEquiv>
                    <Unicode>wachsamer Ehrenzeugen und nach Regeln eine feine Ein¬</Unicode>
                </TextEquiv>
            </TextLine>
            <TextLine id="tr_2_tl_19" custom="readingOrder {index:18;}">
                <Coords points="1062,1278 1552,1284 1552,1229 1526,1226 1149,1244 1062,1229"/>
                <Baseline points="1078,1272 1103,1272 1128,1272 1153,1272 1179,1271 1204,1270 1229,1269 1254,1269 1280,1269 1305,1271 1330,1271 1355,1270 1381,1269 1406,1269 1431,1269 1456,1269 1482,1269 1507,1268 1532,1267 1558,1269"/>
                <TextEquiv>
                    <Unicode>Ja, war er selbst etwa</Unicode>
                </TextEquiv>
            </TextLine>
            <TextLine id="tr_2_tl_20" custom="readingOrder {index:19;}">
                <Coords points="400,1290 1022,1275 1022,1232 990,1229 400,1235"/>
                <Baseline points="415,1275 445,1275 476,1275 507,1274 538,1272 568,1272 599,1272 630,1272 661,1272 691,1272 722,1272 753,1272 784,1272 814,1271 845,1269 876,1271 907,1271 937,1269 968,1269 999,1270 1030,1272"/>
                <TextEquiv>
                    <Unicode>Karinski sich roh betragen habe.</Unicode>
                </TextEquiv>
            </TextLine>
            <TextLine id="tr_2_tl_21" custom="readingOrder {index:20;}">
                <Coords points="2755,1301 2882,1316 3328,1298 3328,1252 3161,1267 3103,1252 3077,1275 2988,1252 2755,1255"/>
                <Baseline points="2771,1299 2799,1299 2827,1299 2855,1298 2883,1296 2911,1296 2939,1297 2967,1299 2995,1298 3023,1296 3051,1296 3079,1295 3107,1293 3135,1295 3163,1295 3191,1293 3219,1293 3247,1293 3275,1293 3303,1293 3332,1293"/>
                <TextEquiv>
                    <Unicode>Boisdeffre. Er sagte mi</Unicode>
                </TextEquiv>
            </TextLine>
            <TextLine id="tr_2_tl_22" custom="readingOrder {index:21;}">
                <Coords points="1578,1318 2018,1350 2139,1313 2271,1353 2718,1324 2720,1261 1578,1272"/>
                <Baseline points="1594,1314 1650,1311 1707,1314 1763,1315 1820,1312 1877,1311 1933,1311 1990,1311 2046,1311 2103,1308 2160,1308 2216,1306 2273,1305 2329,1308 2386,1305 2443,1303 2499,1302 2556,1302 2612,1302 2669,1300 2726,1305"/>
                <TextEquiv>
                    <Unicode>richtung civilisirter Menschen. Wollte der Verfasser das</Unicode>
                </TextEquiv>
            </TextLine>
            <TextLine id="tr_2_tl_23" custom="readingOrder {index:22;}">
                <Coords points="409,1330 1552,1318 1552,1281 1462,1270 409,1284"/>
                <Baseline points="424,1322 480,1322 537,1320 594,1322 650,1320 707,1319 764,1318 820,1316 877,1316 934,1316 991,1316 1047,1316 1104,1316 1161,1316 1217,1316 1274,1316 1331,1316 1387,1314 1444,1315 1501,1314 1558,1316"/>
                <TextEquiv>
                    <Unicode>nicht roh gegen den Lieutenant? Der Schlag war schlimmer</Unicode>
                </TextEquiv>
            </TextLine>
            <TextLine id="tr_2_tl_24" custom="readingOrder {index:23;}">
                <Coords points="2761,1356 2885,1350 2908,1370 2931,1347 3014,1341 3178,1362 3262,1339 3319,1353 3319,1295 3218,1316 3098,1295 2931,1318 2761,1304"/>
                <Baseline points="2777,1346 2804,1344 2831,1346 2859,1344 2886,1344 2914,1345 2941,1345 2969,1343 2996,1341 3024,1340 3051,1340 3078,1340 3106,1340 3133,1340 3161,1340 3188,1340 3216,1340 3243,1340 3271,1338 3298,1338 3326,1340"/>
                <TextEquiv>
                    <Unicode>fortsetzen und discret sein. I</Unicode>
                </TextEquiv>
            </TextLine>
            <TextLine id="tr_2_tl_25" custom="readingOrder {index:24;}">
                <Coords points="409,1373 1776,1367 1776,1313 409,1330"/>
                <Baseline points="424,1370 491,1367 559,1367 627,1367 695,1367 763,1365 831,1365 899,1364 967,1364 1035,1364 1103,1364 1170,1364 1238,1364 1306,1364 1374,1364 1442,1361 1510,1361 1578,1361 1646,1358 1714,1358 1782,1358"/>
                <TextEquiv>
                    <Unicode>als die Beschimpfung und wurde auch nur darum versetzt, beweisen?</Unicode>
                </TextEquiv>
            </TextLine>
            <TextLine id="tr_2_tl_26" custom="readingOrder {index:25;}">
                <Coords points="2752,1402 2977,1422 3011,1405 3098,1419 3149,1396 3195,1393 3213,1413 3316,1399 3316,1353 3288,1339 3184,1362 3017,1341 2908,1367 2752,1356"/>
                <Baseline points="2768,1391 2795,1391 2823,1391 2851,1391 2879,1391 2906,1391 2934,1391 2962,1391 2990,1391 3017,1391 3045,1390 3073,1389 3101,1388 3128,1388 3156,1390 3184,1390 3212,1388 3239,1388 3267,1388 3295,1388 3323,1391"/>
                <TextEquiv>
                    <Unicode>Bericht an Boisdeffre machte,</Unicode>
                </TextEquiv>
            </TextLine>
            <TextLine id="tr_2_tl_27" custom="readingOrder {index:26;}">
                <Coords points="1678,1413 2703,1405 2729,1333 2355,1318 2214,1362 1897,1324 1678,1370"/>
                <Baseline points="1693,1403 1747,1406 1802,1406 1857,1406 1911,1404 1966,1403 2021,1403 2075,1400 2130,1400 2185,1400 2239,1400 2294,1397 2349,1398 2403,1398 2458,1397 2513,1394 2567,1394 2622,1394 2677,1394 2732,1391"/>
                <TextEquiv>
                    <Unicode>Gegen das Duell wird wol erst derjenige Dichter etwas</Unicode>
                </TextEquiv>
            </TextLine>
            <TextLine id="tr_2_tl_28" custom="readingOrder {index:27;}">
                <Coords points="406,1428 1555,1416 1503,1367 406,1376"/>
                <Baseline points="421,1415 477,1415 534,1415 591,1415 648,1415 705,1415 762,1412 818,1412 875,1412 932,1412 989,1412 1046,1410 1103,1409 1160,1412 1216,1413 1273,1413 1330,1412 1387,1412 1444,1411 1501,1409 1558,1409"/>
                <TextEquiv>
                    <Unicode>Wenn Rönning alle vernünftigen Gründe, die gegen den</Unicode>
                </TextEquiv>
            </TextLine>
            <TextLine id="tr_2_tl_29" custom="readingOrder {index:28;}">
                <Coords points="2749,1454 2766,1454 2778,1462 2790,1457 2798,1462 2807,1454 2844,1457 2864,1445 2885,1448 2885,1411 2867,1408 2856,1396 2836,1405 2821,1399 2775,1399 2766,1405 2752,1402"/>
                <Baseline points="2768,1439 2793,1439 2818,1439 2843,1439 2868,1438 2893,1436"/>
                <TextEquiv>
                    <Unicode>Gonse.</Unicode>
                </TextEquiv>
            </TextLine>
            <TextLine id="tr_2_tl_30" custom="readingOrder {index:29;}">
                <Coords points="1583,1460 2720,1457 2720,1402 2683,1399 1583,1411"/>
                <Baseline points="1600,1454 1656,1454 1712,1454 1769,1452 1825,1451 1882,1451 1938,1451 1995,1451 2051,1448 2108,1448 2164,1448 2220,1448 2277,1445 2333,1445 2390,1447 2446,1445 2503,1445 2559,1442 2616,1442 2672,1442 2729,1442"/>
                <TextEquiv>
                    <Unicode>ausrichten, der es lächerlich machen kann. Freilich, wann hat</Unicode>
                </TextEquiv>
            </TextLine>
            <TextLine id="tr_2_tl_31" custom="readingOrder {index:30;}">
                <Coords points="406,1471 1555,1468 1555,1413 406,1425"/>
                <Baseline points="421,1466 477,1463 534,1463 591,1464 648,1464 705,1460 762,1461 818,1462 875,1460 932,1460 989,1459 1046,1457 1103,1457 1160,1463 1216,1462 1273,1458 1330,1457 1387,1457 1444,1457 1501,1455 1558,1454"/>
                <TextEquiv>
                    <Unicode>Zweikampf sprechen, neuerlich vorträgt, so wird ihm jeder</Unicode>
                </TextEquiv>
            </TextLine>
            <TextLine id="tr_2_tl_32" custom="readingOrder {index:31;}">
                <Coords points="2841,1491 3100,1483 3141,1500 3328,1485 3328,1428 3288,1425 3262,1445 3170,1445 3135,1416 3072,1460 3026,1434 2988,1457 2919,1436 2841,1454"/>
                <Baseline points="2857,1484 2882,1484 2907,1484 2932,1484 2957,1484 2982,1484 3007,1484 3032,1483 3057,1481 3082,1481 3107,1481 3132,1481 3157,1481 3182,1481 3207,1482 3232,1483 3257,1483 3282,1481 3307,1481 3332,1481"/>
                <TextEquiv>
                    <Unicode>Labori: Warum ha</Unicode>
                </TextEquiv>
            </TextLine>
            <TextLine id="tr_2_tl_33" custom="readingOrder {index:32;}">
                <Coords points="1589,1506 2712,1497 2712,1451 2654,1442 1888,1483 1589,1460"/>
                <Baseline points="1606,1496 1661,1500 1717,1502 1773,1499 1828,1499 1884,1500 1940,1498 1995,1499 2051,1496 2107,1496 2163,1496 2218,1494 2274,1493 2330,1493 2385,1491 2441,1492 2497,1490 2552,1490 2608,1490 2664,1490 2720,1487"/>
                <TextEquiv>
                    <Unicode>Shakespeare Narren in „Wie es euch gefällt" sagen</Unicode>
                </TextEquiv>
            </TextLine>
            <TextLine id="tr_2_tl_34" custom="readingOrder {index:33;}">
                <Coords points="409,1523 1552,1517 1552,1460 409,1483"/>
                <Baseline points="424,1514 480,1511 537,1511 594,1510 650,1508 707,1508 764,1508 820,1506 877,1505 934,1508 991,1506 1047,1508 1104,1508 1161,1505 1217,1505 1274,1505 1331,1505 1387,1505 1444,1504 1501,1502 1558,1502"/>
                <TextEquiv>
                    <Unicode>Mensch im Zuschauerraume Recht geben. Nur in einem</Unicode>
                </TextEquiv>
            </TextLine>
            <TextLine id="tr_2_tl_35" custom="readingOrder {index:34;}">
                <Coords points="2758,1560 2876,1537 3072,1555 3123,1531 3322,1531 3322,1483 2821,1503 2758,1477"/>
                <Baseline points="2774,1537 2801,1534 2829,1534 2857,1534 2885,1534 2912,1533 2940,1532 2968,1532 2996,1532 3023,1532 3051,1532 3079,1531 3107,1529 3134,1529 3162,1529 3190,1529 3218,1529 3245,1529 3273,1527 3301,1526 3329,1526"/>
                <TextEquiv>
                    <Unicode>Picquart wegen seiner Unterle</Unicode>
                </TextEquiv>
            </TextLine>
            <TextLine id="tr_2_tl_36" custom="readingOrder {index:35;}">
                <Coords points="1583,1549 2718,1543 2718,1497 2617,1488 1750,1529 1583,1503"/>
                <Baseline points="1600,1546 1656,1546 1712,1547 1768,1549 1824,1549 1880,1549 1936,1548 1993,1544 2049,1543 2105,1542 2161,1540 2217,1540 2273,1540 2329,1537 2386,1537 2442,1537 2498,1537 2554,1536 2610,1534 2666,1534 2723,1532"/>
                <TextEquiv>
                    <Unicode>lassen: „O He, wir raufen nach dem Buchstaben, nach</Unicode>
                </TextEquiv>
            </TextLine>
            <TextLine id="tr_2_tl_37" custom="readingOrder {index:36;}">
                <Coords points="409,1566 1552,1555 1555,1517 1439,1503 412,1529"/>
                <Baseline points="424,1561 480,1558 537,1558 594,1555 651,1555 708,1555 765,1553 821,1554 878,1552 935,1555 992,1552 1049,1554 1106,1552 1163,1552 1219,1550 1276,1552 1333,1552 1390,1549 1447,1549 1504,1549 1561,1546"/>
                <TextEquiv>
                    <Unicode>einzigen Falle hat er nicht Recht, und das ist eben der¬</Unicode>
                </TextEquiv>
            </TextLine>
            <TextLine id="tr_2_tl_38" custom="readingOrder {index:37;}">
                <Coords points="2841,1583 2885,1609 2928,1583 3077,1580 3155,1612 3331,1586 3331,1537 3311,1531 3195,1546 3103,1531 3060,1557 2985,1537 2841,1546"/>
                <Baseline points="2857,1576 2882,1578 2907,1579 2932,1579 2958,1579 2983,1579 3008,1579 3034,1579 3059,1578 3084,1576 3110,1576 3135,1576 3160,1576 3186,1576 3211,1576 3236,1576 3262,1576 3287,1574 3312,1574 3338,1576"/>
                <TextEquiv>
                    <Unicode>Gonse: Man hat nic</Unicode>
                </TextEquiv>
            </TextLine>
            <TextLine id="tr_2_tl_39" custom="readingOrder {index:38;}">
                <Coords points="1589,1601 2723,1595 2723,1540 2637,1534 1589,1555"/>
                <Baseline points="1606,1594 1662,1592 1718,1594 1774,1594 1830,1591 1886,1592 1942,1593 1999,1591 2055,1591 2111,1590 2167,1588 2223,1588 2279,1588 2335,1585 2392,1585 2448,1585 2504,1585 2560,1585 2616,1584 2672,1582 2729,1582"/>
                <TextEquiv>
                    <Unicode>Büchern, wie es ja auch Complimentirbücher gibt. Ich will</Unicode>
                </TextEquiv>
            </TextLine>
            <TextLine id="tr_2_tl_40" custom="readingOrder {index:39;}">
                <Coords points="406,1626 1555,1603 1557,1552 409,1569"/>
                <Baseline points="421,1609 477,1606 534,1606 591,1603 648,1603 705,1600 762,1600 818,1600 875,1600 932,1600 989,1600 1046,1600 1103,1597 1160,1597 1216,1600 1273,1598 1330,1597 1387,1597 1444,1597 1501,1597 1558,1597"/>
                <TextEquiv>
                    <Unicode>jenige, welcher in diesem Schauspiele vorkommt. Gewisse</Unicode>
                </TextEquiv>
            </TextLine>
            <TextLine id="tr_2_tl_41" custom="readingOrder {index:40;}">
                <Coords points="2752,1661 2810,1664 2873,1629 2896,1644 2919,1644 2931,1632 2954,1644 3040,1632 3040,1592 3014,1583 2991,1580 2959,1598 2928,1580 2882,1609 2841,1578 2804,1575 2781,1557 2758,1563"/>
                <Baseline points="2771,1639 2798,1633 2825,1630 2852,1630 2879,1629 2907,1627 2934,1627 2961,1626 2988,1625 3015,1625 3043,1627"/>
                <TextEquiv>
                    <Unicode>genau gewußt.</Unicode>
                </TextEquiv>
            </TextLine>
            <TextLine id="tr_2_tl_42" custom="readingOrder {index:41;}">
                <Coords points="409,1661 2718,1632 2718,1589 2648,1580 409,1626"/>
                <Baseline points="424,1657 539,1651 654,1651 769,1649 884,1648 999,1646 1114,1648 1229,1648 1344,1645 1459,1643 1575,1642 1690,1639 1805,1639 1920,1639 2035,1637 2150,1636 2265,1634 2380,1633 2495,1630 2610,1630 2726,1633"/>
                <TextEquiv>
                    <Unicode>Handlungen schaffen zwischen dem Thätigen und dem Lei= euch die Grade nennen. Der erste: die höfliche Antwort</Unicode>
                </TextEquiv>
            </TextLine>
            <TextLine id="tr_2_tl_43" custom="readingOrder {index:42;}">
                <Coords points="2844,1687 3331,1678 3331,1606 3204,1626 3170,1598 2985,1644 2844,1635"/>
                <Baseline points="2860,1675 2885,1672 2910,1673 2935,1675 2960,1673 2985,1672 3010,1672 3036,1672 3061,1672 3086,1671 3111,1669 3136,1669 3161,1669 3187,1669 3212,1668 3237,1667 3262,1667 3287,1669 3312,1669 3338,1669"/>
                <TextEquiv>
                    <Unicode>Labori: Warum hat</Unicode>
                </TextEquiv>
            </TextLine>
            <TextLine id="tr_2_tl_44" custom="readingOrder {index:43;}">
                <Coords points="1586,1696 2720,1684 2720,1629 1586,1647"/>
                <Baseline points="1603,1690 1659,1687 1715,1687 1771,1687 1827,1687 1883,1687 1939,1687 1996,1687 2052,1687 2108,1684 2164,1684 2220,1682 2276,1681 2332,1681 2389,1680 2445,1680 2501,1678 2557,1677 2613,1676 2669,1678 2726,1681"/>
                <TextEquiv>
                    <Unicode>der zweite: der feine Stich; der dritte: die grobe Replik</Unicode>
                </TextEquiv>
            </TextLine>
            <TextLine id="tr_2_tl_45" custom="readingOrder {index:44;}">
                <Coords points="412,1719 1560,1704 1560,1650 412,1658"/>
                <Baseline points="427,1702 483,1702 540,1702 597,1699 654,1697 711,1696 768,1696 824,1696 881,1696 938,1696 995,1694 1052,1694 1109,1693 1166,1696 1222,1693 1279,1693 1336,1693 1393,1693 1450,1693 1507,1693 1564,1687"/>
                <TextEquiv>
                    <Unicode>denden gleichsam ein Vertragsverhältniß, wenn es überhaupt</Unicode>
                </TextEquiv>
            </TextLine>
            <TextLine id="tr_2_tl_46" custom="readingOrder {index:45;}">
                <Coords points="2755,1733 2810,1750 2876,1724 2968,1739 3083,1719 3328,1727 3328,1681 3270,1667 3230,1687 3100,1670 2867,1687 2836,1658 2755,1661"/>
                <Baseline points="2771,1726 2799,1723 2827,1723 2855,1722 2883,1720 2911,1720 2939,1720 2967,1720 2995,1719 3023,1717 3051,1717 3079,1716 3107,1714 3135,1714 3163,1715 3191,1717 3219,1717 3247,1717 3275,1715 3303,1714 3332,1714"/>
                <TextEquiv>
                    <Unicode>wohlwollenden Briefe an Pie¬</Unicode>
                </TextEquiv>
            </TextLine>
            <TextLine id="tr_2_tl_47" custom="readingOrder {index:46;}">
                <Coords points="1586,1739 2712,1739 2692,1684 1586,1693"/>
                <Baseline points="1603,1735 1658,1735 1714,1735 1770,1735 1826,1732 1882,1733 1938,1733 1993,1732 2049,1732 2105,1732 2161,1732 2217,1732 2273,1729 2329,1729 2384,1728 2440,1726 2496,1726 2552,1723 2608,1723 2664,1725 2720,1726"/>
                <TextEquiv>
                    <Unicode>der vierte: die tapfere Abfertigung; der fünfte: der trotzig</Unicode>
                </TextEquiv>
            </TextLine>
            <TextLine id="tr_2_tl_48" custom="readingOrder {index:47;}">
                <Coords points="412,1765 1560,1747 1560,1701 1511,1696 412,1719"/>
                <Baseline points="427,1755 483,1750 540,1747 597,1744 654,1744 711,1744 768,1744 824,1744 881,1744 938,1741 995,1741 1052,1741 1109,1741 1166,1741 1222,1741 1279,1741 1336,1741 1393,1741 1450,1740 1507,1738 1564,1741"/>
                <TextEquiv>
                    <Unicode>giltige Gebräuche und Regeln im Verkehre der Menschen</Unicode>
                </TextEquiv>
            </TextLine>
            <TextLine id="tr_2_tl_49" custom="readingOrder {index:48;}">
                <Coords points="2841,1776 2885,1791 2971,1768 3005,1782 3141,1768 3253,1779 3331,1768 3334,1730 3253,1716 3144,1733 3075,1721 3054,1736 2844,1727"/>
                <Baseline points="2857,1764 2882,1764 2907,1764 2932,1764 2958,1766 2983,1767 3008,1765 3034,1764 3059,1764 3084,1764 3110,1764 3135,1763 3160,1761 3186,1761 3211,1761 3236,1761 3262,1761 3287,1761 3312,1760 3338,1758"/>
                <TextEquiv>
                    <Unicode>Gonse: Damals kannt</Unicode>
                </TextEquiv>
            </TextLine>
            <TextLine id="tr_2_tl_50" custom="readingOrder {index:49;}">
                <Coords points="1589,1788 2726,1773 2726,1733 2519,1721 1589,1742"/>
                <Baseline points="1606,1782 1662,1779 1718,1782 1774,1782 1831,1779 1887,1779 1943,1779 2000,1779 2056,1779 2112,1779 2169,1778 2225,1776 2281,1776 2337,1773 2394,1773 2450,1773 2506,1770 2563,1770 2619,1770 2675,1770 2732,1770"/>
                <TextEquiv>
                    <Unicode>Widerspruch; der sechste: die Lüge mit Umschweifen; der</Unicode>
                </TextEquiv>
            </TextLine>
            <TextLine id="tr_2_tl_51" custom="readingOrder {index:50;}">
                <Coords points="412,1808 1557,1802 1531,1742 415,1765"/>
                <Baseline points="430,1797 486,1794 543,1793 600,1791 656,1791 713,1791 770,1790 826,1790 883,1791 940,1788 997,1788 1053,1788 1110,1788 1167,1788 1223,1788 1280,1788 1337,1788 1393,1788 1450,1787 1507,1785 1564,1782"/>
                <TextEquiv>
                    <Unicode>unter einander gibt. Dieser tolle Lieutenant ist nicht</Unicode>
                </TextEquiv>
            </TextLine>
            <TextLine id="tr_2_tl_52" custom="readingOrder {index:51;}">
                <Coords points="2761,1828 3328,1811 3328,1770 2971,1768 2885,1791 2818,1753 2761,1773"/>
                <Baseline points="2777,1821 2804,1818 2832,1818 2860,1817 2888,1815 2916,1813 2944,1812 2972,1812 3000,1812 3028,1812 3056,1812 3083,1811 3111,1809 3139,1809 3167,1809 3195,1809 3223,1808 3251,1806 3279,1806 3307,1807 3335,1809"/>
                <TextEquiv>
                    <Unicode>sachen, welche man ihm vorwi</Unicode>
                </TextEquiv>
            </TextLine>
            <TextLine id="tr_2_tl_53" custom="readingOrder {index:52;}">
                <Coords points="1595,1845 2718,1825 2700,1776 1595,1788"/>
                <Baseline points="1612,1833 1667,1829 1723,1827 1779,1827 1834,1827 1890,1827 1946,1827 2001,1827 2057,1827 2113,1824 2169,1824 2224,1822 2280,1821 2336,1821 2391,1821 2447,1821 2503,1818 2558,1818 2614,1816 2670,1817 2726,1818"/>
                <TextEquiv>
                    <Unicode>siebente: die offenbare Lüge. Bei allen diesen könnt ihr noch</Unicode>
                </TextEquiv>
            </TextLine>
            <TextLine id="tr_2_tl_54" custom="readingOrder {index:53;}">
                <Coords points="415,1848 1557,1840 1557,1796 1465,1788 415,1808"/>
                <Baseline points="430,1845 486,1842 543,1841 600,1839 656,1839 713,1839 770,1837 826,1837 883,1836 940,1836 997,1835 1053,1835 1110,1836 1167,1836 1223,1836 1280,1836 1337,1836 1393,1835 1450,1833 1507,1831 1564,1827"/>
                <TextEquiv>
                    <Unicode>mehr im Unrecht, nachdem er den Backenstreich er¬</Unicode>
                </TextEquiv>
            </TextLine>
            <TextLine id="tr_2_tl_55" custom="readingOrder {index:54;}">
                <Coords points="2755,1871 3017,1860 3063,1886 3092,1863 3334,1865 3334,1811 2755,1831"/>
                <Baseline points="2771,1866 2799,1863 2828,1861 2856,1860 2885,1860 2913,1860 2942,1860 2970,1858 2999,1857 3027,1857 3056,1859 3084,1859 3113,1857 3141,1857 3170,1857 3198,1857 3227,1857 3255,1857 3284,1855 3312,1854 3341,1854"/>
                <TextEquiv>
                    <Unicode>tisirt von dieser Affaire. M.</Unicode>
                </TextEquiv>
            </TextLine>
            <TextLine id="tr_2_tl_56" custom="readingOrder {index:55;}">
                <Coords points="1586,1883 2720,1874 2720,1828 2574,1816 1586,1845"/>
                <Baseline points="1603,1878 1659,1875 1715,1875 1771,1875 1828,1875 1884,1875 1940,1875 1997,1873 2053,1872 2109,1872 2166,1871 2222,1869 2278,1869 2334,1869 2391,1869 2447,1867 2503,1866 2560,1866 2616,1865 2672,1863 2729,1866"/>
                <TextEquiv>
                    <Unicode>ausweichen, außer bei der offenbaren Lüge; und sogar aus</Unicode>
                </TextEquiv>
            </TextLine>
            <TextLine id="tr_2_tl_57" custom="readingOrder {index:56;}">
                <Coords points="415,1903 1557,1894 1557,1837 1497,1834 415,1842"/>
                <Baseline points="430,1893 486,1887 543,1887 600,1887 656,1885 713,1887 770,1883 826,1881 883,1883 940,1884 997,1883 1053,1881 1110,1881 1167,1884 1223,1881 1280,1881 1337,1881 1393,1881 1450,1880 1507,1878 1564,1878"/>
                <TextEquiv>
                    <Unicode>halten hat. Der Schimpf ist auf seinen Waffenrock</Unicode>
                </TextEquiv>
            </TextLine>
            <TextLine id="tr_2_tl_58" custom="readingOrder {index:57;}">
                <Coords points="2755,1911 2887,1914 2916,1932 3328,1903 3328,1880 3276,1860 3193,1877 3089,1863 3060,1886 3008,1860 2824,1880 2755,1868"/>
                <Baseline points="2771,1908 2799,1911 2827,1909 2855,1908 2883,1908 2911,1908 2939,1908 2967,1908 2995,1907 3023,1905 3051,1905 3079,1905 3107,1905 3135,1903 3163,1903 3191,1905 3219,1904 3247,1902 3275,1902 3303,1901 3332,1899"/>
                <TextEquiv>
                    <Unicode>Afrika geschickt, damit seine</Unicode>
                </TextEquiv>
            </TextLine>
            <TextLine id="tr_2_tl_59" custom="readingOrder {index:58;}">
                <Coords points="1589,1935 2718,1917 2718,1871 2646,1868 1589,1883"/>
                <Baseline points="1606,1926 1662,1924 1718,1925 1774,1923 1830,1923 1886,1922 1942,1921 1998,1921 2054,1920 2110,1920 2166,1920 2222,1918 2278,1917 2334,1917 2390,1918 2446,1915 2502,1911 2558,1912 2614,1912 2670,1911 2726,1908"/>
                <TextEquiv>
                    <Unicode>dieser kann man sich noch durch ein „Wenn heraus</Unicode>
                </TextEquiv>
            </TextLine>
            <TextLine id="tr_2_tl_60" custom="readingOrder {index:59;}">
                <Coords points="417,1952 1560,1937 1560,1891 1508,1883 417,1903"/>
                <Baseline points="433,1941 489,1935 546,1935 603,1934 659,1932 716,1929 773,1929 829,1929 886,1931 943,1929 1000,1929 1056,1929 1113,1929 1170,1929 1226,1929 1283,1929 1340,1929 1396,1928 1453,1926 1510,1926 1567,1926"/>
                <TextEquiv>
                    <Unicode>gespritzt, und er wird diesen ablegen müssen, wenn es ihm</Unicode>
                </TextEquiv>
            </TextLine>
            <TextLine id="tr_2_tl_61" custom="readingOrder {index:60;}">
                <Coords points="2761,1978 2804,1995 2867,1960 3005,1952 3075,1969 3155,1952 3334,1963 3334,1906 3311,1900 3221,1920 3106,1909 3069,1929 2761,1917"/>
                <Baseline points="2777,1962 2805,1959 2833,1959 2861,1958 2889,1956 2917,1954 2945,1953 2973,1953 3001,1952 3029,1950 3057,1950 3085,1950 3113,1950 3141,1950 3169,1950 3197,1950 3225,1950 3253,1950 3281,1948 3309,1947 3338,1947"/>
                <TextEquiv>
                    <Unicode>nehmen und er wieder ein gut</Unicode>
                </TextEquiv>
            </TextLine>
            <TextLine id="tr_2_tl_62" custom="readingOrder {index:61;}">
                <Coords points="1586,1983 2729,1983 2732,1911 1589,1932"/>
                <Baseline points="1603,1976 1659,1971 1716,1973 1772,1971 1829,1969 1886,1968 1942,1968 1999,1968 2055,1968 2112,1968 2169,1968 2225,1964 2282,1965 2338,1962 2395,1965 2452,1963 2508,1962 2565,1959 2621,1959 2678,1959 2735,1962"/>
                <TextEquiv>
                    <Unicode>ziehen..." Und wie lange hat es noch gedauert, bis die</Unicode>
                </TextEquiv>
            </TextLine>
            <TextLine id="tr_2_tl_63" custom="readingOrder {index:62;}">
                <Coords points="415,1989 1557,1989 1557,1937 1405,1929 415,1946"/>
                <Baseline points="430,1982 486,1982 543,1981 600,1980 656,1980 713,1979 770,1978 826,1976 883,1974 940,1976 997,1976 1053,1976 1110,1976 1167,1976 1223,1975 1280,1975 1337,1976 1393,1973 1450,1974 1507,1974 1564,1973"/>
                <TextEquiv>
                    <Unicode>nicht gelingt, ein bischen Blut, eigenes oder fremdes, zum</Unicode>
                </TextEquiv>
            </TextLine>
            <TextLine id="tr_2_tl_64" custom="readingOrder {index:63;}">
                <Coords points="2844,2009 2980,2024 3023,2004 3331,2009 3334,1963 3279,1955 2847,1966"/>
                <Baseline points="2860,2003 2885,2000 2910,2000 2935,2000 2960,2000 2985,2000 3010,1998 3036,1997 3061,1997 3086,1997 3111,1997 3136,1997 3161,1997 3187,1997 3212,1997 3237,1997 3262,1996 3287,1994 3312,1995 3338,1997"/>
                <TextEquiv>
                    <Unicode>Oberstlieutenant Pieg¬</Unicode>
                </TextEquiv>
            </TextLine>
            <TextLine id="tr_2_tl_65" custom="readingOrder {index:64;}">
                <Coords points="1583,2027 2591,2021 2591,1972 2539,1966 1586,1986"/>
                <Baseline points="1603,2018 1652,2018 1702,2018 1752,2018 1802,2015 1851,2015 1901,2015 1951,2015 2001,2015 2050,2015 2100,2015 2150,2012 2200,2012 2249,2011 2299,2009 2349,2010 2399,2012 2448,2010 2498,2007 2548,2006 2598,2009"/>
                <TextEquiv>
                    <Unicode>Ehrenhändel aus den Sitten Englands verschwanden.</Unicode>
                </TextEquiv>
            </TextLine>
            <TextLine id="tr_2_tl_66" custom="readingOrder {index:65;}">
                <Coords points="415,2035 1557,2027 1557,1986 1480,1978 415,1989"/>
                <Baseline points="430,2030 486,2027 543,2027 600,2027 656,2025 713,2024 770,2024 826,2024 883,2024 940,2024 997,2024 1053,2024 1110,2024 1167,2021 1223,2024 1280,2022 1337,2024 1393,2021 1450,2021 1507,2019 1564,2018"/>
                <TextEquiv>
                    <Unicode>Abwaschen des Flecks zu bekommen. Der Beleidiger weigert</Unicode>
                </TextEquiv>
            </TextLine>
            <TextLine id="tr_2_tl_67" custom="readingOrder {index:66;}">
                <Coords points="2758,2055 3109,2067 3175,2050 3193,2067 3221,2047 3325,2053 3328,2012 3026,2004 2977,2024 2761,2001"/>
                <Baseline points="2774,2048 2801,2048 2829,2049 2857,2051 2885,2050 2913,2048 2941,2048 2969,2047 2997,2045 3025,2045 3053,2045 3080,2045 3108,2045 3136,2045 3164,2045 3192,2045 3220,2045 3248,2045 3276,2046 3304,2048 3332,2048"/>
                <TextEquiv>
                    <Unicode>Gonse in Erinnerung, daß,</Unicode>
                </TextEquiv>
            </TextLine>
            <TextLine id="tr_2_tl_68" custom="readingOrder {index:67;}">
                <Coords points="1684,2084 2726,2070 2726,1992 2450,2035 1684,2030"/>
                <Baseline points="1699,2072 1750,2072 1802,2072 1853,2072 1905,2072 1957,2072 2008,2069 2060,2069 2112,2069 2163,2069 2215,2069 2267,2067 2318,2066 2370,2066 2422,2066 2473,2065 2525,2063 2577,2063 2628,2063 2680,2060 2732,2060"/>
                <TextEquiv>
                    <Unicode>An einer Stelle war Schnitzler auf der Spur solcher</Unicode>
                </TextEquiv>
            </TextLine>
            <TextLine id="tr_2_tl_69" custom="readingOrder {index:68;}">
                <Coords points="423,2087 1557,2073 1531,2027 423,2035"/>
                <Baseline points="438,2078 494,2075 550,2075 606,2075 663,2072 719,2072 775,2071 832,2069 888,2072 944,2069 1001,2069 1057,2069 1113,2069 1169,2069 1226,2070 1282,2072 1338,2072 1395,2071 1451,2069 1507,2069 1564,2075"/>
                <TextEquiv>
                    <Unicode>sich jedoch, ihm die Wohlthat eines Waffenganges zu erweisen,</Unicode>
                </TextEquiv>
            </TextLine>
            <TextLine id="tr_2_tl_70" custom="readingOrder {index:69;}">
                <Coords points="2758,2107 3051,2099 3077,2125 3135,2099 3311,2099 3311,2053 3247,2047 3193,2067 3175,2050 3109,2067 2933,2047 2856,2067 2758,2055"/>
                <Baseline points="2774,2099 2801,2099 2828,2099 2855,2097 2882,2096 2909,2096 2936,2096 2964,2096 2991,2094 3018,2093 3045,2093 3072,2093 3099,2093 3126,2091 3154,2090 3181,2090 3208,2090 3235,2090 3262,2090 3289,2089 3317,2087"/>
                <TextEquiv>
                    <Unicode>Uebereinstimmung mit seinen</Unicode>
                </TextEquiv>
            </TextLine>
            <TextLine id="tr_2_tl_71" custom="readingOrder {index:70;}">
                <Coords points="1595,2127 2720,2125 2720,2070 2651,2064 1595,2070"/>
                <Baseline points="1612,2123 1667,2120 1723,2122 1779,2121 1835,2120 1891,2120 1947,2120 2002,2120 2058,2117 2114,2117 2170,2115 2226,2114 2282,2114 2338,2114 2393,2114 2449,2112 2505,2114 2561,2111 2617,2110 2673,2110 2729,2108"/>
                <TextEquiv>
                    <Unicode>Lustigmacherei. Den Hohlkopf und Ehrenmann Poldi Greh</Unicode>
                </TextEquiv>
            </TextLine>
            <TextLine id="tr_2_tl_72" custom="readingOrder {index:71;}">
                <Coords points="420,2142 1563,2119 1529,2073 423,2084"/>
                <Baseline points="436,2129 492,2123 549,2120 606,2120 662,2120 719,2120 776,2119 832,2117 889,2117 946,2117 1003,2117 1059,2117 1116,2114 1173,2117 1229,2117 1286,2117 1343,2117 1399,2116 1456,2115 1513,2115 1570,2120"/>
                <TextEquiv>
                    <Unicode>selbst als der Secundant Karinski's vertraulich ein Schein¬</Unicode>
                </TextEquiv>
            </TextLine>
            <TextLine id="tr_2_tl_73" custom="readingOrder {index:72;}">
                <Coords points="2764,2150 2841,2176 2893,2150 2942,2173 3069,2148 3086,2165 3132,2145 3325,2148 3325,2090 3233,2110 3135,2099 3080,2122 3051,2099 2764,2101"/>
                <Baseline points="2780,2147 2807,2147 2835,2147 2862,2146 2890,2144 2918,2144 2945,2144 2973,2144 3000,2142 3028,2141 3056,2141 3083,2141 3111,2141 3138,2139 3166,2138 3194,2138 3221,2138 3249,2138 3276,2138 3304,2137 3332,2135"/>
                <TextEquiv>
                    <Unicode>Truppe geschickt zu werden.</Unicode>
                </TextEquiv>
            </TextLine>
            <TextLine id="tr_2_tl_74" custom="readingOrder {index:73;}">
                <Coords points="1595,2176 2732,2171 2732,2119 2617,2110 1595,2127"/>
                <Baseline points="1612,2171 1668,2171 1724,2169 1780,2171 1837,2168 1893,2168 1949,2168 2006,2168 2062,2168 2118,2165 2175,2164 2231,2162 2287,2162 2343,2162 2400,2162 2456,2160 2512,2159 2569,2158 2625,2157 2681,2159 2738,2159"/>
                <TextEquiv>
                    <Unicode>linger läßt er einige gelungene Albernheiten zur Vertheidigung</Unicode>
                </TextEquiv>
            </TextLine>
            <TextLine id="tr_2_tl_75" custom="readingOrder {index:74;}">
                <Coords points="417,2185 1552,2168 1552,2119 1425,2113 417,2142"/>
                <Baseline points="433,2177 489,2171 545,2170 601,2168 657,2168 713,2167 769,2165 825,2165 881,2165 937,2165 994,2165 1050,2165 1106,2165 1162,2165 1218,2165 1274,2167 1330,2165 1386,2165 1442,2164 1498,2162 1555,2162"/>
                <TextEquiv>
                    <Unicode>gefecht anbietet. Dazu ist Rönning wieder zu ehrlich. Und</Unicode>
                </TextEquiv>
            </TextLine>
            <TextLine id="tr_2_tl_76" custom="readingOrder {index:75;}">
                <Coords points="2847,2205 3023,2205 3072,2225 3098,2199 3184,2199 3207,2220 3279,2194 3339,2231 3339,2153 3313,2148 2847,2162"/>
                <Baseline points="2863,2194 2888,2194 2913,2194 2939,2196 2964,2197 2990,2197 3015,2196 3041,2194 3066,2194 3092,2194 3117,2194 3143,2194 3168,2194 3194,2193 3219,2192 3245,2192 3270,2192 3296,2192 3321,2193 3347,2194"/>
                <TextEquiv>
                    <Unicode>General Gonse gibt hie</Unicode>
                </TextEquiv>
            </TextLine>
            <TextLine id="tr_2_tl_77" custom="readingOrder {index:76;}">
                <Coords points="1586,2228 2729,2217 2729,2171 2634,2162 2032,2194 1586,2168"/>
                <Baseline points="1603,2215 1659,2215 1716,2216 1772,2216 1829,2215 1886,2215 1942,2214 1999,2212 2055,2212 2112,2209 2169,2209 2225,2209 2282,2209 2338,2209 2395,2206 2452,2206 2508,2206 2565,2205 2621,2203 2678,2203 2735,2200"/>
                <TextEquiv>
                    <Unicode>des Ehrencoder fallen. Wenn man eine Sache schlecht ver¬</Unicode>
                </TextEquiv>
            </TextLine>
            <TextLine id="tr_2_tl_78" custom="readingOrder {index:77;}">
                <Coords points="415,2234 1555,2222 1555,2168 1491,2165 415,2182"/>
                <Baseline points="430,2218 486,2218 543,2215 599,2215 656,2213 712,2212 769,2212 825,2212 882,2212 938,2212 995,2210 1052,2212 1108,2209 1165,2209 1221,2212 1278,2212 1334,2212 1391,2211 1447,2209 1504,2209 1561,2206"/>
                <TextEquiv>
                    <Unicode>wenn Karinski durch den ungeahndeten Schlag den Officiers¬</Unicode>
                </TextEquiv>
            </TextLine>
            <TextLine id="tr_2_tl_79" custom="readingOrder {index:78;}">
                <Coords points="2766,2254 2948,2271 3011,2245 3187,2260 3319,2240 3319,2214 3282,2194 3207,2217 3187,2194 3100,2199 3072,2225 3023,2205 2766,2202"/>
                <Baseline points="2783,2251 2810,2248 2837,2248 2864,2246 2891,2246 2918,2248 2945,2247 2973,2245 3000,2243 3027,2243 3054,2245 3081,2243 3108,2242 3135,2242 3163,2242 3190,2242 3217,2240 3244,2239 3271,2239 3298,2239 3326,2239"/>
                <TextEquiv>
                    <Unicode>die Mission, welche man</Unicode>
                </TextEquiv>
            </TextLine>
            <TextLine id="tr_2_tl_80" custom="readingOrder {index:79;}">
                <Coords points="415,2280 1557,2268 1557,2222 1396,2214 415,2228"/>
                <Baseline points="430,2260 486,2263 543,2262 600,2260 656,2260 713,2260 770,2260 826,2260 883,2260 940,2257 997,2257 1053,2257 1110,2257 1167,2260 1223,2258 1280,2258 1337,2257 1393,2257 1450,2257 1507,2255 1564,2257"/>
                <TextEquiv>
                    <Unicode>rock verwirkt habe, möge er ihn einfach ablegen. Man warnt</Unicode>
                </TextEquiv>
            </TextLine>
            <TextLine id="tr_2_tl_81" custom="readingOrder {index:80;}">
                <Coords points="1592,2271 2732,2289 2706,2208 1595,2222"/>
                <Baseline points="1612,2266 1668,2263 1724,2266 1781,2264 1837,2263 1894,2263 1950,2263 2007,2261 2063,2260 2120,2260 2176,2257 2232,2259 2289,2257 2345,2257 2402,2256 2458,2254 2515,2254 2571,2254 2628,2254 2684,2254 2741,2251"/>
                <TextEquiv>
                    <Unicode>theidigt, schadet man ihr oft mehr, als wenn man sie gut</Unicode>
                </TextEquiv>
            </TextLine>
            <TextLine id="tr_2_tl_82" custom="readingOrder {index:81;}">
                <Coords points="2758,2297 3066,2291 3126,2317 3187,2294 3339,2297 3342,2231 3322,2228 3190,2263 2761,2254"/>
                <Baseline points="2774,2296 2802,2298 2831,2296 2859,2293 2888,2293 2917,2293 2945,2293 2974,2291 3003,2290 3031,2290 3060,2290 3089,2290 3117,2290 3146,2290 3175,2290 3203,2288 3232,2287 3261,2287 3289,2287 3318,2288 3347,2290"/>
                <TextEquiv>
                    <Unicode>ihn an die Grenze von T.</Unicode>
                </TextEquiv>
            </TextLine>
            <TextLine id="tr_2_tl_83" custom="readingOrder {index:82;}">
                <Coords points="417,2323 1552,2309 1511,2263 417,2274"/>
                <Baseline points="433,2311 489,2311 545,2310 601,2310 658,2308 714,2308 770,2308 826,2306 883,2305 939,2305 995,2305 1051,2305 1108,2305 1164,2305 1220,2305 1276,2305 1333,2305 1389,2305 1445,2305 1501,2305 1558,2302"/>
                <TextEquiv>
                    <Unicode>den Hartnäckigen vor der Rache des zur Verzweiflung ge¬</Unicode>
                </TextEquiv>
            </TextLine>
            <TextLine id="tr_2_tl_84" custom="readingOrder {index:83;}">
                <Coords points="1595,2338 1618,2335 1638,2346 1670,2338 1704,2317 1768,2320 1768,2280 1736,2277 1724,2268 1704,2280 1698,2274 1690,2280 1673,2274 1595,2280"/>
                <Baseline points="1612,2314 1639,2311 1666,2311 1694,2311 1721,2311 1748,2311 1776,2311"/>
                <TextEquiv>
                    <Unicode>angreift.</Unicode>
                </TextEquiv>
            </TextLine>
            <TextLine id="tr_2_tl_85" custom="readingOrder {index:84;}">
                <Coords points="1696,2369 3276,2355 3334,2343 3336,2294 2815,2309 2663,2266 1698,2317"/>
                <Baseline points="1711,2356 1792,2356 1874,2356 1955,2356 2037,2353 2119,2353 2200,2350 2282,2349 2364,2348 2445,2348 2527,2347 2609,2347 2690,2347 2772,2341 2854,2344 2935,2344 3017,2338 3099,2338 3180,2337 3262,2335 3344,2332"/>
                <TextEquiv>
                    <Unicode>Sonst geht nicht viel in dem Stücke vor. Paul Rönning Das geschah nicht, um ihn ti</Unicode>
                </TextEquiv>
            </TextLine>
            <TextLine id="tr_2_tl_86" custom="readingOrder {index:85;}">
                <Coords points="417,2363 1560,2366 1560,2309 417,2323"/>
                <Baseline points="433,2359 489,2356 546,2358 603,2356 659,2356 716,2356 773,2355 829,2355 886,2354 943,2353 1000,2353 1056,2353 1113,2353 1170,2353 1226,2353 1283,2353 1340,2353 1396,2353 1453,2352 1510,2350 1567,2350"/>
                <TextEquiv>
                    <Unicode>triebenen Officiers. Das will er abwarten, denn er ist nicht</Unicode>
                </TextEquiv>
            </TextLine>
            <TextLine id="tr_2_tl_87" custom="readingOrder {index:86;}">
                <Coords points="2764,2404 3302,2389 3325,2386 3328,2346 3288,2361 3135,2340 3086,2361 3008,2340 2945,2363 2766,2346"/>
                <Baseline points="2780,2395 2807,2394 2835,2393 2863,2391 2891,2389 2918,2389 2946,2389 2974,2389 3002,2386 3029,2383 3057,2385 3085,2385 3113,2383 3140,2383 3168,2383 3196,2383 3224,2383 3251,2383 3279,2383 3307,2382 3335,2380"/>
                <TextEquiv>
                    <Unicode>hauptete. Wir haben</Unicode>
                </TextEquiv>
            </TextLine>
            <TextLine id="tr_2_tl_88" custom="readingOrder {index:87;}">
                <Coords points="1601,2412 2735,2404 2692,2349 1601,2361"/>
                <Baseline points="1615,2404 1671,2404 1727,2404 1783,2404 1840,2404 1896,2401 1952,2401 2009,2401 2065,2401 2121,2401 2178,2398 2234,2396 2290,2395 2346,2395 2403,2396 2459,2398 2515,2395 2572,2393 2628,2395 2684,2395 2741,2395"/>
                <TextEquiv>
                    <Unicode>und Anna Riedel waren vor dem Todtschlag über ihre</Unicode>
                </TextEquiv>
            </TextLine>
            <TextLine id="tr_2_tl_89" custom="readingOrder {index:88;}">
                <Coords points="417,2418 1557,2407 1534,2355 417,2363"/>
                <Baseline points="433,2407 489,2407 546,2404 602,2404 659,2404 715,2404 772,2403 828,2401 885,2401 941,2401 998,2399 1055,2401 1111,2401 1168,2398 1224,2401 1281,2401 1337,2401 1394,2398 1450,2398 1507,2398 1564,2404"/>
                <TextEquiv>
                    <Unicode>ohne Muth, und aus Trotz verschiebt er auch seine Abreise</Unicode>
                </TextEquiv>
            </TextLine>
            <TextLine id="tr_2_tl_90" custom="readingOrder {index:89;}">
                <Coords points="2772,2441 2847,2458 2931,2435 3049,2453 3066,2435 3336,2435 3336,2392 3296,2384 2772,2404"/>
                <Baseline points="2789,2439 2816,2438 2844,2436 2872,2435 2900,2433 2927,2433 2955,2433 2983,2433 3011,2435 3038,2436 3066,2434 3094,2432 3122,2430 3149,2430 3177,2430 3205,2430 3233,2430 3260,2430 3288,2428 3316,2428 3344,2430"/>
                <TextEquiv>
                    <Unicode>unsere Officiere zu</Unicode>
                </TextEquiv>
            </TextLine>
            <TextLine id="tr_2_tl_91" custom="readingOrder {index:90;}">
                <Coords points="1589,2467 2741,2453 2741,2407 2663,2392 1592,2407"/>
                <Baseline points="1609,2451 1665,2451 1722,2451 1779,2451 1836,2451 1892,2451 1949,2448 2006,2448 2063,2448 2119,2445 2176,2445 2233,2445 2290,2445 2346,2442 2403,2442 2460,2442 2517,2442 2573,2440 2630,2442 2687,2440 2744,2439"/>
                <TextEquiv>
                    <Unicode>Heirat einig geworden. Jetzt ist das arme Mädchen wieder</Unicode>
                </TextEquiv>
            </TextLine>
            <TextLine id="tr_2_tl_92" custom="readingOrder {index:91;}">
                <Coords points="417,2470 1557,2453 1557,2410 1500,2407 417,2418"/>
                <Baseline points="433,2451 489,2451 546,2451 602,2451 659,2451 715,2451 772,2448 828,2448 885,2448 941,2445 998,2448 1055,2446 1111,2448 1168,2445 1224,2448 1281,2448 1337,2448 1394,2447 1450,2445 1507,2445 1564,2448"/>
                <TextEquiv>
                    <Unicode>die schon beschlossen war. Er sei nicht wehrlos, meint er</Unicode>
                </TextEquiv>
            </TextLine>
            <TextLine id="tr_2_tl_93" custom="readingOrder {index:92;}">
                <Coords points="2764,2496 3336,2490 3339,2438 2931,2435 2844,2458 2764,2441"/>
                <Baseline points="2780,2484 2808,2484 2836,2484 2864,2483 2892,2481 2921,2481 2949,2480 2977,2479 3005,2478 3033,2478 3062,2478 3090,2478 3118,2478 3146,2476 3174,2475 3203,2475 3231,2475 3259,2475 3287,2475 3315,2474 3344,2472"/>
                <TextEquiv>
                    <Unicode>Roman. Es handelte sich do</Unicode>
                </TextEquiv>
            </TextLine>
            <TextLine id="tr_2_tl_94" custom="readingOrder {index:93;}">
                <Coords points="1592,2502 2735,2496 2700,2438 1595,2470"/>
                <Baseline points="1609,2499 1665,2499 1722,2499 1778,2497 1835,2496 1892,2499 1948,2496 2005,2496 2061,2496 2118,2493 2175,2493 2231,2491 2288,2490 2344,2493 2401,2490 2458,2488 2514,2490 2571,2489 2627,2487 2684,2487 2741,2487"/>
                <TextEquiv>
                    <Unicode>verlassen und weiß nicht, wohin es sich wenden soll. Ein</Unicode>
                </TextEquiv>
            </TextLine>
            <TextLine id="tr_2_tl_95" custom="readingOrder {index:94;}">
                <Coords points="426,2507 1563,2507 1563,2458 1514,2447 426,2467"/>
                <Baseline points="441,2502 497,2499 553,2499 610,2499 666,2497 723,2496 779,2496 836,2494 892,2493 949,2493 1005,2493 1061,2493 1118,2493 1174,2493 1231,2494 1287,2494 1344,2493 1400,2493 1457,2493 1513,2491 1570,2493"/>
                <TextEquiv>
                    <Unicode>und zieht seinen Revolver halb aus der Tasche. Richtig, der</Unicode>
                </TextEquiv>
            </TextLine>
            <TextLine id="tr_2_tl_96" custom="readingOrder {index:95;}">
                <Coords points="2758,2542 2985,2530 3031,2548 3063,2528 3193,2545 3239,2525 3345,2542 3345,2487 3296,2476 3267,2493 2758,2496"/>
                <Baseline points="2774,2532 2802,2532 2831,2532 2860,2532 2889,2530 2918,2529 2946,2529 2975,2529 3004,2529 3033,2529 3062,2527 3090,2526 3119,2526 3148,2526 3177,2526 3206,2524 3234,2523 3263,2523 3292,2523 3321,2524 3350,2526"/>
                <TextEquiv>
                    <Unicode>weil die Muselmanen du</Unicode>
                </TextEquiv>
            </TextLine>
            <TextLine id="tr_2_tl_97" custom="readingOrder {index:96;}">
                <Coords points="1601,2551 2729,2576 2729,2496 2669,2487 1601,2505"/>
                <Baseline points="1615,2544 1671,2546 1727,2544 1783,2544 1839,2544 1895,2544 1951,2544 2007,2544 2063,2544 2119,2544 2175,2542 2231,2541 2287,2538 2343,2538 2399,2538 2455,2538 2511,2535 2567,2535 2623,2535 2679,2535 2735,2535"/>
                <TextEquiv>
                    <Unicode>kurzer, blutiger Zwischenfall, und es sinkt zurück in das</Unicode>
                </TextEquiv>
            </TextLine>
            <TextLine id="tr_2_tl_98" custom="readingOrder {index:97;}">
                <Coords points="426,2556 1566,2551 1569,2499 1494,2496 429,2507"/>
                <Baseline points="441,2550 497,2547 554,2546 611,2544 668,2544 724,2544 781,2543 838,2541 895,2543 951,2541 1008,2541 1065,2541 1122,2541 1178,2541 1235,2543 1292,2541 1349,2541 1405,2541 1462,2541 1519,2539 1576,2544"/>
                <TextEquiv>
                    <Unicode>Lieutenant kommt. Noch einmal und zum letztenmal fragt</Unicode>
                </TextEquiv>
            </TextLine>
            <TextLine id="tr_2_tl_99" custom="readingOrder {index:98;}">
                <Coords points="2764,2594 2841,2608 2876,2582 3331,2585 3334,2530 2766,2536"/>
                <Baseline points="2780,2580 2808,2580 2836,2580 2864,2580 2892,2580 2920,2580 2948,2579 2976,2577 3004,2576 3032,2574 3060,2574 3088,2573 3116,2571 3144,2571 3172,2571 3200,2571 3228,2571 3256,2571 3284,2569 3312,2568 3341,2568"/>
                <TextEquiv>
                    <Unicode>wegung im Orient sehr</Unicode>
                </TextEquiv>
            </TextLine>
            <TextLine id="tr_2_tl_100" custom="readingOrder {index:99;}">
                <Coords points="426,2600 1566,2600 1566,2553 1514,2542 426,2562"/>
                <Baseline points="441,2598 497,2595 554,2594 610,2592 667,2592 724,2589 780,2591 837,2591 893,2592 950,2589 1007,2589 1063,2589 1120,2589 1176,2589 1233,2589 1290,2589 1346,2589 1403,2590 1459,2592 1516,2588 1573,2589"/>
                <TextEquiv>
                    <Unicode>Karinski den Beleidiger, ob er ihm Genugthuung geben</Unicode>
                </TextEquiv>
            </TextLine>
            <TextLine id="tr_2_tl_101" custom="readingOrder {index:100;}">
                <Coords points="1601,2611 1900,2591 1998,2605 2024,2600 2027,2553 1603,2553"/>
                <Baseline points="1615,2598 1640,2597 1666,2595 1692,2595 1718,2595 1744,2595 1770,2594 1796,2593 1822,2592 1848,2592 1874,2590 1900,2589 1926,2591 1952,2592 1978,2592 2004,2591 2030,2589"/>
                <TextEquiv>
                    <Unicode>Proletariat der Kunst.</Unicode>
                </TextEquiv>
            </TextLine>
            <TextLine id="tr_2_tl_102" custom="readingOrder {index:101;}">
                <Coords points="2847,2625 2919,2640 3020,2628 3034,2643 3123,2625 3144,2646 3184,2625 3204,2640 3250,2617 3285,2640 3328,2623 3328,2585 3256,2574 3178,2591 3161,2576 2971,2576 2954,2594 2893,2576 2847,2594"/>
                <Baseline points="2863,2622 2889,2622 2915,2622 2941,2622 2967,2622 2994,2622 3020,2622 3046,2622 3072,2622 3099,2620 3125,2619 3151,2619 3177,2620 3203,2622 3230,2618 3256,2616 3282,2616 3308,2616 3335,2616"/>
                <TextEquiv>
                    <Unicode>Oberstlieutenant Picqu</Unicode>
                </TextEquiv>
            </TextLine>
            <TextLine id="tr_2_tl_103" custom="readingOrder {index:102;}">
                <Coords points="1690,2648 2738,2631 2741,2568 2574,2556 1693,2600"/>
                <Baseline points="1705,2639 1759,2639 1814,2638 1869,2636 1923,2636 1978,2636 2033,2639 2087,2635 2142,2633 2197,2633 2251,2630 2306,2630 2361,2630 2415,2630 2470,2630 2525,2630 2579,2629 2634,2628 2689,2628 2744,2630"/>
                <TextEquiv>
                    <Unicode>Die Darstellung verdient Lob. Die kleinen Rollen</Unicode>
                </TextEquiv>
            </TextLine>
            <TextLine id="tr_2_tl_104" custom="readingOrder {index:103;}">
                <Coords points="423,2654 1560,2640 1529,2591 423,2611"/>
                <Baseline points="438,2642 494,2639 550,2641 607,2639 663,2639 720,2639 776,2637 833,2637 889,2636 946,2636 1002,2636 1058,2634 1115,2636 1171,2636 1228,2636 1284,2636 1341,2636 1397,2633 1454,2633 1510,2633 1567,2630"/>
                <TextEquiv>
                    <Unicode>wolle. Nein! ist die feste Antwort. Beide haben ihren Re¬</Unicode>
                </TextEquiv>
            </TextLine>
            <TextLine id="tr_2_tl_105" custom="readingOrder {index:104;}">
                <Coords points="2766,2683 3354,2674 3357,2634 3253,2620 3207,2640 3190,2625 3146,2643 3126,2625 2902,2640 2824,2597 2769,2594"/>
                <Baseline points="2783,2675 2811,2673 2840,2672 2869,2672 2898,2670 2927,2669 2955,2669 2984,2669 3013,2669 3042,2669 3071,2669 3099,2668 3128,2666 3157,2666 3186,2666 3215,2664 3243,2663 3272,2663 3301,2661 3330,2660 3359,2660"/>
                <TextEquiv>
                    <Unicode>Ordre erhielt, mich an die Ge¬</Unicode>
                </TextEquiv>
            </TextLine>
            <TextLine id="tr_2_tl_106" custom="readingOrder {index:105;}">
                <Coords points="1595,2695 2738,2686 2738,2631 1756,2669 1598,2611"/>
                <Baseline points="1612,2690 1668,2687 1725,2688 1781,2687 1838,2684 1895,2684 1951,2684 2008,2686 2064,2687 2121,2684 2178,2681 2234,2679 2291,2678 2347,2678 2404,2678 2461,2678 2517,2678 2574,2675 2630,2675 2687,2675 2744,2678"/>
                <TextEquiv>
                    <Unicode>wurden gut und lustig gespielt. Herr Klein sprach die Reden</Unicode>
                </TextEquiv>
            </TextLine>
            <TextLine id="tr_2_tl_107" custom="readingOrder {index:106;}">
                <Coords points="423,2697 1572,2695 1572,2634 423,2651"/>
                <Baseline points="438,2690 494,2687 551,2687 608,2687 665,2685 722,2684 779,2686 836,2684 893,2684 950,2684 1007,2684 1063,2684 1120,2682 1177,2684 1234,2681 1291,2681 1348,2681 1405,2681 1462,2681 1519,2681 1576,2684"/>
                <TextEquiv>
                    <Unicode>volver heimlich in der Tasche gepackt. Der Lieutenant ist</Unicode>
                </TextEquiv>
            </TextLine>
            <TextLine id="tr_2_tl_108" custom="readingOrder {index:107;}">
                <Coords points="2766,2729 2922,2720 3008,2741 3057,2718 3089,2735 3115,2718 3339,2723 3339,2677 3285,2663 3236,2680 3155,2669 3118,2692 3083,2671 2766,2686"/>
                <Baseline points="2783,2720 2811,2717 2839,2717 2867,2717 2895,2717 2923,2717 2951,2717 2979,2717 3007,2716 3035,2714 3063,2714 3091,2713 3119,2711 3147,2711 3175,2711 3203,2711 3231,2711 3259,2711 3287,2711 3315,2712 3344,2714"/>
                <TextEquiv>
                    <Unicode>war er überrascht und verlang</Unicode>
                </TextEquiv>
            </TextLine>
            <TextLine id="tr_2_tl_109" custom="readingOrder {index:108;}">
                <Coords points="1601,2743 2735,2735 2735,2686 2680,2677 1601,2692"/>
                <Baseline points="1615,2735 1671,2735 1727,2735 1783,2733 1840,2732 1896,2732 1952,2732 2009,2732 2065,2732 2121,2729 2178,2729 2234,2729 2290,2726 2346,2725 2403,2723 2459,2725 2515,2723 2572,2723 2628,2723 2684,2723 2741,2723"/>
                <TextEquiv>
                    <Unicode>des Duellverweigerers mit männlicher Wärme. Und beson¬</Unicode>
                </TextEquiv>
            </TextLine>
            <TextLine id="tr_2_tl_110" custom="readingOrder {index:109;}">
                <Coords points="423,2743 1566,2732 1540,2686 423,2697"/>
                <Baseline points="438,2738 494,2735 551,2735 608,2734 665,2732 721,2732 778,2732 835,2732 892,2732 948,2732 1005,2732 1062,2732 1119,2732 1175,2729 1232,2730 1289,2730 1346,2729 1402,2729 1459,2729 1516,2727 1573,2732"/>
                <TextEquiv>
                    <Unicode>schneller und schießt Herrn Rönning nieder. Also doch ein</Unicode>
                </TextEquiv>
            </TextLine>
            <TextLine id="tr_2_tl_111" custom="readingOrder {index:110;}">
                <Coords points="1606,2790 3146,2784 3348,2766 3351,2726 1606,2743"/>
                <Baseline points="1621,2783 1707,2783 1794,2780 1881,2780 1968,2777 2054,2777 2141,2775 2228,2774 2315,2776 2401,2773 2488,2771 2575,2772 2662,2771 2748,2773 2835,2767 2922,2763 3009,2762 3095,2762 3182,2762 3269,2759 3356,2756"/>
                <TextEquiv>
                    <Unicode>ders ist Herr Reusch als Karinski zu nennen. Er ist der gab sie ihm. Er sagte mir, da</Unicode>
                </TextEquiv>
            </TextLine>
            <TextLine id="tr_2_tl_112" custom="readingOrder {index:111;}">
                <Coords points="429,2790 1563,2784 1563,2735 1497,2726 429,2746"/>
                <Baseline points="444,2786 500,2783 556,2785 612,2783 669,2780 725,2780 781,2780 838,2778 894,2780 950,2780 1007,2778 1063,2780 1119,2777 1175,2780 1232,2780 1288,2778 1344,2777 1401,2775 1457,2777 1513,2775 1570,2777"/>
                <TextEquiv>
                    <Unicode>Duell, freilich ein formloses, Todtschlag ohne Comment</Unicode>
                </TextEquiv>
            </TextLine>
            <TextLine id="tr_2_tl_113" custom="readingOrder {index:112;}">
                <Coords points="1606,2844 3334,2815 3311,2761 1606,2790"/>
                <Baseline points="1621,2834 1707,2831 1793,2828 1879,2825 1965,2828 2051,2825 2137,2824 2223,2822 2309,2819 2395,2822 2481,2819 2567,2816 2653,2819 2739,2816 2825,2813 2911,2810 2997,2810 3083,2810 3169,2807 3255,2807 3341,2804"/>
                <TextEquiv>
                    <Unicode>feinste und manierlichste Darsteller der Frechheit. Dieser lasse, und verlangte neue Inst.</Unicode>
                </TextEquiv>
            </TextLine>
            <TextLine id="tr_2_tl_114" custom="readingOrder {index:113;}">
                <Coords points="432,2838 1569,2830 1569,2787 1382,2775 435,2790"/>
                <Baseline points="447,2834 503,2831 559,2831 615,2829 672,2828 728,2828 784,2828 841,2828 897,2828 953,2825 1010,2825 1066,2825 1122,2825 1178,2825 1235,2824 1291,2822 1347,2822 1404,2822 1460,2823 1516,2823 1573,2825"/>
                <TextEquiv>
                    <Unicode>Und da auch Rönning auf diese Möglichkeit vorbereitet war,</Unicode>
                </TextEquiv>
            </TextLine>
            <TextLine id="tr_2_tl_115" custom="readingOrder {index:114;}">
                <Coords points="2766,2887 2887,2861 3095,2873 3164,2856 3233,2882 3279,2853 3334,2859 3334,2815 3311,2813 3072,2830 2974,2815 2954,2836 2879,2810 2859,2830 2766,2821"/>
                <Baseline points="2783,2860 2810,2860 2838,2860 2866,2860 2894,2860 2922,2858 2950,2857 2978,2857 3006,2857 3034,2857 3062,2857 3089,2856 3117,2854 3145,2854 3173,2853 3201,2851 3229,2852 3257,2854 3285,2852 3313,2851 3341,2851"/>
                <TextEquiv>
                    <Unicode>daß man mich hat tödten</Unicode>
                </TextEquiv>
            </TextLine>
            <TextLine id="tr_2_tl_116" custom="readingOrder {index:115;}">
                <Coords points="1609,2887 2738,2870 2738,2827 2591,2815 1609,2841"/>
                <Baseline points="1624,2878 1680,2877 1736,2875 1792,2873 1848,2872 1904,2874 1960,2872 2016,2872 2072,2872 2128,2871 2184,2869 2240,2867 2296,2866 2352,2866 2408,2866 2464,2866 2520,2863 2576,2863 2632,2863 2688,2863 2744,2863"/>
                <TextEquiv>
                    <Unicode>Schauspieler ist erstaunlich, wenn er geschlagen, überraschend,</Unicode>
                </TextEquiv>
            </TextLine>
            <TextLine id="tr_2_tl_117" custom="readingOrder {index:116;}">
                <Coords points="423,2885 1578,2882 1543,2827 426,2838"/>
                <Baseline points="438,2881 495,2878 552,2878 610,2875 667,2875 724,2875 782,2875 839,2875 896,2873 954,2872 1011,2872 1068,2872 1126,2872 1183,2872 1240,2871 1298,2869 1355,2869 1412,2869 1470,2869 1527,2869 1585,2872"/>
                <TextEquiv>
                    <Unicode>wird seine bisherige Principienreiterei unverständlich. Er</Unicode>
                </TextEquiv>
            </TextLine>
            <TextLine id="tr_2_tl_118" custom="readingOrder {index:117;}">
                <Coords points="2861,2910 3057,2942 3106,2910 3213,2939 3230,2925 3250,2939 3348,2931 3348,2861 3319,2853 3270,2856 3233,2882 3164,2856 3095,2873 3075,2859 2861,2867"/>
                <Baseline points="2878,2905 2903,2902 2928,2904 2953,2905 2978,2905 3003,2904 3028,2903 3053,2902 3078,2902 3103,2902 3128,2902 3153,2902 3178,2902 3203,2902 3228,2901 3253,2897 3278,2896 3303,2896 3328,2896 3353,2896"/>
                <TextEquiv>
                    <Unicode>General Gonse: Man</Unicode>
                </TextEquiv>
            </TextLine>
            <TextLine id="tr_2_tl_119" custom="readingOrder {index:118;}">
                <Coords points="1606,2931 2741,2919 2715,2867 1606,2887"/>
                <Baseline points="1621,2923 1677,2923 1733,2923 1789,2921 1846,2920 1902,2920 1958,2919 2015,2919 2071,2917 2127,2917 2184,2915 2240,2917 2296,2917 2352,2914 2409,2914 2465,2912 2521,2911 2578,2910 2634,2908 2690,2908 2747,2911"/>
                <TextEquiv>
                    <Unicode>wenn er gewaltsam von der Scene gedrängt wird, was in</Unicode>
                </TextEquiv>
            </TextLine>
            <TextLine id="tr_2_tl_120" custom="readingOrder {index:119;}">
                <Coords points="432,2939 1416,2922 1572,2968 1572,2882 1523,2867 432,2885"/>
                <Baseline points="447,2932 503,2926 560,2923 616,2923 673,2923 730,2923 786,2920 843,2920 899,2920 956,2920 1013,2918 1069,2920 1126,2920 1182,2920 1239,2917 1296,2919 1352,2917 1409,2917 1465,2917 1522,2917 1579,2917"/>
                <TextEquiv>
                    <Unicode>hat sich nur geweigert, die Duellgesetze anzuerkennen, den</Unicode>
                </TextEquiv>
            </TextLine>
            <TextLine id="tr_2_tl_121" custom="readingOrder {index:120;}">
                <Coords points="2772,2994 2810,2997 2821,2991 2830,2994 2847,2982 2885,2980 2887,2913 2873,2913 2861,2925 2847,2910 2827,2922 2795,2910 2775,2910"/>
                <Baseline points="2789,2962 2815,2961 2842,2960 2869,2958 2896,2956"/>
                <TextEquiv>
                    <Unicode>sagt</Unicode>
                </TextEquiv>
            </TextLine>
            <TextLine id="tr_2_tl_122" custom="readingOrder {index:121;}">
                <Coords points="1615,2985 2741,2965 2723,2916 1615,2931"/>
                <Baseline points="1630,2974 1685,2971 1741,2971 1797,2969 1853,2971 1909,2967 1965,2967 2020,2966 2076,2965 2132,2964 2188,2962 2244,2962 2300,2962 2356,2961 2411,2959 2467,2959 2523,2959 2579,2959 2635,2958 2691,2956 2747,2950"/>
                <TextEquiv>
                    <Unicode>seinen Rollen zuweilen vorkommt. Aber er wird nie hinaus¬</Unicode>
                </TextEquiv>
            </TextLine>
            <TextLine id="tr_2_tl_123" custom="readingOrder {index:122;}">
                <Coords points="432,3000 1324,2974 1324,2931 1281,2922 432,2931"/>
                <Baseline points="447,2983 491,2976 535,2971 579,2971 623,2971 668,2971 712,2970 756,2968 800,2968 844,2968 889,2968 933,2968 977,2965 1021,2965 1065,2968 1110,2968 1154,2965 1198,2965 1242,2965 1286,2965 1331,2965"/>
                <TextEquiv>
                    <Unicode>Zweikampf selbst hat er keineswegs verschmäht.</Unicode>
                </TextEquiv>
            </TextLine>
            <TextLine id="tr_2_tl_124" custom="readingOrder {index:123;}">
                <Coords points="2853,2997 2902,3020 3014,3000 3049,3017 3331,2997 3331,2925 3250,2939 3227,2925 3175,2951 3138,2928 3060,2942 3008,2919 2890,2962 2853,2956"/>
                <Baseline points="2869,2998 2895,2998 2921,2998 2947,2999 2973,3001 2999,3000 3025,2998 3051,2998 3077,2998 3103,2998 3129,2998 3155,2998 3181,2997 3207,2995 3233,2995 3259,2994 3285,2993 3311,2991 3338,2989"/>
                <TextEquiv>
                    <Unicode>Elémenceau kommt</Unicode>
                </TextEquiv>
            </TextLine>
            <TextLine id="tr_2_tl_125" custom="readingOrder {index:124;}">
                <Coords points="1606,3031 2418,3054 2735,3014 2735,2971 2597,2956 1606,2988"/>
                <Baseline points="1621,3025 1677,3019 1733,3019 1789,3019 1845,3016 1901,3016 1957,3016 2013,3016 2069,3016 2125,3015 2181,3013 2237,3013 2293,3010 2349,3013 2405,3012 2461,3010 2517,3007 2573,3007 2629,3006 2685,3004 2741,3001"/>
                <TextEquiv>
                    <Unicode>geworfen, ohne daß die Zuschauer das lebhafteste Bedauern</Unicode>
                </TextEquiv>
            </TextLine>
            <TextLine id="tr_2_tl_126" custom="readingOrder {index:125;}">
                <Coords points="524,3037 1572,3034 1572,2968 524,2982"/>
                <Baseline points="540,3022 594,3025 649,3025 704,3025 758,3025 813,3025 868,3025 922,3025 977,3025 1032,3023 1086,3022 1141,3023 1196,3024 1250,3022 1305,3022 1360,3022 1414,3024 1469,3022 1524,3022 1579,3019"/>
                <TextEquiv>
                    <Unicode>Gegen die thörichte Sitte des Zweikampfes beweist</Unicode>
                </TextEquiv>
            </TextLine>
            <TextLine id="tr_2_tl_127" custom="readingOrder {index:126;}">
                <Coords points="2752,3083 2908,3069 3023,3095 3103,3066 3190,3092 3230,3069 3345,3072 3345,3005 3322,3000 2905,3020 2833,2991 2752,3005"/>
                <Baseline points="2768,3058 2797,3056 2826,3054 2855,3052 2885,3050 2914,3049 2943,3049 2972,3049 3002,3049 3031,3051 3060,3051 3089,3049 3119,3049 3148,3049 3177,3049 3206,3047 3236,3045 3265,3043 3294,3041 3323,3041 3353,3043"/>
                <TextEquiv>
                    <Unicode>zurück, welche Henry dem Pie¬</Unicode>
                </TextEquiv>
            </TextLine>
            <TextLine id="tr_2_tl_128" custom="readingOrder {index:127;}">
                <Coords points="2617,3069 2631,3069 2643,3080 2654,3083 2660,3080 2683,3083 2689,3089 2703,3083 2720,3083 2720,3023 2697,3023 2686,3011 2677,3008 2666,3011 2651,3008 2637,3023 2617,3020"/>
                <Baseline points="2633,3058 2665,3056 2697,3056 2729,3058"/>
                <TextEquiv>
                    <Unicode>H.</Unicode>
                </TextEquiv>
            </TextLine>
            <TextLine id="tr_2_tl_129" custom="readingOrder {index:128;}">
                <Coords points="432,3098 1416,3118 1589,3077 1650,3118 1983,3121 1983,3026 1926,3011 812,3049 553,3046 432,2997"/>
                <Baseline points="447,3084 524,3078 601,3078 678,3078 755,3078 833,3075 910,3075 987,3075 1064,3072 1141,3075 1219,3075 1296,3074 1373,3072 1450,3072 1527,3070 1605,3069 1682,3067 1759,3067 1836,3067 1913,3066 1991,3067"/>
                <TextEquiv>
                    <Unicode>somit dieser ganze umständliche Vorgang nichts; ja, gegen darüber empfänden.</Unicode>
                </TextEquiv>
            </TextLine>
            <TextEquiv>
                <Unicode></Unicode>
            </TextEquiv>
        </TextRegion>
    </Page>
</PcGts>
