3484 4256
190 155 717 277 8. Freiwild
876 159 1293 265 box 14/4
246 1403 3279 1558 darauf beschränken können, die dringendsten Angerechtes Bündnis, wir sind dazu bereit; wenn aber wartenzusancen raum so dato durchdringen wird.
258 1505 3287 1600 legenheiten im Wege von Anfragen zur Sprache zu Ungarn die Kosten der politischen und wirtschaft Betreffs der kommenden Reichsratstagung bemerkte
254 1558 3291 1649 bringen, so die Förderung des Absatzes ungar= lichen Einheit uns allein zuwälzen will, dann müssen der Redner, daß der deutschen Obstruktion im
258 1604 3291 1698 ländischer Erzeugnisse im Okkupationsgebiete durch wir auch den Mut haben, die reinliche Schei= böhmischen Landtage die tschechische im Reichsrate
258 1657 3291 1755 das Reichsfinanzministerium, ferner betreffend die dung zu wollen und durchzuführen. Wenn folgen werde. Die Regierung werde dann wieder
262 1698 3291 1793 quotenmäßige Aufteilung der Heereslieferungen wir Deutsche die ungarische Staatsidee als voll¬ den § 14 in Tätigkeit setzen. Mit der Losung: „Weg
254 1755 3287 1854 Redner beschwerte sich dann darüber, daß er bei zogene Tatsache hinnehmen, dann wird es uns nicht mit dem Parlament!" könne er sich trotz der trost¬
1281 1846 3291 1930 Dichter ruft nicht: „Seht, so sind sie!“ — Er sagt dient schon ein bißchen gesunden Zorn. Immer noch
2301 1903 3298 1960 ist es „kurios, daß diese Offiziere mit ihrer
1278 1918 2275 1975 nur: „So ist er!“ Die „Tendenz“ oder die Wahr
561 1896 978 2002 Stadttheater.
277 1937 3291 2062 („Freiwild“, Schauspiel in drei Akten von heit des späteren „Leutnant Gustl“, die dem k. u. k. wienerischen und polnischen Mundart, mit ihrem
1281 1998 3302 2078 Reserveleutnant Arthur Schnitzler das goldene ganzen österreichischen Typ, der Karinski=Ohrfeige
891 2021 1175 2097 Erstaufführung
262 2032 754 2108 Arthur Schnitzler
2301 2043 3302 2104 wegen in eine Phantasie Uniform gesteckt werden
1285 2051 2271 2127 Porteepee gekostet hat, ist in „Freiwild“ nicht ein
569 2040 967 2142 15. September 1904.
337 2085 3298 2188 Dieses Schauspiel hat eigentlich schon ein ehr¬ mal im Keime vorhanden. Hier haben wir nur die mußten, und daß beispielsweise aus dem Satze der
258 2134 3298 2233 würdiges Alter. So darf man sagen, wenn der Privataffäre des Herrn Karinski, und was an Schauspielerin Anna Riedel: „Wenn der künstlerische
265 2188 3314 2286 Geburtstag eines Stückes neun oder zehn Jahre Herrn Karinski typisch ist, fällt ebensowenig einem Ernst darin bestehen soll, daß man bis in die Nacht
3211 2241 3295 2294 die
273 2241 3113 2339 zurückliegt. „Freiwild“ war der nächste Schnitzler ganzen Stande zur Last, wie etwa ein Defraudant hinein mit Offizieren champagnisiert"
265 2279 3295 2392 nach der „Liebelei“. Zu den Mücken im Schwarm dem Stande der Kassiere. Wir sehen neben dem Worte: „nit Offizieren" gestrichen wurden. Ist das
269 2332 2589 2434 gehört es also nicht. Eine kleine Zensur-Sensation herabgekommenen Säbelraßler sogar einige recht nicht komich?
2373 2362 3298 2442 Der Verleutnant Karinski wird in dem Kaffee¬
269 2404 2286 2479 erweist sich auch immer recht förderlich. Außerdem sympathische Offiziere in dem Stücke, und den
2309 2434 3298 2491 hause des Badeortes von dem Maler Paul Rönning
265 2445 2294 2563 ist „Freiwild“ mindestens ein wirksames Theater militärischen Ehrenrate macht es ja Ehre, daß
2301 2483 3302 2540 in dem Augenblicke öffentlich geohrfeigt, als er die
1281 2483 2282 2555 Karinski schon vor dieser Affäre vor der Quittie
277 2521 379 2597 stück.
2309 2525 3298 2586 Schauspielerin Fräulein Anna Riedel roh ver¬
345 2517 2286 2627 Zuerst, um unserer recht sehenswürdigen Aufrung steht. Trotzdem wurde „Freiwild“ in Wien
2309 2574 3298 2643 leumdet und beschimpft. Anna Riedel, ein gut er¬
277 2593 2286 2680 führung möglichst viele Neugierige zuzuführen, ein nach wenigen Aufführungen, einem sehr hoher
273 2616 3295 2722 paar Worte von der löblichen Zensur! Ich bin nicht Wunsche gemäß, abgesetzt und in Graz Jahre lang zogenes Mädchen aus anständiger Familie, ist aus
269 2665 3302 2775 in der Laune, ihr den Lorbeer der Weltweisheit zur Aufführung nicht zugelassen. Warum? Weil Liebe zur Kunst und, um ihr Brot zu erwerben,
2316 2722 3287 2787 Schauspielerin geworden. In ihrem ersten Engage
273 2730 2286 2821 aufs Haupt zu drücken, weil sie „Freiwild“ endlich offenbar ein schlechter Kerl, solange er den Offi
269 2768 3298 2866 aus dem Loch gelassen hat. Wenn man ein Verbot ziersrock trägt, für den Zensor kein schlechter Kerl ment an dem Sommertheater des kleinen Badeortes
273 2813 3295 2915 aufhebt, ohne daß sich der Bösewicht veränderte, so sein durfte. Ich bin überzeugt, daß der brave sammelt sie in Fülle jene häßlichen Erfahrungen,
284 2870 3302 2961 schämte man sich offenbar eines Geisteszustandes, Offizier im Zuschauerraume die Ohrfeige des Herrn die gutgearteten Mädchen beim Theater niemals
277 2908 3295 3010 der mit der Weisheit wirklich nichts zu tun hat. Karinski mit seinem ehrlichen Gefühle ratifiziert ganz erspart bleiben. Man soll nicht verallgemeinern
2320 2965 3302 3033 und pauschalieren. So unsauber wie an dem
1304 2969 2297 3048 und es als einen ungeschickten Liebesdiens
284 3003 1281 3071 Solch ein immerhin tapferes Bekenntnis ist abe
281 3003 3298 3109 noch kein kontradiktorischer Gegensatz zur empfindet, wenn die Behörde die Karinskis schützt. „Kunstinstitute des Herrn Direktors Schneider
2324 3052 3298 3120 geht es selben zu. Die soziale und sittliche Stellung
284 3075 2301 3162 Nicht=Weisheit. Das Verbot wäre ein österreichisches Für uns Sterbliche zweiter Ordnung ist aber eine
273 3105 3302 3207 Kuriosum gewesen, wenn das Kuriose in Österreich standesamtliche Zensur überhaupt eine empörende des Schauspielerstandes hat sich gehoben, und es
2320 3151 3302 3219 gibt viele Bühnen — wir brauchen hier nicht in die
284 3162 2294 3260 überhaupt kurios wäre. Es erfolgte aus keinem Sache. Und wir wissen auch: der Geschlagene hätt
2324 3200 3298 3264 Ferne schweifen —, an denen der Skandal nicht ge¬
281 3215 2309 3298 anderen Grunde, als weil ein Offizier auf der jedem anderen Stande angehören mögen, so
1312 3249 3314 3340 hätte kein Zensor an der Ohrfeige Ärgernis ge¬ duldet, geschweige denn geschäftlich gepflegt wird.
284 3287 1285 3351 Bühne geohrfeigt wird. Er erhält nicht etwa ein
284 3310 3306 3401 Standes=Ohrfeige, der verlumpte Oberleutnant nommen — Nun ist „Freiwild“ freigegeben Der spießbürgerliche Philister jedoch ist stets ge¬
284 3351 3302 3450 Karinski; nur eine rein persönliche, wohlverdiente worden, aber die Geschichte des Schauspieles, das neigt, sich den Theaterteufel in der Sünden Blüte
284 3393 3302 3530 Züchtigung für eine niedrige Verleumdung. Der längst über die reichsdeutschen Bühnen ging, ver- vorzustellen. Der Spießer — mitunter ist er ganz
