3436 4448
114 211 257 322 8.
823 218 1230 325 box 14/3
300 218 658 325 Freiwild
1334 869 1706 976 uns gegenüber,
1777 873 3247 962 de Mächtigkeit der minenartigen Spring, une diejenige er sandte deshe¬
415 905 2933 1023 überlegen entwickelten Eisenbahnnetzes und der numerischen Ueber der heutigen Schießwollgranaten über Nacht ihre Granatsicherhei¬
2950 962 3254 1030 sich von den dort
2947 1001 3272 1055 seiner ehrw.
411 998 3287 1091 zahl, besonders seiner Streitkräfte der ersten Linie, in der Lage, seine wieder völlig in Frage stellen kann, und daß daher nicht sowohl in nannt und mit den
411 1041 3272 1173 -
1692 1152 3254 1248 Lächeln des Malers reizt ihn, den, wie er meint, ihn verhöhnenden Anderen Er¬
780 1137 1320 1273 Feuilleton.
1695 1205 3272 1270 glücklichen Nebenbuhler zu provociren. Bei einer plumpen Beleidigung geben. Glaubt
1327 1216 1627 1323 au / und
1692 1248 2929 1323 Annas verliert Rönning die Kaltblütigkeit und ohrfeigt den Lieutenant
2954 1252 3262 1327 nimmt ihm das
2950 1302 3279 1370 entgegnet Robuste
1756 1298 2933 1377 Im zweiten Akt verweigert er dem Beschimpften aus Prinzip die
2950 1352 3254 1413 darum bedenken
873 1327 1237 1430 Lobe=Theater.
1684 1363 2922 1430 Genugthuung. Muß man jede Infamie erdulden, oder mit seinen
2950 1398 3262 1466 Weltanschauungen
1692 1398 2929 1466 Leben für ihre Züchtigung eintreten? Seine Freunde verlassen ihn, en
676 1384 1434 1481 Sonnabend, den 12. Dezember
2954 1445 3272 1506 seines Freundes vo
1684 1452 2925 1513 ist gesellschaftlich unmöglich, „Freiwild geworden, ein jeder darf ihn belei
765 1459 1352 1538 „Freiwild." — „Opus I."
2950 1498 3269 1559 nicht ins Wanken
1688 1488 2922 1563 digen, da er die Satisfaktionsfähigkeit verloren hat. Aber Rönning steht übe
483 1481 1659 1581 Auf Arthur Schnitzler scheint das dramatische Motiv eines Duell
1692 1538 3254 1616 der Gesellschaft und ihren Vorurtheilen. Nichtachtend ihres Rufes kommt einer
408 1556 1663 1624 welches mit brutaler Gewaltsamkeit durch den Tod ein mehr idea
2950 1577 3254 1645 seinen Math zu
1692 1588 2922 1652 Anna auf sein Zimmer gestürmt, ihrem Beschützer zu danken, ihn von
422 1616 1659 1674 gedachtes, nach Außen hin nur suspektes Liebesverhältniß zerstö
2947 1627 3269 1692 biltig, ob ihn sein
1688 1634 2925 1695 der Annahme der Forderung abzuhalten. Sie wird hier Dr. Wellne
411 1667 1667 1720 und herabwürdigt, einen eigenthümlichen Bann zu üben. In de
2943 1674 3258 1752 Soll er vor ihm
1695 1681 2918 1745 gesehen und ist nun endgiltig als Geliebte Rönnings compromittir
418 1720 2918 1810 „Liebelei bildet es die Grundlage, von dem etwas zwiespaltig ent¬ Der Direktor hat ihr gekündigt, er kann weibliche Mitglieder, die so weni
3004 1727 3269 1802 Karinskis Ehr
408 1756 1248 1810 wickelten „Freiwild mindestens den Rahmen
1688 1774 2918 1838 Spaß verstehen, nicht brauchen. Beide wollen das Bad ungesäumt verlassen
2950 1767 3269 1856 seine ganze Welta
490 1802 3269 1888 Zum Vergnügen für das Publikum in und außerhalb des Theaters die Trennung steht bevor. Schonungslos setzt ihr Rönning die Aussichts¬ haben. Wenn ni
479 1860 3265 1938 besonders das letztere — hat in einem kleinen österreichischen losigkeit ihrer Carrière auseinander, die sie wohl selber erkennt: früher ist nach dem C.
404 1899 1670 1963 Badeorte eine Schmiere ihr Wesen, unter deren weiblichen Mitgliedern
1692 1917 3262 1978 oder später wird sie, des Widerstandes müde, zu dem sittlichen Niveau von dem Lieutena
408 1949 1659 2006 sich eine junge Anfängerin befindet, welche das Theaterspiel und ihr
1692 1960 2915 2021 ihrer Kolleginnen, der „Theatermenscher“ herabsinken. Aber noch
2940 1971 3269 2038 kann. Laut aussa
408 1999 1659 2053 weibliche Ehre sehr deplacirt ernst nimmt. Niemand glaubt ihr das, si
1688 2010 3269 2074 wehrt sie sich mit voller Kraft. Er bietet ihr seine Unterstützung an, Sein Freund weist
408 2042 2915 2117 ist ja „Freiwild" für alle Mädchenjäger, und bis zu einem gewissen die sie als vorurtheilsfreie Künstlerin ja annehmen könne, in den
2940 2056 3258 2146 wieder „Freiwild
404 2099 2915 2171 Grade selbst für den Mann, der sie liebt, der in recht gesundem Bewußtsein, daß kein Verhältniß zwischen ihnen bestehe. Das arm
3011 2117 3262 2182 Es ist unverken
415 2135 2918 2199 Egoismus wohl Acht hat, sich nicht zu verplempern und ihr seine Mädel weist den gefährlichen Antrag zurück und er macht sich übe
2943 2149 3290 2228 überwiegt. Schnitz
408 2178 2915 2267 Hand erst bietet, als ihm kein anderes Mittel übrig bleibt, sie sich ihre naive Bitte lustig, sie nicht zu verlassen. Soll er als ih
2940 2214 3258 2274 wollen, er hätte so
401 2232 1656 2300 zu erhalten. Paul Rönning, ein reicher junger Maler, der Man¬
1681 2239 3262 2321 Impresario mit ihr von Schmiere zu Schmiere ziehen? Sie müssen zwischen die genau
408 2282 3272 2357 ohne Vorurtheile, ist ein alter Bekannter Annas, er macht täglich also von einander gehen. Da, im letzten Augenblicke, angesichts der auch Karinski gen
401 2314 3269 2410 große Spaziergänge mit ihr und gilt in Folge dessen für ihren Liebhaber. Trennung weicht seine kritische Verständigkeit und er trägt ihr seine sei Dank den Cod
404 2371 2911 2446 Unter den Offizieren, welche Anna nachstellen, ist der Oberlieutenant Hand an — weiß er doch längst, daß sie ihn liebt, wenn sie es aus
2940 2403 3240 2460 überlegener Logik
404 2414 2915 2496 Karinski der zudringlichste. Ein wüster Gesell, welchem die Ver¬ mit aller Entschiedenheit leugnet. Es folgt eine herbe allmählich sich erwär
2943 2443 3265 2507 alle haben oder ge
401 2460 1652 2511 abschiedung droht, ein Schuldenmacher, Spieler, Weiberjäger, ein
1681 2471 2915 2532 mende Liebesscene, die für Schnitzlers etwas blasirten Skeptizismus
2940 2489 3258 2553 die Vernunft zur
404 2507 1656 2564 Raufbold, der die Civilisten mit der Reitpeitsche traktirt, wenn sie ihr
1681 2518 2915 2607 überaus charakteristisch ist. Rönning und Anna wollen nun zusammen
2940 2528 3258 2600 unter dem Einflu¬
393 2550 1649 2607 im Café aus Versehen anstoßen; ein nervös gewaltthätiger Mensch
1681 2553 2074 2632 ohne Verzug abreisen.
2933 2582 3262 2639 über dieselbe, wie
401 2600 1663 2661 den jeder Widerstand maßlos reizt, unberechenbar, zehnmal anders in
1742 2582 3262 2682 Da erscheint der Kartellträger Karinskis, Oberlieutenant Rohnstedt, und Rohnstedt dat
404 2650 1652 2707 einer Stunde, eine cholerische Natur, die ihn als Offizier im Krieg
1677 2654 2907 2725 zum zweiten Male. Wie vorhin mit den Freunden hat Rönnin
2940 2679 3258 2729 hätte er die in die
404 2689 3262 2779 zum Helden werden lassen würde, während sie im Frieden sich vor jetzt mit ihm eine lange Auseinandersetzung über seine Prinzipien. Karinskis mit Ver
404 2743 3262 2822 ungenutzter Thatkraft aufreibt. Dabei trotz aller moralischen Nervosität Rohnstedt will Karinski retten, der verloren ist, wenn er für den Die Ohrfeige bew
404 2786 2904 2868 ein guter Kamerad und nach den strikten Ehrbegriffen, nach dem Schimpf keine förmliche Genugthuung erhält. Um dieser rettende
2936 2811 3254 2879 nichts, im Gegent
401 2829 2911 2911 „Kodex“, ein unantastbarer Ehrenmann. Ein Mensch, der nur in Form willen schlägt er ein Scheinduell vor und bittet Rönning, au
2933 2857 3258 2915 gesiegt. Und eben
397 2868 1649 2943 diesem Milieu denkbar und existenzfähig ist, der mit der Uniform di
1674 2897 3262 2961 diese Weise Karinski Leben und Ehre wiederzugeben. Aber der hat Akt über den Din¬
393 2915 1019 2979 Lebensmöglichkeit verlieren würde.
1667 2947 3258 3011 kein Mitleid mit dem Niedergeschmetterten und bleibt seinem Prinzip beweisen oder doch
472 2947 3258 3054 Karinski wettet im Café, daß er auf der Stelle den Widerstand getreu. Hat er doch nicht aus Feigheit das Duell zurückgewiesen, eine Unterordnung
397 3018 3244 3154 Annas besiegen werde und kommt abgeblitzt zurück. Ein schadenfrohes Er hot Karinski gezüchtigt, wie er es verdiente, was geht ihn das eigenen, persönlich
379 3054 1155 3294 der
479 3283 1030 3419 el
