3344 4352
357 114 1276 209 Londen en die Redaktion der am 22. Berlin SW.
2929 144 3304 238 Nord- und
350 186 1281 241 Nocerate 22-20 erbeten. Unverlangte Manuskripte
2924 218 3294 266 bis 300. Bei Anmeld.
345 221 1281 285 werden von dann abgesandt, von dort beilegt.
2927 253 3304 320 Telegr. des lateinen
1167 278 1271 353 Nr.
1147 333 1281 400 308
425 323 1043 427 tag
1472 196 2651 442 Tele¬
3063 298 3302 444 reit
1457 514 2761 611 Verant au liche Schriftleitung: Loon Jacobrohn und Dr. Kurt lähem.
3011 588 3307 675 die unbedingte
2142 586 2979 668 gerundete Bilder vor sich sehe, während die Auf¬
3011 660 3322 717 den kalten Wint¬
2145 663 2969 717 führung von Stücken fast immer darunter litte,
705 578 1065 750 hur Sch
1234 571 2083 750 der im Film Atelier
3011 703 3307 765 dem möblierten
2137 703 2969 750 daß Regisseure und Darsteller meistens nicht im¬
3011 745 3309 804 Schloßsaal mach
2135 742 2969 794 stande seien, so in Bildern zu lesen. Auch
2130 789 2974 851 Schlenther hätte das nicht gekannt, obwohl
3011 784 3309 844 der Architekt de
544 745 1892 856 Der Dichter sieht zum erstenmal, wie er verstimmt wird
2130 832 2974 876 oder weil er eben nur ein großer Kritiker ge¬
3016 829 3299 889 wieder lächelte
2132 871 2979 916 wesen wäre. Auch bei der Lektüre von Film-
3024 871 3294 951 schade, daß die
402 854 2093 946 Im Filmateller ist man Aufregung ge¬ noch Hilde Maroff die man als Soubrette
2145 916 2974 968 manuskripten hätte Schnitzler stets den Eindruck,
3009 919 3264 983 jetzt geschieht.
353 919 2088 1000 wöhnt. Irgendjemand muß ja immer schuld Pepi in dem Film sehen wird, ihren Knig vor
2132 961 2962 1033 nicht Beschreibungen, sondern Bilder zu lesen.
3021 951 3307 1020 gewesen, so hä-
345 968 1216 1028 daran sein, wenn es nicht klappt, und irgend¬
1244 971 2031 1050 Schnitzler und endlich — war es so weit
2167 1003 2972 1067 „Und weshalb schreiben Sie nicht selbst Film-
3019 1010 3304 1063 Autoren lernen
350 1015 1204 1067 etwas klappt immer nicht. Insbesondere nicht,
1296 1015 2088 1070 Durch ein Gewirr von Kabelleitungen, De¬
2137 1043 2386 1117 manuskripte?"
3011 1048 3312 1120 schreibt, um ihr
348 1063 2095 1115 wenn man die Presse zu besonders interessanten korationsstücken und gerade a. D. befindlichen
3076 1087 3297 1147 Auf der He
2177 1072 2622 1167 „Das überlasse ich liebe
2726 1075 2981 1177 den
357 1105 1202 1152 Aufnahmen einlädt. Sonst müßte sie ja nicht
1236 1105 2093 1157 Beleuchtungskörpern wurden wir hinter die Ku¬
3006 1117 3302 1214 n
2145 1127 2478 1199 denen die Technik,
345 1139 1202 1226 jedesmal stundenlang warten, bis es so
1241 1157 2088 1209 lissen einer reizend gebauten Vorstadtbühne ge¬
2142 1182 2450 1246 mir. Sie verbes
345 1189 524 1259 weit ist.
1249 1199 2090 1251 führt, auf der sich die vielen schlanken Wasser¬
2135 1214 2455 1281 wenn sie auch an
397 1211 1202 1288 „Und weshalb sollten Finleute, wenn es
1241 1241 2088 1296 niren munter umhertummelten, jetzt allerdings
2145 1264 2453 1338 stehe, beispielswei
350 1271 1206 1333 sich gerade um die Unzuverlässigkeit der Menschen
1241 1283 2095 1336 ohne die schweren Mäntel, die ihren hübschen
357 1321 1199 1373 handelt, eine Ausnahmerscheinung bilden!" Mit
1241 1328 2095 1375 Körperwuchs vorhin so unfreundlich verdeckt
335 1363 1202 1420 diesen Worten kennzeichnete Arthur Schnitzler
1239 1373 2085 1445 hatten. Scheinwerfer, Aufheller und Queck¬
343 1405 1209 1460 seine persönlichen Erfahrungen im Filmbetrieb.
402 1452 1199 1504 Allerdings kennt er den deutschen Film nur
412 1492 1206 1544 seinen häufigen Kinobesuchen und aus seinen
372 1532 1192 1586 Verhandlungen mit der Hegewald Filgesell¬
372 1579 1214 1631 chaft, die im vorigen Jahr seine „Liebelei in
2160 1611 2316 1678 Die
387 1621 1204 1673 Schwarz=Weiß=Sprache übersetzt hat und
2135 1651 2319 1715 und Ende
392 1666 1211 1725 genblicklich daran ist, Schnitzlers Schauspiel
2142 1703 2314 1758 Weil diese
395 1710 1211 1782 Freiwild in den Weißenser Ateliers zu einem
2177 1740 2304 1810 sischen
367 1750 782 1817 Film werden zu lassen.
2227 1780 2314 1832 den
427 1782 1202 1854 Ich war schon in Wien in ateliers und
2135 1815 2286 1869 verhöhnt
444 1837 1199 1892 auch wiederholt Aufnahmen im Freien bei¬
2165 1852 2294 1904 ollen
427 1879 1204 1934 ohne Heute bin ich aber zum erstenmal in
2185 1897 2309 1944 rigen
365 1916 1202 1974 nem deutschen Atelier und soll zum ersten
2135 1921 2301 1986 Liebesspie¬
360 1964 1197 2036 Mass sehen, wie eines meiner Werke ver¬
2140 1976 2304 2023 der beste
338 2011 556 2073 mt wird.
395 2023 1211 2110 Natürlich hatte es auch heute wieder nicht
357 2090 1204 2152 so ganz geklappt, als wir die große Halle des
2207 2113 2291 2175 wie
392 2137 1211 2187 ten May=Ateliers in Weißensee betraten, denn
420 2185 1199 2234 er dem Regisseur Holger Madsen und
395 2227 1204 2281 nigen Bühnenarbeitern, Beleuchtern und Deko¬
2145 2212 2257 2284 wenn
357 2269 1204 2319 rateuren es niemand im Atelier zu sehen, der
2142 2264 2276 2336 poltti
353 2311 1206 2363 für eine ilmaufnahme in Frage gekommen
2140 2319 2291 2366 und die
2142 2356 2276 2406 nommen
350 2353 1209 2403 wäre. Wir stiegen die steilen Treppen zu der
2140 2386 2271 2463 Ad¬
338 2393 1204 2450 im Keller liegenden Kantine hinunter, um dort
2199 2418 2279 2478 ich
348 2440 1202 2492 zu warten, bis es so weit wäre. Schnitzlers
2142 2458 2289 2535 stellung
338 2485 1197 2537 Augen wanderten ein wenig verwundert und
2130 2510 2271 2554 von
345 2527 1192 2582 neugierig um die vielen jungen Damen herum
2135 2535 2289 2597 Zuweil
348 2574 1202 2619 die, in schwere Wintermäntel gehüllt, an den
2137 2584 2296 2634 neigend,
343 2612 1202 2661 Tischen saßen und ihre stark geschminkten Lippen
2135 2617 2314 2679 Dichtern
1249 2624 2090 2711 silberlampen gossen ihre Lichtströme über die
2142 2664 2316 2711 doch sei
338 2656 1204 2713 in billigen Brauselimonaden badeten. Aber noch
1251 2686 2093 2746 jungen Gestalten, Holger Madsens Kommando¬
2130 2698 2314 2753 die Fra¬
343 2696 1211 2758 erstaunter wurden seine Augen, als die jungen
2135 2738 2309 2788 edel in
1239 2733 2108 2783 rufe ertönten, der Operateur drohte, während
325 2748 1211 2795 men auf ein Glockenzeichen sich von den
2132 2775 2309 2830 überzeug
1246 2780 2093 2852 die Badegels eine Freitreppe im Laufschritt
318 2785 1199 2837 Plätzen erhoben und man sehen konnte, daß sie
2137 2818 2309 2867 den Zer¬
1241 2825 1641 2897 zu erklimmen hatten.
323 2833 1204 2882 unter ihren Mänteln nichts anderes als bunte
2137 2855 2299 2919 ran
1318 2857 2093 2922 Es ist zu schade, daß man allen diesen
345 2877 745 2934 Badetrikoots anhatten.
1246 2907 2100 2967 Filmen die Nachkriegszeit so deutlich ansehen
395 2892 1199 2991 In diesem Milien könnte man beinahe
1249 2957 2098 2999 muß, sagte Schnitzler. „Ohne Jazz, Bar, Char¬
362 2957 1142 3029 glauben, daß man selbst zum Film gehört.
2135 2952 2314 3049 Colin
1239 2996 2080 3053 leston scheint es gar nicht mehr zu gehen.
392 2989 1197 3053 Und Schnitzlers Erstaunen kannte keine Gren¬
1249 3041 2098 3091 Als ich darauf bemerkte, diese Filme sollten
2180 3026 2304 3098 Unser
357 3031 1199 3103 gen, als er erfuhr, daß diese Badegirls im „Frei¬
2142 3078 2294 3133 der Auf
1236 3091 2095 3155 ja eigentlich zeitlos sein, meinte Schnitzler,
350 3093 1199 3138 wild mitwirken. Die beiden Filmbearbeiter
2145 3123 2294 3175 Sphinx
1239 3130 1956 3200 „Das Zeitlose ist von kürzester Dauer.
348 3135 1197 3188 seines Schauspiels, Herbert Jutte und Georg
2145 3163 2304 3212 dorfplatz
1298 3143 2093 3232 Und weiter wurden Bilder von den hübschen
345 3180 1199 3230 Klaren, erklärten nun Schnitzler genau
2135 3202 2306 3255 afrikani¬
1249 3202 1581 3274 Badegirls gedreht.
335 3222 1214 3269 die Szene, in der die Mitwirkung dieser großen
2142 3240 2306 3289 Leser we¬
1311 3232 2093 3307 Als ich Schnitzler fragte, wie ihm diese Film-
343 3264 1202 3317 Schar schöngewachsener junger Mädchen nötig
2140 3279 2301 3344 finden,
1249 3294 2095 3351 arbeit so aus nächster Nähe gefalle, sagte er,
353 3304 1197 3359 sel. Schnitzler lächelte und sagte zu mir: „Sehen
2132 3314 2281 3364 kennen.
1246 3346 2314 3404 sichtlich befriedigt: „Ich fühle mich ungemein Colin Ro
350 3351 1204 3401 Sie, in wie netter Weise die Herren meine Stücke
1249 3391 2103 3441 wohl in solcher Atmosphäre. Das Erleben
2145 3394 2294 3443 gierigen
348 3394 1197 3438 verbessern." Es lag kein Vorwurf in diesen
2147 3431 2314 3483 Büffelko
1249 3428 2093 3485 des Werdens ist ungemein packend, inter¬
338 3438 1204 3498 Worten, wohl aber bei einer leichten Ironie ein
2135 3466 2319 3525 Hyäne vo¬
1246 3476 2093 3533 essant und hinreißend. Ich habe das gleiche
348 3476 660 3545 gütiger Ansporn.
2145 3508 2319 3557 ihn so se
357 3495 1192 3580 Während Schnitzler in anregendem Ton von
1254 3525 2095 3575 frohe Empfinden auch bei Theaterproben. Wenn
2147 3545 2319 3595 An der ge¬
1246 3567 2095 3619 man beispielsweise beobachtet, daß dem Schau¬
350 3565 1204 3627 der Erstaufführung seines „Freiwilds" plau¬
2142 3582 2319 3632 der Löwi¬
1254 3607 2095 3669 spieler auf der Probe plötzlich die Schuppen
345 3607 1199 3659 der / und dabei erzählte, daß von allen Dar¬
2145 3619 2324 3696 gleichfalls
1251 3657 2093 3706 von den Augen fallen und ihm die ganze Situa¬
350 3657 1197 3709 stellern, die damals vor 31 Jahren mitgewirkt
1256 3696 2093 3746 tion, der Gedanke, der Wille des Dichters, also
345 3701 1206 3754 hätten, nur noch der alte Thaller am Leben
2224 3696 2326 3781 0
1246 3741 2093 3788 das Werk selbst, klar wird, dann ist das für
353 3741 1211 3796 sei, ließ sich der junge blonde Star des Films,
2202 3768 2331 3828 Die Te
1246 3786 2095 3830 mich ein Moment von beispielloser Eindrucks¬
350 3783 1204 3840 ein Holt, die auch in der versten
2145 3808 2336 3865 den Aufn
1246 3828 2095 3883 kraft. Und gerade hier im Film offenbart sich
345 3828 1211 3883 „Lieber die Hauptrolle gespielt hatte, ihren
2145 3853 2319 3910 Chauffeur
1249 3868 2103 3927 das Werden eines Werkes durch das Mosaik der
345 3873 1204 3925 berühmten Dichter vorstellen. Und abermals
2137 3890 2341 3945 Braun.
1254 3917 2098 3967 vielen Einzelszenen noch viel deutlicher. Dann
353 3915 1209 3962 lächelte Schner sehr gütig, als die junge
2142 3932 2343 3979 von ihrem
353 3957 1206 4009 Dame ihm stolz erzählte, sie habe sich das Schau¬
1246 3957 2100 4007 erzählte Schnitzler, wie er jede Szene eines
2145 3970 2343 4022 sich als
350 4004 2346 4064 spiel „Freiwilde sogar gekauft. Dann machte Bühnenstückes, das er lese, sofort stets als ab= verdienen.
