3436 4256
229 173 696 279 8. Freiwil
924 161 1332 265 box 14/3
1999 129 2139 195 vom
1877 465 2975 561 (Carl-Theater.) Dr. Arthur Schnitzler, der noch
1763 544 2968 603 jugendliche Autor der erfolgreichen „Liebelei und sonstiger
1763 598 2968 651 Anatolismen, hat in dem dreiactigen Schauspiel „Freiwild“, das
1772 642 2971 700 schon mehrere Premieren in Deutschland erlebte, bevor es in
1768 690 2968 749 seiner Vaterstadt Wien zum Bühnenleben erweckt wurde, nach
1760 734 2968 790 einer Richtung hin der literarischen Selbständigkeit einen Schritt
1768 776 2973 844 näher gethan; er französelt nicht mehr. Doch dieser Gewinn
1768 831 2968 882 wird leider nicht weit gemacht durch die Einbuße an dramatischem
1765 878 2978 938 Nachdruck. Anstatt in der passenderen Form der Broschüre soll
1768 931 2968 985 die Duellfrage wieder einmal von der Bühne herab gelöst werden
1763 975 2971 1040 durch lange, sich häufig wiederholende Gespräche für und wider,
1768 1014 2964 1075 von denen die der letzteren Art vom Verfasser mit zahlreicherer
1765 1072 2969 1126 Argumenten bedacht sind, ohne deshalb an Ueberzeugungskraft zu
1773 1116 2975 1179 gewinnen. Schon der Titel trifft nicht in den Kernpunkt des
1772 1162 2968 1226 Stückes, in die Zweikampffrage, sondern seitwärts, in die freilich
1765 1216 2975 1269 besser gezeichneten Nebenumstände. Freiwild sind die kleinen
1772 1269 2968 1327 Theaternovizen, denen in irgend einer „Schmiere" der Schmetter¬
1772 1313 2986 1369 lingsstaub der künstlerischen Illusionen abgestreift wird, und die
1757 1354 3003 1427 in ihrer Mädchenwürde zu beleidigen sich jeder Lebebursche das
1760 1407 2986 1485 Recht herausnimmt. Ein solcher Herr ist der verschuldete Lieutenant
1712 1461 2985 1515 10 Karinsky. Er wettet im Kameradenkreise, daß die Naive Anna
1707 1508 2980 1561 20. Nieder die Einladung zum intimen Souper annehmen wird, und
1772 1559 2980 1617 ärgert sich nach dem Verlust der zwanzig Champagnerbouteillen,
1644 1585 1750 1639 „ 100
1777 1604 2288 1661 nicht des Geldes wegen
2317 1607 2978 1663 — da er grundsätzlich schuldig
1765 1653 2706 1731 bleibt, hat Geld für ihn keinen Werth
2844 1651 2988 1724 sondern
1624 1655 1745 1729 Abon
1626 1692 2988 1757 Abonn über das zufriedene Lächeln des Herrn Rönning, der
1770 1757 3025 1821 ein wirklicher, ehrlicher Freund der Naiven ist, mit ernsten
1768 1790 2986 1857 Absichten, kein Freund mit Anführungszeichen. Herr Reusch
1775 1840 2988 1899 spielt den Lieutenant, Herr Klein den Rönning. Wenn aber
1775 1891 2988 1942 einmal Herr Klein im Carl-Theater gastirt, dann bekommt Herr
1765 1943 2983 1996 Reusch stets seine Ohrfeige. Von dieser Gewohnheit wird auch
1768 1989 2997 2049 in „Freiwild nicht abgegangen. Herr Rönning, der bisher alle
1772 2035 2988 2093 Umgangsformen, auch die vor der Contrahage üblichen jener
1772 2083 2988 2139 Gesellschaftsclasse beobachtete, in welcher nach solchem Vorgehen
1765 2127 2983 2190 der Zweikampf als die einzige mögliche Lösung betrachtet wird,
1765 2179 2986 2232 nimmt aber die Forderung nicht an. Man mag über Sinn oder
1765 2229 2983 2281 Unsinn des Duells welche persönliche Meinung immer hegen —
1768 2266 2990 2329 die philosophischen Grundsätze, mit denen Herr Rönning die Ge¬
1772 2320 2980 2382 nugthuung mit der Waffe ablehnt, sind schon mehr als verdächtig.
1765 2371 2980 2426 Er verachtet das dergleichen Vorurtheil, er läßt sich von seinen
1775 2417 2988 2482 Freunden ruhig als einen feigen „Auskneifer behandeln. Und
1768 2463 2990 2514 derselbe überlegene Geist, der inzwischen der geliebten Naiven
1772 2511 2986 2574 einen Heiratsantrag gemacht, also Pflichten übernommen hat,
1768 2567 2986 2621 bleibt „justament in dem Badeorte, weil er erfährt, daß der
1772 2609 2986 2665 gezüchtigte, also ruinirte Gegner im Zustande der Verzweiflung zu
1777 2657 2983 2718 jeder Vergeltung fähig ist. Damit rasselt der ganze hölzerne Unterbau des
1775 2708 2997 2759 Stückes zusammen. Oder sollte Dr. Schnitzler mit dem Schlusse
1772 2757 2988 2815 etwa gar für die Nothwendigkeit des Duells plaidiren wollen?
1772 2796 2988 2856 Dann hätte er in den vorhergegangenen Auftritten seine Absichten
1772 2851 2986 2905 entschieden zu sehr verschleiert. Der Lieutenant schießt einfach den
1768 2895 2988 2956 der ihn geschlagen, über den Haufen. Das thut Herr Reusch stets,
1765 2947 2983 3008 wenn er von Herrn Klein eine Ohrfeige bekomme Herr Reusch
1772 2998 2988 3044 hat wieder am meisten imponirt durch die Eleganz, mit der er
1777 3046 2983 3105 seiner ungemein schwierigen Rolle über alle Fährlichkeiten half.
1772 3092 2976 3143 Dieser Künstler ist ein Specialist für das nämliche Rollenfach
1772 3139 2985 3195 wie Herr Devrient von der Burg. Fräulein Sangora in
1768 3189 2981 3243 der weiblichen Hauptrolle hat zum erstenmale wirk¬
1772 3236 2986 3296 liches Talent geoffenbart; zum Mindesten ist sie eine so
1772 3279 2986 3338 gute Schauspielerin, um es glaubhaft vortäuschen zu
1772 3331 2961 3384 können. Das inferiore Komödiantengesindel der „Schmiere
1780 3381 2980 3445 fand in Herrn Tewele und Fräulein Glümer, sowie in einigen
1775 3426 2988 3484 Anderen belustigende Vertreter. Die Officiere konnten nicht reussiren.
1770 3476 2985 3530 Sie sprachen wienerisch, ungarisch, berlinerisch. Es half nichts.
1775 3522 2980 3579 Vielleicht sind sie nicht einmal die Hauptschuldigen am Mißerfolg
1772 3574 2985 3625 der militärischen Abtheilung. Es kommt ein Rittmeister in dem
1775 3618 2983 3673 Stücke vor, der dem Beleidiger seines Mandanten in dessen
1768 3668 2981 3730 Wohnung einen privaten Besuch macht, um ihm ein Scheinduell
1768 3715 2986 3775 vorzuschlagen!! Die Officiere, die in „Freiwild auftreten, gibt
1765 3764 2983 3817 es eben so wenig irgendwo auf Erden, wie die Uniformen, die
1775 3812 2983 3875 sie trugen. Die Welt hinter den Coulissen in ihren Sonder¬
1775 3860 2988 3921 gewohnheiten und Gefühlen kennt Herr Schnitzler entschieden vor¬
1765 3905 2983 3970 trefflich, die militärische ebenso gewiß gar nicht. Der Verfasser
1772 3961 2901 4031 vurde übrigens nach dem zweiten Acte mehreremale gerufen.
2747 4001 2941 4075 o. t. b.
