3436 4128
286 127 478 227 8.1
981 127 1400 216 box 14/4
564 127 832 231 wild
470 564 1391 741 schnitt aus meine Zeit
733 660 1096 772 93
472 682 560 758 m:
477 798 1340 879 Schiller-Theater Charlottenburg.
548 863 1340 945 Arthur Schnitzlers dramatisch star¬
480 916 1015 980 de
1104 930 1183 977 i
480 952 1360 1018 gestern eine überaus dankbare Gemenos gefun¬
486 1004 1348 1051 den, die besonders nach dem Mittelakt mit seinem
486 1043 1341 1088 scharf zugespitzten Dialog, der die Verwerfung
486 1082 1348 1132 des Duells motiviert, ihrem Beifall begeisterten
487 1116 730 1169 Ausdruck gab.
534 1149 1344 1206 Der starke Applaus war um so gerechtfertigter,
478 1199 1340 1242 als sich gerade in diesem Akt die Hauptdarsteller
480 1237 1340 1278 auf der Höhe befanden, schlackenlos in ihren
478 1271 1341 1317 Leistungen. Herr Wiene, der zuvor seinen
483 1310 1344 1351 Paul Röming ganz unbegründet auf den Ton
483 1348 1344 1400 erkältender Wehleidigkeit gestimmt hatte — nach
486 1389 1346 1436 des Dichters Worten soll es ja ein glücklicher,
480 1425 1344 1472 junger Mann sein —, Herr Wiene stand in dem
486 1461 1341 1512 Mittelakt, in dem er auf seiner Ablehnung des
478 1501 1346 1542 angetragenen Zweikampfes beharrt, mit bestem
486 1542 1338 1582 Gelingen auf seinem Platz. Er war überzeugend
478 1570 1340 1621 in dem Dialoggeplänkel mit dem Oberleutnant
478 1621 1340 1669 Rohnstedt, der in Otto Letroe einen ausge¬
480 1652 1344 1708 zeichneten Vertreter fand. Der Dritte im Bunde,
480 1695 1340 1743 Karl Elzer, war als Badearzt, der die Duel¬
480 1736 1341 1781 gegnerschaft des Freundes nicht anerkennt, von
478 1773 1341 1815 wohltuender Schlichtheit und Natürlichkeit. Er
480 1809 1340 1858 bewies mit dieser Leistung, daß er mehr kann,
475 1852 1337 1896 als nur den Komiker mimen. Als Schauspielerin
480 1888 1340 1938 Anna Riedel, das „Freiwild“, fesselte Leonore
478 1924 1334 1972 Ehn, die in dem stummen Liebesspiel des
472 1962 1337 2018 zweiten Aktes gute Begabung verriet. In den
478 1998 1340 2043 kleineren Rollen des von Dr. Willy Becker
483 2040 1343 2085 sorgsam inszenierten Schauspiels bewährten sich
478 2079 1338 2119 Lucie Euler und Direktor Pategg, der
478 2115 1338 2163 seinen kleinen Sommerdirektor mit einem Pathos
475 2156 1343 2205 von unwiderstehlicher Komik herausbrachte. Aber
478 2189 1357 2231 eine der Hauptpersonen versagte. Der leicht¬
486 2226 1338 2276 sinnige, aber doch nicht schlechte Oberleutnant
478 2267 1334 2323 Karinski wurde in Karl Noacks Gestaltung
478 2310 1340 2371 zum düsteren Intriganten der hohen Tragösse.
480 2347 1216 2414 Jago, in österreichischer Leutnantsuniform.
1158 2378 1306 2459 1. J.
416 2796 1545 2905 Ausschnitt aus aus Preussische Zeitung, Ber¬
424 2902 567 2970 vom
689 2878 1087 3012 ja
455 2958 1557 3063 Arthur Schnitzlers „Freiwild", diese Erledigung der Duel¬
345 3029 1556 3103 frage nach wennerischer Ofen als ginge es um die Vertilgung
346 3085 1542 3128 eines Apfelstrudels, wurde gestern im Charlottenburger
345 3114 1548 3184 „Schillertheater“ wieder aufgenommen, nachdem fast
349 3156 1543 3215 zwanzig Jahre lang niemand nach den Erkenntnissen des Schau¬
368 3200 1542 3246 siels gedrängt hatte. Die menschlichen und moralischen Werte
359 3234 1542 3282 dieser Komödie werden so verteilt, daß der Beleidigte von vornherein
349 3266 1543 3321 In Lump ist und der Beleidiger in philosophischen Exkursen machen
346 3307 1542 3361 darf. Freiwild, das ist das Schauspielermilien, aus dem die Ver¬
346 3350 1535 3402 wicklungen gesellschaftlich und sittlich entfesselt werden, gegenüber dem
346 3388 1546 3445 im Ehrenkoder festgewurzelten Offizier. Wer kneist, darf triumphieren,
340 3422 1535 3481 und der andere, der nur den Feigling niederknallt wie der Ober¬
343 3461 1535 3518 leutnant Kaminski, wird zum Mörder. Die Schiefheiten der
342 3502 1591 3565 Komödie wurden nicht ausgeglichen durch ein in seiner Selbstver¬
349 3538 1543 3597 ständlichkeit charmantes Spiel. Vom Oberleutnant bis zum Piccol¬
342 3585 1539 3641 nahmen die Darsteller die Sache furchtbar tragisch. Sie machten sie
340 3613 1545 3675 dadurch, daß sie sie zu norddeutsch anfaßten und sich nicht in den
343 3651 1543 3712 schwankeren Graden österreichischer Weltanschauung verlaufen
343 3693 1542 3751 ließen, für uns nur unwahrscheinlicher. Bei Schnitzler kann nur die
340 3732 1143 3802 Betonung aller Sentiments die Lage retten.
1944 741 3049 859 Ausschnitt ner Bösen Zeitung, Berlin
2427 824 2838 922 Morgenausgabe
1944 888 2069 963 om
2405 897 2600 992 1913
2107 973 2760 1073 Kunst und Wissenschaft.
2088 1032 2892 1121 Das Schiller-Theater ist diesmal seiner
1998 1088 2900 1171 alten Gewohnheit, die Saison mit einer Schwank¬
2003 1130 2897 1199 Der Lustspiel-Novität zu schließen, untreu
2009 1171 2895 1239 geworden und hat gestern in seinem Char¬
2006 1209 2895 1275 lottenburger Heim Schnitzlers dreiaktiges Schau¬
2009 1248 2897 1318 spiel „Freiwild“ zur Aufführung gebracht, das
1995 1293 2902 1355 Ende der neunziger Jahre längere Zeit dem
2000 1327 2905 1389 Repertoire des Deutschen Theaters angehörte. In
2003 1363 2902 1439 diesem Schauspiel wird bekanntlich — innerhalb
2000 1400 2908 1466 eines modernen Wiener Miliens — die ewig aktuelle
2003 1438 2914 1507 Duell-Frage behandelt, der selbstverständlich auch
2015 1489 2916 1549 Arthur Schnitzler eine erschöpfende Antwort nicht ge¬
2020 1521 2912 1593 funden hat. Die Kluft, die zwischen dem gesellschaft¬
2020 1566 2911 1627 lichen Ehrenkoder und dem allgemein menschlichen
2020 1598 2916 1670 Empfinden gähnt, ist nun einmal unüberbrückbar und
2026 1636 2916 1714 so hat denn bisher noch jedes Bühnenwerk, das sich
2015 1677 2916 1751 mit diesem Konflikt beschäftigte, mit einem Frage¬
2029 1717 2925 1792 zeichen geendet, auch Schnitzlers Freiwild“, denn
2017 1761 2925 1818 wenn Schnitzler hier die Duell=Gegner den kürzeren
2017 1798 2926 1861 ziehen läßt, sich also für die Berechtigung des Duells
2023 1835 2925 1897 erklärt, so sind die Gründe, die er für seine Ansicht ins Feld
2029 1868 2931 1953 führt, noch keineswegs für jedermann einleuchtend
2028 1913 2926 1998 oder gar überzeugend, ja, der Schluß der Handlung
2035 1951 2930 2020 — der Maler Rönning wird von dem schuftigen
2023 1995 2933 2054 Leutnant Karinski, dem er „Satisfaktion" zu geben
2038 2029 2934 2102 sich weigert, einfach niedergeknallt — ist recht will¬
2028 2085 2619 2158 kürlich und ohne zwingende Logik.
2071 2087 2933 2166 Dank der verständnisvollen Darstellung, die dem
2035 2146 2944 2217 Stück gestern im Schiller=Theater Charlottenburg zu¬
2040 2184 2947 2259 teil wurde, übte der dem dortigen Publikum
2042 2240 2945 2290 im Grunde etwas fernliegende Stoff trotz¬
2042 2264 2950 2337 dem auch hier seine volle Wirkung. Herr Wiens
2042 2312 2954 2375 hätte den Rönning wohl etwas selbstbewußter, überlegener
2046 2341 2950 2413 fassen können, aber kaum frischer und natürlicher, und
2042 2392 2950 2451 Leonore Ehn (Anna Riedel) war als vielbedrängte
2057 2422 2951 2490 Bühnennovize, als gehetztes „Freiwild“ mit ihrer
2052 2459 2962 2534 verständigen und doch von kräftigem Leben
2048 2500 2956 2574 erfüllten Art ganz in ihrem Clement. Das
2054 2535 2962 2613 militärische Trio war durch Herrn Noack, der den
2048 2590 2979 2680 Karinski allerdings etwas auf den gewöhnlichen
2068 2673 2978 2757 Theaterbösewicht hinausspielte, und die Herren Latron
2071 2737 2973 2798 und Foerster vertreten, von denen der letztere als
2071 2776 2971 2838 Husarenleutnant Vogel den beschränkten „guten Kerl
2077 2821 2982 2878 mit diskretem Humor vortrefflich charateresierte. Unter
2071 2850 2975 2911 den sonstigen Episodenrollen trat noch Herrn Pateggs
2079 2889 2981 2950 industriöser Theaterdirektor hervor, der Mann mit
2074 2925 2982 2996 der defekten Schmierenmoral, den man hier in Miene
2087 2976 2987 3041 und Haltung ebenso treffend wie belustigend ver¬
2083 3023 2358 3076 anschaulicht sah.
2125 3018 2987 3105 Gleich der Darstellung hatte auch die Regie, wie
2083 3082 2995 3147 das flotte, sichere Zusammenspiel und das geschmack¬
2087 3122 2995 3184 volle szenische Arrangement in den einzelnen Akten
2088 3159 2992 3226 bewies, redlich das Ihrige getan, um dem Schnitzler¬
2097 3201 3003 3268 schen Drama den gleichen Erfolg zu sichern, den es
2096 3242 2998 3307 seinerzeit im Deutschen Theater erzielt hatte, Anen
2102 3284 2999 3343 Erfolg, der in wiederholten lebhaften Beifallsaus¬
2099 3319 2998 3416 brüchen des Publikums seinen entsprechende Aus¬
2090 3378 2291 3443 druck fand.
