3436 4224
288 130 401 214 8.
997 115 1402 226 box 14/4
461 124 596 202 re
660 115 824 204 vild
735 177 833 235 .
538 707 1312 825 WIENER ABENDROST
849 801 1185 933 15. N. 119
1214 918 1417 985 —
379 970 1408 1035 hinab, und wenn nach einem Gewitter die angeschwol¬
380 1021 1393 1089 lenen Wildbäche oben, so ist es fast, als ob der
377 1077 1391 1135 Teufel es nochmals wagen wollte, St. Wolfgang zu
380 1123 1393 1202 besuchen, um ihm irgend einen Schaberack zu spielen.
1006 1176 1355 1264 Anton Mailly.
675 1325 1119 1438 Theater und Kunst.
406 1415 1408 1483 Neues Wiener Stadttheater.) Gestern gab es eine
389 1469 1421 1536 sehr saubere, wirksame Aufführung des Schnitzlerschen
392 1526 1399 1589 Schauspieles „Freiwild. Entstanden zwischen der
394 1571 1397 1635 „Liebelei und dem „Vermächtnis“, zeigt das Stück den
386 1613 1408 1689 Typus des „füßen Mädels" in der aufsteigenden Linie zur
386 1670 1396 1730 tragischen Charakterfigur. Das Problem des Duells, das
389 1715 1406 1788 Artur Schnitzer so nachhaltig beschäftigte, wird auch in
392 1766 1402 1833 dieser Komödie zu einem tragischen Vorwurfe herangezogen,
389 1821 1402 1888 hier in Beziehung auf die verweigerte Satisfaktion.
389 1873 1406 1942 Gestern stellte sich die Wahrnehmung ein, daß
388 1920 1402 1993 diese Gesellschaftskritik aus dem einstigen Gesichts¬
394 1972 1405 2035 winkel des militärischen Ehrbegriffes und des Duellkoder
392 2020 1409 2094 jetzt erst ihre volle satirische Kraft erlangt hat.
392 2070 1408 2143 Ganz vortrefflich war die Darstellung: die Herren
398 2120 1402 2188 Strobl, Norfolk und Böhm zeichneten überaus
397 2168 1408 2243 lebensgetreu Offizierstypen, ohne übertreibung, ohne
403 2215 1414 2284 unangenehme Tendenz. In guter Haltung gaben die
397 2278 1408 2344 Herren Richter, Zeska und Walter die „Zivilisten“,
403 2327 1411 2390 gleichfalls sehr charakteristisch und eindringlich. Die Damen
400 2363 1414 2438 Rosenquist und Geßner spielten die beiden Parallel¬
403 2417 1414 2508 figuren zur Christin und der Schlager=Mitzi aus der
400 2466 1415 2537 „Liebelei": die sentimentale Liebhaberin und die vorurteils¬
400 2517 1414 2604 lose Naive. — Man nahm Schnitzlers Schauspiel so wie
394 2591 1412 2636 es gemeint ist: als Protest gegen Auswüchse und Ver¬
398 2616 1414 2712 kennungen von Standesvorurteilen, keineswegs als
1268 2673 1382 2731 Hr.
401 2682 629 2766 Tendenzstück.
2195 328 2980 499 Theater und Kunst.
2314 475 2877 556 Wiener Stadttheater.
2209 544 2956 641 Arthur Schnitzler: „Freiwild.
2117 596 3157 680 Dieses nur scheinbar veraltete Stück ist eine beredte
2023 669 3154 726 Warnung. Es handelt von der verblichenen Sonderehre des
2017 719 3154 782 Offiziersstandes, vom Ehrbegriff der „Gesellschaft" von dazu¬
2023 765 3154 830 mal, der heute wie ein letztes, endlich ausgetilgtes Über¬
2023 821 3160 885 bleibsel aus dem Mittelalter anmutet. Damals, vor kurzer
2017 864 3154 919 Zeit noch, besaß eine bevorzugte Kaste das Recht der Ehren¬
1989 918 3151 994 notwehr, das den Übermut, die überhebung einzelner bis zur
1980 964 3154 1033 beispiellosen Mißachtung aller Menschen steigerte, die nicht dem
1980 1015 3148 1077 bevorrechteten Stande angehörten. Aus diesem Verhalten
1968 1072 3169 1144 weniger aber erwuchs eine bewaffnete Drohung Schritt auf
1968 1120 3166 1189 Schritt; wehe dem Unbesonnenen, der einem solchen zufällig
2020 1173 3151 1223 aufs äußerste gereizten Uniformierten gleich auf gleich gegen¬
2020 1220 3149 1283 übertrat. Brachte er den sehr zweifelhaften Mut zum Zwei¬
2017 1270 3154 1322 kampf nicht auf, war er jeder Gewalttat des anderen ausge¬
2017 1319 3146 1370 liefert, der seine beschädigte Sonderehre nur auf diese kanni¬
2020 1363 3154 1426 balische Art heilen zu können glaubte: Freiwild. Und da wir
2020 1415 3154 1478 nur zu leicht geneigt sind, das Unerträgliche von gestern über
2026 1466 3151 1520 dem Unangenehmen von heute zu vergessen, mahnt dieses vor
2020 1512 3145 1581 Jahrzehnten geschriebene Stück, Errungenschaften der Kultur
2020 1560 2730 1622 nicht leichtsinnig aufs Spiel zu setzen.
2123 1607 3155 1668 Das Stück wird im Stadttheater einwandfrei
2014 1665 3161 1719 gespielt; Julius Strobl, Thea Rosenquist, Philipp Zeska in
2017 1716 3154 1767 den Hauptrollen und die übrigen Darsteller erhöhten die ohne¬
2017 1760 3151 1824 hin rege Teilnahme der Zuschauer an den dramatisch wirk¬
2953 1812 3131 1888 .
2026 1816 2369 1888 samen Vorgängen.
1700 2194 2770 2290 rer Conrad in der Rolle der Gesellschaftere West, da¬
1710 2254 2766 2329 ei ihr in guten Händen lag. Beifall für alle Hauptrollen¬
1707 2303 2767 2362 täger gab es in Hülle unde. Einen guten Teil davon
1707 2333 2772 2392 onnte auch Kapellmeich für seine tüchtige Leitung
2426 2375 2734 2459 Chr.
1709 2386 2323 2453 er Operette in Anspruch nehmen.
1701 2424 2099 2516 Meer
1707 2450 2781 2544 Gestern wurde er zum erstenmal das Schauspiel „Frei¬
1704 2510 2775 2576 vild“ von Artur Schnitzler aufgeführt, ein Stück, in
1704 2547 2778 2619 dem die Duellfrage erörtert wird, also ein Stück, das in
1695 2594 2775 2666 unsere Zeit nicht gut hineinpaßt. Die Duellfrage hat sich
1689 2643 2776 2698 überlebt und mit ihr auch Schnitzlers Schauspiel, das
1698 2681 2778 2760 übrigens die Sache an einem falschen Punkte anfaßt. Weil
1697 2724 2782 2793 ein von sich selbst stark eingenommener Oberleutnant eine
1695 2764 2773 2847 abwesende Schauspielerin beleidigt, gibt ihm deren Ver¬
1698 2817 2766 2880 ehrer eine Ohrfeige und weigert sich darauf, die Heraus¬
1713 2854 2778 2928 forderung zum Duell anzunehmen. Infolgedessen mußte der
1698 2905 2778 2967 Offizier den Dienst verlassen, welche Aussicht ihn veranlaßt,
1710 2956 2782 3017 seinen Beleidiger niederzuschießen. Damit ist das Tuell¬
1701 2989 2788 3067 problem nicht gelöst, so wenig, wie die Voraussetzung
1706 3038 2779 3113 glücklich gewählt ist, daß ein Beleidiger sich auf Menschen¬
1707 3071 2782 3139 rechte berufen darf, nachdem er sich selbst verletzt hat. Ge¬
1707 3116 2788 3196 spielt wurde das überlebte Schauspiel unter der Leitung
1710 3157 2788 3227 des Herrn Julius Herzka sehr gut. Herr Strobl brachte
1701 3217 2784 3266 die Selbstüberschätzung des Oberleutnants mit sprechenden
1707 3250 2781 3324 Mitteln zum Ausdruck, Herr Norfolk stellte einen
1707 3287 2787 3359 anderen Offizier mit guter Betonung des einlenkenden
1707 3347 2782 3405 Wesens dar, Herr Zeska spielt den Beleidiger mit schöner
1715 3380 2787 3465 Energie, Fräulein Rosenquist meisterte ihre Rolle als
1713 3417 2806 3492 gekränktes und liebendes Mädchen mit aller Anmut, Herr,
1712 3462 2794 3536 Nerz war ein köstlicher Schmierendirektor. Die Darstellung
2562 3513 2755 3581 Dr. H. F.
1703 3527 2096 3594 fand großen Beifall.
