<?xml version="1.0" encoding="UTF-8" standalone="yes"?>
<PcGts xmlns="http://schema.primaresearch.org/PAGE/gts/pagecontent/2013-07-15" xmlns:xsi="http://www.w3.org/2001/XMLSchema-instance" xsi:schemaLocation="http://schema.primaresearch.org/PAGE/gts/pagecontent/2013-07-15 http://schema.primaresearch.org/PAGE/gts/pagecontent/2013-07-15/pagecontent.xsd">
    <Metadata>
        <Creator>prov=READ-COOP:name=PyLaia@TranskribusPlatform:version=2.12.1:model_id=39995:lm=provided:date=28_03_2024_21:31</Creator>
        <Created>2019-10-07T11:46:29.634+02:00</Created>
        <LastChange>2024-03-28T21:31:48.030+01:00</LastChange>
        <TranskribusMetadata docId="223990" pageId="9503555" pageNr="18" tsid="156389941" status="IN_PROGRESS" userId="40391" imgUrl="https://files.transkribus.eu/Get?id=RPYKNBWRJKXMZUDIAWPCKIYD&amp;fileType=view" xmlUrl="https://files.transkribus.eu/Get?id=WMMNZZHJXSILSJCFCCCRFJZP" imageId="6193769"/>
    </Metadata>
    <Page imageFilename="223990_0018.jpeg" imageWidth="3436" imageHeight="3968">
        <ReadingOrder>
            <OrderedGroup id="ro_1712662593401" caption="Regions reading order">
                <RegionRefIndexed index="0" regionRef="tr_1"/>
                <RegionRefIndexed index="1" regionRef="tr_2"/>
                <RegionRefIndexed index="2" regionRef="tr_3"/>
            </OrderedGroup>
        </ReadingOrder>
        <TextRegion orientation="0.0" id="tr_1" custom="readingOrder {index:0;}">
            <Coords points="184,129 184,288 677,288 677,129"/>
            <TextLine id="tr_1_tl_1" custom="readingOrder {index:0;}">
                <Coords points="177,245 234,259 276,234 664,241 675,179 575,173 527,191 480,177 433,196 371,173 314,187 178,175"/>
                <Baseline points="184,238 209,238 235,238 261,238 287,232 313,230 339,234 365,236 391,233 417,232 443,232 469,232 495,232 521,232 547,232 573,230 599,229 625,229 651,229 677,230"/>
                <TextEquiv>
                    <Unicode>8. Freiwil</Unicode>
                </TextEquiv>
            </TextLine>
            <TextEquiv>
                <Unicode></Unicode>
            </TextEquiv>
        </TextRegion>
        <TextRegion orientation="0.0" id="tr_2" custom="readingOrder {index:1;}">
            <Coords points="707,195 707,3865 1802,3865 1802,195"/>
            <TextLine id="tr_2_tl_1" custom="readingOrder {index:0;}">
                <Coords points="873,234 1039,247 1096,233 1172,250 1233,230 1272,242 1274,145 1217,169 1198,154 1115,157 1041,196 873,166"/>
                <Baseline points="880,223 906,223 932,224 959,226 985,226 1012,226 1038,228 1064,228 1091,226 1117,226 1144,226 1170,224 1196,222 1223,221 1249,219 1276,217"/>
                <TextEquiv>
                    <Unicode>box 14/2</Unicode>
                </TextEquiv>
            </TextLine>
            <TextLine id="tr_2_tl_2" custom="readingOrder {index:1;}">
                <Coords points="703,777 1736,758 1736,711 1442,693 1038,735 705,718"/>
                <Baseline points="710,763 761,760 812,760 864,759 915,757 967,757 1018,754 1070,754 1121,753 1173,751 1224,751 1275,753 1327,752 1378,748 1430,748 1481,747 1533,746 1584,746 1636,747 1687,745 1739,748"/>
                <TextEquiv>
                    <Unicode>anschließen müssen, der ihm die „goldene Eva“ ins Haus</Unicode>
                </TextEquiv>
            </TextLine>
            <TextLine id="tr_2_tl_3" custom="readingOrder {index:2;}">
                <Coords points="700,825 1712,815 1736,770 701,777"/>
                <Baseline points="707,808 758,808 810,807 861,805 913,805 965,805 1016,802 1068,802 1119,802 1171,799 1223,799 1274,799 1326,799 1377,799 1429,799 1481,798 1532,796 1584,796 1635,796 1687,796 1739,796"/>
                <TextEquiv>
                    <Unicode>brachte. Seit dem vor langer, langer Zeit gegebenen</Unicode>
                </TextEquiv>
            </TextLine>
            <TextLine id="tr_2_tl_4" custom="readingOrder {index:3;}">
                <Coords points="698,871 1739,859 1739,817 1638,803 700,825"/>
                <Baseline points="707,856 758,859 810,856 862,856 914,854 965,855 1017,854 1069,853 1121,850 1172,850 1224,849 1276,847 1328,847 1379,847 1431,847 1483,847 1535,846 1586,844 1638,844 1690,844 1742,844"/>
                <TextEquiv>
                    <Unicode>Braccoschen „Untreut hat das Lessing=Theater keine</Unicode>
                </TextEquiv>
            </TextLine>
            <TextLine id="tr_2_tl_5" custom="readingOrder {index:4;}">
                <Coords points="700,909 1739,910 1739,859 1596,850 700,871"/>
                <Baseline points="707,906 758,906 810,906 862,905 914,903 965,903 1017,901 1069,901 1121,898 1172,898 1224,898 1276,898 1328,898 1379,895 1431,895 1483,895 1535,895 1586,895 1638,895 1690,895 1742,898"/>
                <TextEquiv>
                    <Unicode>Rolle gespielt, und wer Berlin kennt und die Stimmung</Unicode>
                </TextEquiv>
            </TextLine>
            <TextLine id="tr_2_tl_6" custom="readingOrder {index:5;}">
                <Coords points="706,971 1676,970 1732,960 1734,907 707,919"/>
                <Baseline points="713,954 764,954 815,954 866,954 917,952 968,951 1019,951 1071,951 1122,950 1173,948 1224,948 1275,948 1326,945 1377,945 1429,945 1480,945 1531,945 1582,945 1633,945 1684,942 1736,945"/>
                <TextEquiv>
                    <Unicode>des Publikums beläuscht, ist sich darüber klar, daß „man</Unicode>
                </TextEquiv>
            </TextLine>
            <TextLine id="tr_2_tl_7" custom="readingOrder {index:6;}">
                <Coords points="709,1009 1744,1007 1705,952 709,973"/>
                <Baseline points="716,1002 767,1005 819,1002 870,1002 922,1002 974,1002 1025,999 1077,999 1128,999 1180,999 1232,998 1283,998 1335,997 1386,996 1438,993 1490,995 1541,993 1593,993 1644,993 1696,993 1748,993"/>
                <TextEquiv>
                    <Unicode>in dieses Theater nicht mehr geht. Es gibt eben große</Unicode>
                </TextEquiv>
            </TextLine>
            <TextLine id="tr_2_tl_8" custom="readingOrder {index:7;}">
                <Coords points="709,1066 1653,1066 1744,1060 1746,1007 709,1025"/>
                <Baseline points="716,1047 767,1053 819,1053 870,1053 922,1053 974,1051 1025,1050 1077,1050 1128,1050 1180,1047 1232,1047 1283,1045 1335,1044 1386,1044 1438,1047 1490,1044 1541,1043 1593,1043 1644,1044 1696,1041 1748,1041"/>
                <TextEquiv>
                    <Unicode>Gruppen im Publikum, literarische Gruppen, französelnde</Unicode>
                </TextEquiv>
            </TextLine>
            <TextLine id="tr_2_tl_9" custom="readingOrder {index:8;}">
                <Coords points="706,1107 1742,1098 1709,1051 706,1075"/>
                <Baseline points="713,1097 764,1103 816,1103 867,1103 919,1101 971,1100 1022,1100 1074,1100 1125,1100 1177,1097 1229,1096 1280,1094 1332,1094 1383,1094 1435,1094 1487,1093 1538,1091 1590,1091 1641,1091 1693,1088 1745,1091"/>
                <TextEquiv>
                    <Unicode>Gruppen, Zirkus=Gruppen, die in der ganzen Welt neben</Unicode>
                </TextEquiv>
            </TextLine>
            <TextLine id="tr_2_tl_10" custom="readingOrder {index:9;}">
                <Coords points="714,1158 1748,1162 1749,1115 715,1110"/>
                <Baseline points="721,1154 772,1154 824,1151 875,1151 927,1151 978,1151 1030,1148 1081,1145 1133,1148 1184,1147 1236,1145 1287,1145 1339,1145 1390,1142 1442,1142 1493,1142 1545,1141 1596,1141 1648,1140 1699,1139 1751,1142"/>
                <TextEquiv>
                    <Unicode>einander leben und auch hier neben einander sich halten,</Unicode>
                </TextEquiv>
            </TextLine>
            <TextLine id="tr_2_tl_11" custom="readingOrder {index:10;}">
                <Coords points="711,1209 1749,1206 1749,1161 1688,1147 711,1158"/>
                <Baseline points="719,1202 770,1202 822,1202 873,1202 925,1200 977,1199 1028,1196 1080,1199 1131,1199 1183,1196 1235,1196 1286,1194 1338,1193 1389,1193 1441,1193 1493,1192 1544,1190 1596,1190 1647,1188 1699,1187 1751,1190"/>
                <TextEquiv>
                    <Unicode>weil eine große Stadt das notwendige Miniaturbild der</Unicode>
                </TextEquiv>
            </TextLine>
            <TextLine id="tr_2_tl_12" custom="readingOrder {index:11;}">
                <Coords points="717,1275 1751,1242 1751,1203 1443,1195 718,1221"/>
                <Baseline points="724,1250 775,1250 827,1250 878,1250 930,1250 981,1250 1033,1247 1084,1247 1136,1246 1187,1244 1239,1244 1290,1244 1342,1242 1393,1241 1445,1241 1496,1241 1548,1241 1599,1239 1651,1238 1702,1238 1754,1238"/>
                <TextEquiv>
                    <Unicode>Welt ist. Wenn dabei vielleicht der Schwankgeschmack</Unicode>
                </TextEquiv>
            </TextLine>
            <TextLine id="tr_2_tl_13" custom="readingOrder {index:12;}">
                <Coords points="719,1319 1744,1309 1746,1247 720,1280"/>
                <Baseline points="727,1297 778,1299 829,1297 880,1297 931,1297 982,1297 1033,1297 1084,1297 1135,1294 1186,1294 1237,1294 1288,1294 1339,1291 1390,1291 1441,1291 1492,1291 1543,1290 1594,1288 1645,1288 1696,1285 1748,1288"/>
                <TextEquiv>
                    <Unicode>etwas stärker in den Vordergrund treten sollte (was ich</Unicode>
                </TextEquiv>
            </TextLine>
            <TextLine id="tr_2_tl_14" custom="readingOrder {index:13;}">
                <Coords points="717,1360 1751,1353 1751,1311 1701,1297 717,1321"/>
                <Baseline points="724,1348 775,1348 827,1348 878,1347 930,1345 981,1345 1033,1342 1084,1342 1136,1342 1187,1342 1239,1341 1290,1339 1342,1339 1393,1342 1445,1339 1496,1339 1548,1338 1599,1336 1651,1336 1702,1333 1754,1333"/>
                <TextEquiv>
                    <Unicode>noch nicht einmal bemerke, so wäre auch das eine Folge</Unicode>
                </TextEquiv>
            </TextLine>
            <TextLine id="tr_2_tl_15" custom="readingOrder {index:14;}">
                <Coords points="717,1407 1755,1408 1756,1345 717,1366"/>
                <Baseline points="724,1396 775,1393 827,1393 878,1394 930,1394 982,1393 1033,1391 1085,1393 1137,1390 1188,1392 1240,1390 1292,1390 1343,1390 1395,1390 1447,1390 1498,1387 1550,1386 1602,1382 1653,1381 1705,1381 1757,1381"/>
                <TextEquiv>
                    <Unicode>der Großstadt, die hinweg zu dozieren eine Danaidenarbeit</Unicode>
                </TextEquiv>
            </TextLine>
            <TextLine id="tr_2_tl_16" custom="readingOrder {index:15;}">
                <Coords points="723,1450 1684,1451 1757,1408 724,1411"/>
                <Baseline points="730,1443 781,1443 833,1443 884,1443 936,1442 987,1441 1039,1438 1090,1438 1142,1441 1193,1440 1245,1438 1296,1438 1348,1436 1399,1438 1451,1438 1502,1435 1554,1434 1605,1432 1657,1432 1708,1432 1760,1429"/>
                <TextEquiv>
                    <Unicode>ist. Ich denke gar nicht daran, Berlin in Schutz zu</Unicode>
                </TextEquiv>
            </TextLine>
            <TextLine id="tr_2_tl_17" custom="readingOrder {index:16;}">
                <Coords points="717,1497 1755,1497 1756,1449 1663,1440 718,1453"/>
                <Baseline points="724,1491 775,1494 827,1491 878,1491 930,1491 982,1489 1033,1488 1085,1485 1137,1488 1188,1485 1240,1486 1292,1486 1343,1487 1395,1485 1447,1485 1498,1482 1550,1482 1602,1480 1653,1479 1705,1479 1757,1476"/>
                <TextEquiv>
                    <Unicode>nehmen, mir ist Berlin sehr gleichgiltig und sein Trubel</Unicode>
                </TextEquiv>
            </TextLine>
            <TextLine id="tr_2_tl_18" custom="readingOrder {index:17;}">
                <Coords points="723,1553 1752,1545 1763,1493 723,1510"/>
                <Baseline points="730,1542 781,1539 833,1540 884,1541 936,1539 988,1539 1039,1537 1091,1536 1143,1536 1194,1536 1246,1535 1298,1533 1349,1533 1401,1530 1453,1530 1504,1530 1556,1530 1608,1530 1659,1530 1711,1527 1763,1530"/>
                <TextEquiv>
                    <Unicode>ist mir nur ein notwendiges Uebel — aber wenn man</Unicode>
                </TextEquiv>
            </TextLine>
            <TextLine id="tr_2_tl_19" custom="readingOrder {index:18;}">
                <Coords points="723,1611 1752,1600 1764,1545 723,1553"/>
                <Baseline points="730,1590 781,1590 833,1590 885,1590 937,1589 989,1587 1040,1587 1092,1587 1144,1587 1196,1584 1248,1583 1299,1581 1351,1581 1403,1581 1455,1581 1507,1581 1558,1580 1610,1578 1662,1578 1714,1578 1766,1578"/>
                <TextEquiv>
                    <Unicode>immer in so malitiösem Tone vom Berliner Geschmack</Unicode>
                </TextEquiv>
            </TextLine>
            <TextLine id="tr_2_tl_20" custom="readingOrder {index:19;}">
                <Coords points="726,1653 1757,1645 1759,1600 727,1611"/>
                <Baseline points="733,1640 784,1640 835,1640 887,1640 938,1638 989,1637 1041,1637 1092,1637 1143,1634 1195,1634 1246,1632 1297,1631 1349,1631 1400,1634 1451,1631 1503,1628 1554,1628 1605,1628 1657,1628 1708,1625 1760,1625"/>
                <TextEquiv>
                    <Unicode>reden hört, so muß ich doch sagen, daß es für einen Kenner</Unicode>
                </TextEquiv>
            </TextLine>
            <TextLine id="tr_2_tl_21" custom="readingOrder {index:20;}">
                <Coords points="728,1708 1763,1705 1730,1634 728,1659"/>
                <Baseline points="736,1685 787,1688 839,1689 890,1686 942,1686 993,1685 1045,1685 1096,1682 1148,1682 1199,1682 1251,1682 1302,1680 1354,1679 1405,1679 1457,1679 1508,1679 1560,1678 1611,1676 1663,1676 1714,1676 1766,1673"/>
                <TextEquiv>
                    <Unicode>hiesiger Verhältnisse den Berliner Geschmack überhaupt</Unicode>
                </TextEquiv>
            </TextLine>
            <TextLine id="tr_2_tl_22" custom="readingOrder {index:21;}">
                <Coords points="726,1757 1753,1747 1727,1688 726,1706"/>
                <Baseline points="733,1736 784,1739 835,1738 886,1736 937,1736 989,1736 1040,1733 1091,1733 1142,1733 1193,1733 1245,1731 1296,1730 1347,1730 1398,1730 1449,1730 1501,1729 1552,1727 1603,1725 1654,1724 1705,1724 1757,1721"/>
                <TextEquiv>
                    <Unicode>nicht gibt und daß vorläufig im Programm des erfolg¬</Unicode>
                </TextEquiv>
            </TextLine>
            <TextLine id="tr_2_tl_23" custom="readingOrder {index:22;}">
                <Coords points="728,1808 1756,1791 1757,1746 1704,1736 730,1765"/>
                <Baseline points="736,1787 787,1787 838,1787 889,1787 940,1787 992,1784 1043,1784 1094,1784 1145,1784 1196,1783 1248,1781 1299,1781 1350,1778 1401,1778 1452,1778 1504,1778 1555,1777 1606,1775 1657,1775 1708,1772 1760,1772"/>
                <TextEquiv>
                    <Unicode>reichsten Theaters, des „Deutschen", ein so rein künstle¬</Unicode>
                </TextEquiv>
            </TextLine>
            <TextLine id="tr_2_tl_24" custom="readingOrder {index:23;}">
                <Coords points="735,1855 1742,1844 1764,1793 736,1806"/>
                <Baseline points="742,1837 793,1836 844,1835 895,1835 946,1834 998,1834 1049,1831 1100,1834 1151,1830 1202,1828 1254,1828 1305,1828 1356,1828 1407,1828 1458,1825 1510,1827 1561,1825 1612,1823 1663,1822 1714,1822 1766,1825"/>
                <TextEquiv>
                    <Unicode>risches Wesen waltet, wie es sich bei keiner zweiten Bühne</Unicode>
                </TextEquiv>
            </TextLine>
            <TextLine id="tr_2_tl_25" custom="readingOrder {index:24;}">
                <Coords points="728,1900 1766,1887 1766,1841 1586,1831 728,1862"/>
                <Baseline points="736,1885 787,1885 839,1885 890,1885 942,1883 994,1882 1045,1882 1097,1882 1149,1879 1200,1879 1252,1879 1304,1877 1355,1876 1407,1876 1459,1876 1510,1876 1562,1875 1614,1873 1665,1873 1717,1870 1769,1873"/>
                <TextEquiv>
                    <Unicode>Deutschlands trifft, weil keine solche Schauspielermittel</Unicode>
                </TextEquiv>
            </TextLine>
            <TextLine id="tr_2_tl_26" custom="readingOrder {index:25;}">
                <Coords points="736,1953 1769,1940 1753,1881 737,1906"/>
                <Baseline points="745,1939 796,1936 847,1935 899,1933 950,1933 1001,1933 1053,1933 1104,1930 1155,1929 1207,1928 1258,1928 1309,1927 1361,1927 1412,1927 1463,1927 1515,1924 1566,1923 1617,1921 1669,1921 1720,1921 1772,1924"/>
                <TextEquiv>
                    <Unicode>hat und keine sich so rein halten kann, insofern als die</Unicode>
                </TextEquiv>
            </TextLine>
            <TextLine id="tr_2_tl_27" custom="readingOrder {index:26;}">
                <Coords points="744,2006 1697,1998 1772,1987 1773,1936 744,1949"/>
                <Baseline points="751,1986 802,1984 853,1984 904,1984 955,1984 1007,1981 1058,1984 1109,1981 1160,1978 1211,1978 1263,1978 1314,1976 1365,1975 1416,1978 1467,1975 1519,1975 1570,1974 1621,1972 1672,1972 1723,1972 1775,1972"/>
                <TextEquiv>
                    <Unicode>starke Konkurrenz allen Kehricht des öffentlichen Geschmacks</Unicode>
                </TextEquiv>
            </TextLine>
            <TextLine id="tr_2_tl_28" custom="readingOrder {index:27;}">
                <Coords points="728,2050 1267,2036 1267,1997 1228,1989 1110,2011 1055,1991 770,2015 728,2002"/>
                <Baseline points="736,2037 762,2037 789,2036 816,2034 842,2034 869,2034 896,2032 922,2031 949,2031 976,2031 1003,2031 1029,2031 1056,2030 1083,2029 1109,2028 1136,2028 1163,2028 1189,2028 1216,2028 1243,2028 1270,2028"/>
                <TextEquiv>
                    <Unicode>ganz von selbst hier abführt.</Unicode>
                </TextEquiv>
            </TextLine>
            <TextLine id="tr_2_tl_29" custom="readingOrder {index:28;}">
                <Coords points="807,2102 1769,2078 1759,2038 1625,2023 807,2050"/>
                <Baseline points="814,2085 861,2083 909,2082 957,2082 1005,2079 1053,2079 1101,2079 1149,2079 1197,2076 1245,2076 1293,2076 1340,2075 1388,2073 1436,2073 1484,2073 1532,2073 1580,2073 1628,2073 1676,2070 1724,2070 1772,2064"/>
                <TextEquiv>
                    <Unicode>Im Bereich des Schwankes fiel in letzter Zeit, nach¬</Unicode>
                </TextEquiv>
            </TextLine>
            <TextLine id="tr_2_tl_30" custom="readingOrder {index:29;}">
                <Coords points="735,2147 1756,2138 1727,2085 736,2105"/>
                <Baseline points="742,2133 792,2133 843,2133 894,2133 945,2133 996,2130 1047,2130 1098,2130 1149,2129 1200,2127 1251,2127 1301,2125 1352,2124 1403,2124 1454,2123 1505,2121 1556,2121 1607,2121 1658,2119 1709,2118 1760,2112"/>
                <TextEquiv>
                    <Unicode>dem Jarno und Fischer ihrem trefflichen „Rabenvater</Unicode>
                </TextEquiv>
            </TextLine>
            <TextLine id="tr_2_tl_31" custom="readingOrder {index:30;}">
                <Coords points="735,2185 1126,2206 1574,2169 1675,2198 1773,2176 1774,2143 735,2160"/>
                <Baseline points="742,2180 793,2180 845,2180 896,2180 948,2180 1000,2180 1051,2178 1103,2180 1155,2177 1206,2177 1258,2176 1310,2174 1361,2172 1413,2171 1465,2171 1516,2170 1568,2168 1620,2168 1671,2168 1723,2168 1775,2168"/>
                <TextEquiv>
                    <Unicode>leider eine mißlungene „Vielgeliebte“ hatten nachfolgen</Unicode>
                </TextEquiv>
            </TextLine>
            <TextLine id="tr_2_tl_32" custom="readingOrder {index:31;}">
                <Coords points="744,2253 1772,2233 1744,2177 745,2190"/>
                <Baseline points="751,2234 802,2233 853,2231 904,2231 955,2229 1007,2231 1058,2228 1109,2228 1160,2225 1211,2225 1263,2225 1314,2225 1365,2225 1416,2222 1467,2222 1519,2219 1570,2219 1621,2217 1672,2216 1723,2216 1775,2216"/>
                <TextEquiv>
                    <Unicode>lassen, ein Stückchen von Hirschberger und Kraatz</Unicode>
                </TextEquiv>
            </TextLine>
            <TextLine id="tr_2_tl_33" custom="readingOrder {index:32;}">
                <Coords points="744,2292 1776,2286 1742,2225 745,2254"/>
                <Baseline points="751,2282 802,2282 853,2281 905,2279 956,2279 1007,2279 1059,2279 1110,2279 1161,2276 1213,2275 1264,2275 1315,2274 1367,2273 1418,2270 1469,2270 1521,2269 1572,2267 1623,2267 1675,2265 1726,2264 1778,2267"/>
                <TextEquiv>
                    <Unicode>auf, das das „Neue Theater“ gab: „Bocksprünge". Wie</Unicode>
                </TextEquiv>
            </TextLine>
            <TextLine id="tr_2_tl_34" custom="readingOrder {index:33;}">
                <Coords points="747,2348 1729,2333 1769,2283 748,2293"/>
                <Baseline points="754,2327 804,2330 855,2330 906,2328 957,2329 1008,2327 1059,2327 1110,2326 1161,2324 1212,2324 1263,2324 1313,2322 1364,2321 1415,2321 1466,2319 1517,2320 1568,2318 1619,2318 1670,2316 1721,2315 1772,2315"/>
                <TextEquiv>
                    <Unicode>fast alle Schwänke, existiert es nur durch seinen zweiten</Unicode>
                </TextEquiv>
            </TextLine>
            <TextLine id="tr_2_tl_35" custom="readingOrder {index:34;}">
                <Coords points="741,2376 1768,2382 1752,2325 743,2343"/>
                <Baseline points="748,2377 799,2377 850,2377 901,2377 952,2377 1004,2377 1055,2374 1106,2374 1157,2374 1208,2373 1260,2371 1311,2371 1362,2371 1413,2368 1464,2368 1516,2367 1567,2365 1618,2365 1669,2365 1720,2362 1772,2365"/>
                <TextEquiv>
                    <Unicode>Akt, in dem zwei komische Ideen zu recht guter Wirkung</Unicode>
                </TextEquiv>
            </TextLine>
            <TextLine id="tr_2_tl_36" custom="readingOrder {index:35;}">
                <Coords points="744,2438 1679,2436 1773,2421 1774,2382 745,2393"/>
                <Baseline points="751,2431 802,2428 853,2428 905,2426 956,2425 1007,2425 1059,2422 1110,2422 1161,2422 1213,2421 1264,2421 1315,2420 1367,2419 1418,2419 1469,2416 1521,2416 1572,2416 1623,2414 1675,2413 1726,2410 1778,2407"/>
                <TextEquiv>
                    <Unicode>gebracht werden: erstens die Verwandlung eines schlaf¬</Unicode>
                </TextEquiv>
            </TextLine>
            <TextLine id="tr_2_tl_37" custom="readingOrder {index:36;}">
                <Coords points="743,2487 1782,2478 1782,2424 744,2438"/>
                <Baseline points="751,2479 802,2476 854,2476 905,2476 957,2474 1009,2473 1060,2473 1112,2473 1164,2470 1215,2470 1267,2470 1319,2470 1370,2470 1422,2470 1474,2467 1525,2469 1577,2464 1629,2462 1680,2461 1732,2461 1784,2461"/>
                <TextEquiv>
                    <Unicode>mützigen Provinzialen durch Einimpfung von Bockblut</Unicode>
                </TextEquiv>
            </TextLine>
            <TextLine id="tr_2_tl_38" custom="readingOrder {index:37;}">
                <Coords points="749,2538 1768,2530 1769,2474 751,2491"/>
                <Baseline points="757,2526 807,2525 858,2525 909,2525 960,2524 1010,2524 1061,2524 1112,2521 1163,2521 1213,2521 1264,2521 1315,2519 1366,2518 1416,2518 1467,2517 1518,2515 1569,2514 1619,2514 1670,2513 1721,2509 1772,2509"/>
                <TextEquiv>
                    <Unicode>(neue Theorie) in einen menschlichen Satyr, und zweitens</Unicode>
                </TextEquiv>
            </TextLine>
            <TextLine id="tr_2_tl_39" custom="readingOrder {index:38;}">
                <Coords points="744,2590 1778,2569 1778,2531 1697,2518 745,2533"/>
                <Baseline points="751,2574 802,2574 854,2573 905,2571 957,2571 1008,2571 1060,2571 1111,2571 1163,2568 1214,2568 1266,2568 1317,2566 1369,2567 1420,2565 1472,2565 1523,2564 1575,2562 1626,2562 1678,2560 1729,2559 1781,2556"/>
                <TextEquiv>
                    <Unicode>die Parodie der Szene aus der Kameliendame, in der</Unicode>
                </TextEquiv>
            </TextLine>
            <TextLine id="tr_2_tl_40" custom="readingOrder {index:39;}">
                <Coords points="749,2637 1781,2624 1765,2564 749,2590"/>
                <Baseline points="757,2625 808,2622 859,2622 911,2622 962,2620 1013,2619 1065,2619 1116,2619 1167,2619 1219,2618 1270,2616 1321,2616 1373,2616 1424,2616 1475,2616 1527,2613 1578,2612 1629,2610 1681,2610 1732,2610 1784,2610"/>
                <TextEquiv>
                    <Unicode>Armand von seiner Geliebten Abschied nimmt. Der</Unicode>
                </TextEquiv>
            </TextLine>
            <TextLine id="tr_2_tl_41" custom="readingOrder {index:40;}">
                <Coords points="749,2686 1777,2673 1778,2624 1675,2615 751,2636"/>
                <Baseline points="757,2673 808,2672 859,2670 910,2670 961,2670 1013,2667 1064,2667 1115,2667 1166,2669 1217,2667 1269,2667 1320,2665 1371,2664 1422,2664 1473,2664 1525,2661 1576,2660 1627,2658 1678,2658 1729,2658 1781,2658"/>
                <TextEquiv>
                    <Unicode>Alte in dem Schwank glaubt nur an die Heiratsfähigkeit</Unicode>
                </TextEquiv>
            </TextLine>
            <TextLine id="tr_2_tl_42" custom="readingOrder {index:41;}">
                <Coords points="756,2738 1556,2738 1778,2721 1780,2675 756,2684"/>
                <Baseline points="763,2723 813,2720 864,2718 915,2719 966,2720 1017,2717 1068,2717 1119,2716 1170,2714 1221,2714 1272,2714 1322,2714 1373,2714 1424,2714 1475,2713 1526,2711 1577,2710 1628,2708 1679,2708 1730,2708 1781,2705"/>
                <TextEquiv>
                    <Unicode>seines Schwiegersohnes, wenn dieser vor seinen Augen</Unicode>
                </TextEquiv>
            </TextLine>
            <TextLine id="tr_2_tl_43" custom="readingOrder {index:42;}">
                <Coords points="756,2786 1696,2782 1783,2769 1785,2722 756,2738"/>
                <Baseline points="763,2771 814,2770 865,2768 916,2768 967,2768 1019,2765 1070,2768 1121,2765 1172,2765 1223,2765 1275,2763 1326,2762 1377,2762 1428,2762 1479,2762 1531,2761 1582,2759 1633,2757 1684,2756 1735,2756 1787,2756"/>
                <TextEquiv>
                    <Unicode>seine Geliebte verabschiede. Aber der hat nun gar keine!</Unicode>
                </TextEquiv>
            </TextLine>
            <TextLine id="tr_2_tl_44" custom="readingOrder {index:43;}">
                <Coords points="748,2846 1781,2819 1773,2769 749,2794"/>
                <Baseline points="757,2819 808,2819 859,2819 911,2819 962,2817 1013,2818 1065,2816 1116,2816 1167,2813 1219,2813 1270,2813 1321,2813 1373,2811 1424,2810 1475,2810 1527,2810 1578,2809 1629,2807 1681,2805 1732,2804 1784,2801"/>
                <TextEquiv>
                    <Unicode>Er muß sich schließlich eine nehmen, um sich von ihr ver¬</Unicode>
                </TextEquiv>
            </TextLine>
            <TextLine id="tr_2_tl_45" custom="readingOrder {index:44;}">
                <Coords points="749,2886 1756,2877 1776,2815 749,2846"/>
                <Baseline points="757,2870 808,2870 859,2869 910,2867 961,2865 1012,2867 1063,2864 1114,2864 1165,2863 1216,2861 1267,2861 1318,2861 1369,2861 1420,2858 1471,2858 1522,2858 1573,2857 1624,2855 1675,2855 1726,2852 1778,2852"/>
                <TextEquiv>
                    <Unicode>abschieden zu können. Er findet eine Chansonnette zu dieser</Unicode>
                </TextEquiv>
            </TextLine>
            <TextLine id="tr_2_tl_46" custom="readingOrder {index:45;}">
                <Coords points="752,2931 1778,2922 1736,2866 753,2879"/>
                <Baseline points="760,2917 811,2917 862,2917 913,2915 964,2916 1015,2914 1066,2914 1117,2914 1168,2913 1219,2911 1270,2911 1321,2909 1372,2908 1423,2908 1474,2905 1525,2905 1576,2904 1627,2902 1678,2902 1729,2902 1781,2905"/>
                <TextEquiv>
                    <Unicode>Komödie bereit, welche gern Schauspielerin werden möchte.</Unicode>
                </TextEquiv>
            </TextLine>
            <TextLine id="tr_2_tl_47" custom="readingOrder {index:46;}">
                <Coords points="747,2965 1189,2988 1774,2950 1630,2913 747,2933"/>
                <Baseline points="754,2965 805,2966 856,2967 907,2967 958,2966 1010,2965 1061,2962 1112,2959 1163,2961 1214,2959 1266,2959 1317,2959 1368,2956 1419,2956 1470,2956 1522,2955 1573,2953 1624,2953 1675,2951 1726,2950 1778,2947"/>
                <TextEquiv>
                    <Unicode>Und nun spielen sie dem Alten die Kameliendame vor¬</Unicode>
                </TextEquiv>
            </TextLine>
            <TextLine id="tr_2_tl_48" custom="readingOrder {index:47;}">
                <Coords points="762,3036 1701,3024 1774,3011 1776,2978 762,2985"/>
                <Baseline points="769,3019 819,3016 869,3016 920,3016 970,3013 1021,3013 1071,3012 1122,3010 1172,3010 1223,3008 1273,3009 1323,3010 1374,3007 1424,3007 1475,3007 1525,3006 1576,3004 1626,3004 1677,3002 1727,3001 1778,3001"/>
                <TextEquiv>
                    <Unicode>sie spielt, wie eben eine Chansonnette diese Rolle spielen</Unicode>
                </TextEquiv>
            </TextLine>
            <TextLine id="tr_2_tl_49" custom="readingOrder {index:48;}">
                <Coords points="753,3077 1787,3066 1761,3009 753,3036"/>
                <Baseline points="760,3064 811,3066 863,3064 914,3063 966,3063 1017,3062 1069,3061 1120,3061 1172,3061 1223,3060 1275,3058 1326,3058 1378,3058 1429,3058 1481,3058 1532,3055 1584,3055 1635,3053 1687,3052 1738,3049 1790,3052"/>
                <TextEquiv>
                    <Unicode>kann. Der Alte aber wird von diesem falschen Pathos in</Unicode>
                </TextEquiv>
            </TextLine>
            <TextLine id="tr_2_tl_50" custom="readingOrder {index:49;}">
                <Coords points="762,3131 1773,3117 1782,3069 762,3074"/>
                <Baseline points="769,3114 819,3114 870,3114 921,3112 972,3111 1022,3111 1073,3111 1124,3108 1175,3108 1225,3106 1276,3107 1327,3106 1378,3105 1428,3105 1479,3105 1530,3104 1581,3102 1631,3100 1682,3099 1733,3099 1784,3099"/>
                <TextEquiv>
                    <Unicode>seiner provinziellen Seele so gerührt, daß er — es nicht</Unicode>
                </TextEquiv>
            </TextLine>
            <TextLine id="tr_2_tl_51" custom="readingOrder {index:50;}">
                <Coords points="753,3176 1238,3198 1323,3159 1585,3188 1785,3158 1746,3105 753,3135"/>
                <Baseline points="760,3162 811,3162 862,3162 914,3162 965,3162 1016,3162 1068,3162 1119,3159 1170,3158 1222,3156 1273,3158 1324,3159 1376,3157 1427,3153 1478,3153 1530,3153 1581,3152 1632,3150 1684,3150 1735,3147 1787,3150"/>
                <TextEquiv>
                    <Unicode>übers Herz bringt, die beiden zu trennen. Das ist eine</Unicode>
                </TextEquiv>
            </TextLine>
            <TextLine id="tr_2_tl_52" custom="readingOrder {index:51;}">
                <Coords points="758,3226 850,3231 881,3216 906,3230 961,3216 979,3227 1024,3219 1053,3228 1068,3220 1070,3177 1047,3173 1026,3190 928,3171 876,3185 834,3172 803,3185 760,3177"/>
                <Baseline points="766,3213 791,3213 816,3213 842,3213 867,3213 893,3213 918,3213 943,3213 969,3211 994,3210 1020,3210 1045,3211 1071,3213"/>
                <TextEquiv>
                    <Unicode>lustige Wendung.</Unicode>
                </TextEquiv>
            </TextLine>
            <TextLine id="tr_2_tl_53" custom="readingOrder {index:52;}">
                <Coords points="830,3283 1781,3267 1781,3215 1445,3226 1268,3184 1036,3239 830,3235"/>
                <Baseline points="838,3266 885,3261 932,3260 979,3260 1027,3260 1074,3257 1121,3257 1169,3257 1216,3256 1263,3254 1311,3254 1358,3254 1405,3254 1452,3254 1500,3254 1547,3252 1594,3249 1642,3248 1689,3248 1736,3248 1784,3246"/>
                <TextEquiv>
                    <Unicode>Im „Schauspielhaus", dem Hort des Familiendramas</Unicode>
                </TextEquiv>
            </TextLine>
            <TextLine id="tr_2_tl_54" custom="readingOrder {index:53;}">
                <Coords points="756,3338 1780,3313 1789,3273 757,3262"/>
                <Baseline points="763,3314 814,3311 865,3311 917,3310 968,3308 1019,3308 1071,3308 1122,3308 1173,3305 1225,3305 1276,3305 1327,3305 1379,3303 1430,3302 1481,3299 1533,3299 1584,3299 1635,3299 1687,3297 1738,3296 1790,3302"/>
                <TextEquiv>
                    <Unicode>und der bittersten Harmlosigkeiten, passiert manchmal etwas,</Unicode>
                </TextEquiv>
            </TextLine>
            <TextLine id="tr_2_tl_55" custom="readingOrder {index:54;}">
                <Coords points="758,3377 1714,3367 1787,3359 1789,3315 758,3355"/>
                <Baseline points="766,3365 817,3364 868,3361 919,3359 970,3359 1022,3359 1073,3359 1124,3359 1175,3356 1226,3355 1278,3353 1329,3353 1380,3350 1431,3350 1482,3350 1534,3349 1585,3347 1636,3347 1687,3349 1738,3345 1790,3344"/>
                <TextEquiv>
                    <Unicode>in der feinsinnige Oberregisseur Grube durch eine glück¬</Unicode>
                </TextEquiv>
            </TextLine>
            <TextLine id="tr_2_tl_56" custom="readingOrder {index:55;}">
                <Coords points="765,3419 1781,3402 1759,3360 1634,3352 766,3377"/>
                <Baseline points="772,3410 822,3410 873,3410 923,3410 974,3407 1025,3407 1075,3407 1126,3405 1176,3406 1227,3404 1278,3402 1328,3401 1379,3401 1429,3401 1480,3401 1531,3400 1581,3398 1632,3398 1682,3396 1733,3395 1784,3392"/>
                <TextEquiv>
                    <Unicode>liche Fügung von Umständen seinen eigenen Willen be¬</Unicode>
                </TextEquiv>
            </TextLine>
            <TextLine id="tr_2_tl_57" custom="readingOrder {index:56;}">
                <Coords points="752,3474 1787,3462 1787,3402 753,3422"/>
                <Baseline points="760,3457 811,3460 863,3459 914,3457 966,3457 1017,3457 1069,3454 1120,3457 1172,3456 1223,3453 1275,3451 1326,3451 1378,3451 1429,3451 1481,3448 1532,3448 1584,3447 1635,3447 1687,3446 1738,3445 1790,3442"/>
                <TextEquiv>
                    <Unicode>thätigen kann. Diese „literarischen Abende mögen seine</Unicode>
                </TextEquiv>
            </TextLine>
            <TextLine id="tr_2_tl_58" custom="readingOrder {index:57;}">
                <Coords points="758,3518 1793,3504 1752,3452 760,3479"/>
                <Baseline points="766,3514 817,3508 869,3508 920,3508 972,3506 1023,3505 1075,3505 1126,3502 1178,3502 1229,3502 1281,3502 1332,3500 1384,3499 1435,3499 1487,3496 1538,3498 1590,3496 1641,3496 1693,3494 1744,3493 1796,3493"/>
                <TextEquiv>
                    <Unicode>glücklichsten Stunden sein. Beim alten Drama hat er</Unicode>
                </TextEquiv>
            </TextLine>
            <TextLine id="tr_2_tl_59" custom="readingOrder {index:58;}">
                <Coords points="771,3573 1786,3556 1787,3511 1723,3504 773,3524"/>
                <Baseline points="778,3559 828,3559 879,3557 929,3556 980,3556 1031,3553 1081,3553 1132,3555 1182,3552 1233,3550 1284,3550 1334,3550 1385,3550 1435,3550 1486,3547 1537,3547 1587,3546 1638,3544 1688,3544 1739,3541 1790,3541"/>
                <TextEquiv>
                    <Unicode>freies Spiel, wir sehen dort die alten Spanier, öfters</Unicode>
                </TextEquiv>
            </TextLine>
            <TextLine id="tr_2_tl_60" custom="readingOrder {index:59;}">
                <Coords points="758,3614 1793,3600 1736,3552 758,3581"/>
                <Baseline points="766,3604 817,3607 869,3607 920,3607 972,3607 1023,3605 1075,3604 1126,3601 1178,3601 1229,3601 1281,3600 1332,3598 1384,3598 1435,3598 1487,3598 1538,3595 1590,3595 1641,3595 1693,3593 1744,3592 1796,3595"/>
                <TextEquiv>
                    <Unicode>auch Shakespere, und mit besonderem Interesse Grillparzer</Unicode>
                </TextEquiv>
            </TextLine>
            <TextLine id="tr_2_tl_61" custom="readingOrder {index:60;}">
                <Coords points="762,3666 1765,3658 1791,3617 762,3619"/>
                <Baseline points="769,3657 820,3655 871,3656 922,3654 973,3654 1025,3654 1076,3651 1127,3651 1178,3650 1229,3648 1281,3648 1332,3648 1383,3648 1434,3645 1485,3645 1537,3645 1588,3645 1639,3643 1690,3642 1741,3639 1793,3642"/>
                <TextEquiv>
                    <Unicode>und Hebbel auferstehn. Mit den neueren Stücken muß er</Unicode>
                </TextEquiv>
            </TextLine>
            <TextLine id="tr_2_tl_62" custom="readingOrder {index:61;}">
                <Coords points="758,3720 1776,3704 1794,3652 758,3682"/>
                <Baseline points="766,3705 817,3705 869,3705 920,3705 972,3703 1023,3704 1075,3702 1126,3702 1178,3701 1229,3699 1281,3699 1332,3697 1384,3698 1435,3696 1487,3696 1538,3695 1590,3693 1641,3691 1693,3690 1744,3690 1796,3690"/>
                <TextEquiv>
                    <Unicode>vorsichtig sein, denn gegen das Neue herrscht in diesen</Unicode>
                </TextEquiv>
            </TextLine>
            <TextLine id="tr_2_tl_63" custom="readingOrder {index:62;}">
                <Coords points="758,3771 1747,3759 1793,3755 1794,3698 758,3722"/>
                <Baseline points="766,3756 817,3753 869,3753 920,3753 972,3753 1023,3751 1075,3750 1126,3750 1178,3748 1229,3750 1281,3750 1332,3750 1384,3748 1435,3747 1487,3747 1538,3743 1590,3741 1641,3741 1693,3739 1744,3738 1796,3738"/>
                <TextEquiv>
                    <Unicode>Räumen eine apriorische Abneigung, die nur durch Skowron¬</Unicode>
                </TextEquiv>
            </TextLine>
            <TextLine id="tr_2_tl_64" custom="readingOrder {index:63;}">
                <Coords points="764,3818 1799,3793 1799,3751 1700,3745 765,3775"/>
                <Baseline points="772,3803 823,3803 875,3802 926,3800 978,3800 1029,3800 1081,3800 1132,3800 1184,3797 1235,3797 1287,3797 1338,3797 1390,3797 1441,3794 1493,3794 1544,3793 1596,3791 1647,3791 1699,3789 1750,3786 1802,3786"/>
                <TextEquiv>
                    <Unicode>neksche oder Lotharsche Biederkeiten oder durch patri¬</Unicode>
                </TextEquiv>
            </TextLine>
            <TextLine id="tr_2_tl_65" custom="readingOrder {index:64;}">
                <Coords points="765,3889 886,3852 1721,3873 1790,3862 1791,3810 765,3818"/>
                <Baseline points="772,3851 823,3854 874,3853 925,3851 976,3851 1027,3851 1078,3851 1129,3848 1180,3849 1231,3850 1282,3848 1333,3848 1384,3848 1435,3848 1486,3848 1537,3844 1588,3842 1639,3842 1690,3840 1741,3839 1793,3833"/>
                <TextEquiv>
                    <Unicode>otische Salven versöhnt zu werden pflegt. Neulich wagte</Unicode>
                </TextEquiv>
            </TextLine>
            <TextEquiv>
                <Unicode></Unicode>
            </TextEquiv>
        </TextRegion>
        <TextRegion orientation="0.0" id="tr_3" custom="readingOrder {index:2;}">
            <Coords points="1787,705 1787,3847 2882,3847 2882,705"/>
            <TextLine id="tr_3_tl_1" custom="readingOrder {index:0;}">
                <Coords points="1780,758 2818,743 2819,683 2754,664 2635,702 1781,718"/>
                <Baseline points="1787,742 1838,745 1890,745 1942,744 1994,742 2045,742 2097,742 2149,739 2201,739 2252,739 2304,738 2356,736 2408,736 2459,736 2511,736 2563,733 2615,732 2666,730 2718,730 2770,727 2822,727"/>
                <TextEquiv>
                    <Unicode>man wieder einmal etwas: man führte ein Stück von</Unicode>
                </TextEquiv>
            </TextLine>
            <TextLine id="tr_3_tl_2" custom="readingOrder {index:1;}">
                <Coords points="1786,817 2777,801 2822,794 2823,740 1787,756"/>
                <Baseline points="1793,796 1844,796 1896,793 1947,793 1999,793 2051,791 2102,790 2154,790 2205,790 2257,790 2309,790 2360,790 2412,785 2463,784 2515,784 2567,783 2618,781 2670,779 2721,778 2773,778 2825,778"/>
                <TextEquiv>
                    <Unicode>Dreyer auf, der immerhin nicht zu den Publikumsdichtern</Unicode>
                </TextEquiv>
            </TextLine>
            <TextLine id="tr_3_tl_3" custom="readingOrder {index:2;}">
                <Coords points="1794,862 2792,842 2818,790 1795,812"/>
                <Baseline points="1802,850 1852,846 1903,844 1954,844 2005,842 2056,841 2107,841 2157,840 2208,838 2259,839 2310,839 2361,836 2412,835 2463,835 2513,832 2564,832 2615,832 2666,830 2717,829 2768,826 2819,829"/>
                <TextEquiv>
                    <Unicode>gehört. Es ist ein Scherzspiel in altdeutschen Reimen,</Unicode>
                </TextEquiv>
            </TextLine>
            <TextLine id="tr_3_tl_4" custom="readingOrder {index:3;}">
                <Coords points="1791,911 2824,885 2786,835 2206,879 1793,860"/>
                <Baseline points="1799,895 1850,895 1901,895 1953,894 2004,892 2056,892 2107,892 2159,892 2210,889 2262,888 2313,886 2364,886 2416,884 2467,883 2519,883 2570,880 2622,879 2673,877 2725,877 2776,877 2828,874"/>
                <TextEquiv>
                    <Unicode>welches „Eine heißt, weil aus der wiedertäuferischen</Unicode>
                </TextEquiv>
            </TextLine>
            <TextLine id="tr_3_tl_5" custom="readingOrder {index:4;}">
                <Coords points="1786,956 2705,954 2822,940 2823,896 1786,915"/>
                <Baseline points="1793,942 1844,942 1896,942 1947,942 1999,942 2051,940 2102,939 2154,936 2205,936 2257,936 2309,935 2360,933 2412,931 2463,930 2515,930 2567,929 2618,927 2670,927 2721,927 2773,924 2825,927"/>
                <TextEquiv>
                    <Unicode>Vielweiberei, die den Hintergrund bildet, schließlich eine</Unicode>
                </TextEquiv>
            </TextLine>
            <TextLine id="tr_3_tl_6" custom="readingOrder {index:5;}">
                <Coords points="1789,1015 2824,982 2797,936 1790,964"/>
                <Baseline points="1796,990 1847,993 1899,991 1950,992 2002,990 2054,988 2105,987 2157,984 2208,984 2260,984 2312,984 2363,982 2415,981 2466,978 2518,981 2570,978 2621,978 2673,976 2724,975 2776,972 2828,975"/>
                <TextEquiv>
                    <Unicode>ernste Magd als Vertreterin der vernünftigen Monogamie</Unicode>
                </TextEquiv>
            </TextLine>
            <TextLine id="tr_3_tl_7" custom="readingOrder {index:6;}">
                <Coords points="1791,1053 2828,1032 2769,983 1793,1013"/>
                <Baseline points="1799,1041 1850,1041 1902,1041 1953,1040 2005,1038 2057,1036 2108,1035 2160,1032 2211,1032 2263,1032 2315,1032 2366,1030 2418,1029 2469,1029 2521,1029 2573,1026 2624,1026 2676,1026 2727,1024 2779,1023 2831,1023"/>
                <TextEquiv>
                    <Unicode>übrig bleibt. Ein derber niederländischer Ton geht hin¬</Unicode>
                </TextEquiv>
            </TextLine>
            <TextLine id="tr_3_tl_8" custom="readingOrder {index:7;}">
                <Coords points="1786,1098 2828,1088 2829,1032 1786,1051"/>
                <Baseline points="1793,1091 1844,1091 1896,1088 1948,1088 2000,1087 2052,1083 2104,1084 2156,1082 2208,1080 2260,1080 2312,1080 2363,1078 2415,1077 2467,1077 2519,1074 2571,1074 2623,1074 2675,1074 2727,1072 2779,1071 2831,1071"/>
                <TextEquiv>
                    <Unicode>durch und gar im zweiten Akt, wo ein Landsknecht mit</Unicode>
                </TextEquiv>
            </TextLine>
            <TextLine id="tr_3_tl_9" custom="readingOrder {index:8;}">
                <Coords points="1795,1153 2831,1123 2831,1088 2755,1076 1797,1106"/>
                <Baseline points="1802,1139 1853,1136 1905,1136 1956,1135 2008,1133 2060,1133 2111,1130 2163,1130 2214,1127 2266,1127 2318,1127 2369,1127 2421,1125 2472,1124 2524,1124 2576,1121 2627,1121 2679,1121 2730,1121 2782,1118 2834,1115"/>
                <TextEquiv>
                    <Unicode>drei Mädeln auf seine Bude zieht, aber, nachdem sich alle</Unicode>
                </TextEquiv>
            </TextLine>
            <TextLine id="tr_3_tl_10" custom="readingOrder {index:9;}">
                <Coords points="1800,1206 2831,1182 2832,1127 1802,1151"/>
                <Baseline points="1807,1187 1858,1186 1909,1184 1961,1184 2012,1182 2063,1181 2115,1178 2166,1178 2217,1175 2269,1176 2320,1176 2371,1175 2423,1173 2474,1172 2525,1172 2577,1169 2628,1169 2679,1167 2731,1166 2782,1166 2834,1169"/>
                <TextEquiv>
                    <Unicode>verzankt, sich unbeweibt auf sein Strohlager strecken muß,</Unicode>
                </TextEquiv>
            </TextLine>
            <TextLine id="tr_3_tl_11" custom="readingOrder {index:10;}">
                <Coords points="1797,1257 2833,1220 2833,1181 2746,1170 1798,1208"/>
                <Baseline points="1804,1238 1855,1235 1907,1232 1958,1232 2010,1230 2062,1229 2113,1229 2165,1226 2217,1226 2268,1223 2320,1223 2372,1221 2423,1220 2475,1220 2527,1220 2578,1217 2630,1217 2682,1215 2733,1214 2785,1214 2837,1214"/>
                <TextEquiv>
                    <Unicode>gibt es viel Material für Teniers und Ostade und auch der</Unicode>
                </TextEquiv>
            </TextLine>
            <TextLine id="tr_3_tl_12" custom="readingOrder {index:11;}">
                <Coords points="1799,1292 2832,1277 2820,1215 1800,1253"/>
                <Baseline points="1807,1282 1858,1284 1909,1281 1961,1279 2012,1279 2063,1277 2115,1279 2166,1276 2217,1273 2269,1272 2320,1270 2371,1270 2423,1270 2474,1267 2525,1267 2577,1266 2628,1264 2679,1263 2731,1262 2782,1262 2834,1259"/>
                <TextEquiv>
                    <Unicode>Schuß Lyrik mangelt nicht. Aber schließlich hält das Ver¬</Unicode>
                </TextEquiv>
            </TextLine>
            <TextLine id="tr_3_tl_13" custom="readingOrder {index:12;}">
                <Coords points="1806,1345 2843,1330 2844,1275 2793,1271 1807,1297"/>
                <Baseline points="1813,1336 1864,1333 1916,1332 1967,1330 2019,1328 2071,1327 2122,1325 2174,1324 2226,1324 2277,1321 2329,1321 2381,1319 2432,1318 2484,1318 2536,1318 2587,1315 2639,1314 2691,1312 2742,1312 2794,1309 2846,1306"/>
                <TextEquiv>
                    <Unicode>gnügen an diesen Dingen nicht lange an, es ist eine Art</Unicode>
                </TextEquiv>
            </TextLine>
            <TextLine id="tr_3_tl_14" custom="readingOrder {index:13;}">
                <Coords points="1799,1391 2840,1373 2841,1328 2625,1318 1800,1348"/>
                <Baseline points="1807,1384 1858,1384 1910,1381 1962,1378 2014,1378 2066,1376 2117,1375 2169,1375 2221,1375 2273,1371 2325,1369 2376,1369 2428,1367 2480,1366 2532,1366 2584,1365 2635,1363 2687,1363 2739,1361 2791,1360 2843,1357"/>
                <TextEquiv>
                    <Unicode>kunstgewerblicher Genuß, der mit dem Augenschein kommt</Unicode>
                </TextEquiv>
            </TextLine>
            <TextLine id="tr_3_tl_15" custom="readingOrder {index:14;}">
                <Coords points="1803,1447 2840,1420 2826,1373 1804,1409"/>
                <Baseline points="1810,1432 1861,1432 1913,1431 1964,1428 2016,1426 2068,1426 2119,1426 2171,1423 2223,1423 2274,1422 2326,1420 2378,1420 2429,1418 2481,1417 2533,1414 2584,1414 2636,1413 2688,1411 2739,1411 2791,1408 2843,1411"/>
                <TextEquiv>
                    <Unicode>und geht. Ein literarischer Nachgeschmack bleibt zurück.</Unicode>
                </TextEquiv>
            </TextLine>
            <TextLine id="tr_3_tl_16" custom="readingOrder {index:15;}">
                <Coords points="1812,1489 2843,1463 2822,1428 2658,1419 1814,1441"/>
                <Baseline points="1819,1479 1870,1479 1921,1479 1973,1478 2024,1476 2075,1476 2127,1473 2178,1473 2229,1472 2281,1470 2332,1468 2383,1467 2435,1467 2486,1467 2537,1464 2589,1461 2640,1461 2691,1459 2743,1458 2794,1455 2846,1458"/>
                <TextEquiv>
                    <Unicode>Sie straft sich immer, die Empfindung, die nicht aus dem</Unicode>
                </TextEquiv>
            </TextLine>
            <TextLine id="tr_3_tl_17" custom="readingOrder {index:16;}">
                <Coords points="1806,1545 2833,1528 2843,1477 1807,1492"/>
                <Baseline points="1813,1533 1864,1530 1916,1527 1967,1527 2019,1525 2071,1524 2122,1524 2174,1521 2226,1521 2277,1520 2329,1518 2381,1516 2432,1515 2484,1512 2536,1512 2587,1511 2639,1509 2691,1509 2742,1509 2794,1506 2846,1506"/>
                <TextEquiv>
                    <Unicode>Innern kommt, sondern erst ein Medium braucht; und die</Unicode>
                </TextEquiv>
            </TextLine>
            <TextLine id="tr_3_tl_18" custom="readingOrder {index:17;}">
                <Coords points="1812,1586 2832,1574 2841,1526 1812,1544"/>
                <Baseline points="1819,1578 1870,1577 1921,1575 1972,1575 2023,1575 2075,1572 2126,1572 2177,1572 2228,1569 2279,1569 2331,1569 2382,1567 2433,1566 2484,1566 2535,1563 2587,1560 2638,1560 2689,1558 2740,1557 2791,1557 2843,1557"/>
                <TextEquiv>
                    <Unicode>Lustigkeit braucht noch mehr ursprünglichen Witz, um aus</Unicode>
                </TextEquiv>
            </TextLine>
            <TextLine id="tr_3_tl_19" custom="readingOrder {index:18;}">
                <Coords points="1808,1636 2840,1632 2841,1579 2803,1569 1810,1585"/>
                <Baseline points="1816,1623 1867,1623 1918,1625 1970,1624 2021,1623 2072,1623 2124,1620 2175,1620 2226,1620 2278,1619 2329,1617 2380,1615 2432,1614 2483,1614 2534,1614 2586,1611 2637,1611 2688,1609 2740,1608 2791,1608 2843,1608"/>
                <TextEquiv>
                    <Unicode>einem modernen Fastnachtspiel alle Arbeit, alle theoretische</Unicode>
                </TextEquiv>
            </TextLine>
            <TextLine id="tr_3_tl_20" custom="readingOrder {index:19;}">
                <Coords points="1812,1688 1879,1704 1959,1683 2220,1687 2221,1640 2159,1627 2117,1644 2042,1633 2012,1649 1814,1633"/>
                <Baseline points="1819,1676 1844,1675 1869,1673 1895,1673 1920,1673 1945,1673 1971,1673 1996,1673 2022,1672 2047,1670 2072,1670 2098,1670 2123,1670 2148,1669 2174,1667 2199,1667 2225,1667"/>
                <TextEquiv>
                    <Unicode>Liebe herauszubringen.</Unicode>
                </TextEquiv>
            </TextLine>
            <TextLine id="tr_3_tl_21" custom="readingOrder {index:20;}">
                <Coords points="1880,1735 2810,1727 2850,1715 2852,1659 1880,1697"/>
                <Baseline points="1888,1721 1936,1721 1984,1721 2033,1721 2081,1719 2129,1718 2178,1718 2226,1715 2274,1715 2323,1715 2371,1714 2419,1712 2468,1711 2516,1709 2564,1709 2613,1707 2661,1706 2709,1706 2758,1706 2806,1703 2855,1700"/>
                <TextEquiv>
                    <Unicode>Das Deutsche Theater hatte seinen letzten Erfolg wir</Unicode>
                </TextEquiv>
            </TextLine>
            <TextLine id="tr_3_tl_22" custom="readingOrder {index:21;}">
                <Coords points="1807,1791 2860,1782 2844,1713 1808,1743"/>
                <Baseline points="1816,1775 1868,1773 1920,1772 1972,1769 2025,1771 2077,1769 2129,1769 2181,1767 2234,1769 2286,1766 2338,1763 2390,1762 2443,1760 2495,1760 2547,1760 2599,1757 2652,1757 2704,1756 2756,1754 2808,1754 2861,1751"/>
                <TextEquiv>
                    <Unicode>Arthur Schnitzlers „Freiwild". Schnitzler ist ein stark</Unicode>
                </TextEquiv>
            </TextLine>
            <TextLine id="tr_3_tl_23" custom="readingOrder {index:22;}">
                <Coords points="1817,1831 2845,1808 2760,1761 1819,1794"/>
                <Baseline points="1825,1825 1876,1822 1927,1821 1978,1819 2029,1819 2081,1819 2132,1816 2183,1816 2234,1816 2285,1815 2337,1813 2388,1811 2439,1807 2490,1807 2541,1807 2593,1806 2644,1804 2695,1804 2746,1804 2797,1802 2849,1804"/>
                <TextEquiv>
                    <Unicode>musikalischer Mensch, auch in seinen bisherigen Dichtungen.</Unicode>
                </TextEquiv>
            </TextLine>
            <TextLine id="tr_3_tl_24" custom="readingOrder {index:23;}">
                <Coords points="1817,1883 2697,1878 2858,1863 2860,1817 1817,1838"/>
                <Baseline points="1825,1873 1876,1870 1928,1870 1980,1869 2032,1867 2084,1867 2135,1865 2187,1864 2239,1864 2291,1863 2343,1861 2394,1861 2446,1859 2498,1858 2550,1855 2602,1855 2653,1855 2705,1853 2757,1852 2809,1849 2861,1849"/>
                <TextEquiv>
                    <Unicode>Er ist unter den modernen Dichtern der „unter dem</Unicode>
                </TextEquiv>
            </TextLine>
            <TextLine id="tr_3_tl_25" custom="readingOrder {index:24;}">
                <Coords points="1817,1938 2857,1921 2857,1862 1819,1883"/>
                <Baseline points="1825,1918 1876,1921 1928,1918 1980,1918 2032,1918 2084,1916 2135,1915 2187,1915 2239,1915 2291,1912 2343,1912 2394,1912 2446,1910 2498,1909 2550,1906 2602,1904 2653,1905 2705,1901 2757,1900 2809,1900 2861,1897"/>
                <TextEquiv>
                    <Unicode>Strich" lebenden Menschen derjenige geworden, der das</Unicode>
                </TextEquiv>
            </TextLine>
            <TextLine id="tr_3_tl_26" custom="readingOrder {index:25;}">
                <Coords points="1815,1985 2831,1966 2852,1914 1816,1938"/>
                <Baseline points="1822,1972 1873,1972 1925,1969 1976,1968 2028,1966 2080,1966 2131,1964 2183,1963 2235,1963 2286,1962 2338,1960 2390,1960 2441,1960 2493,1957 2545,1957 2596,1954 2648,1954 2700,1952 2751,1949 2803,1948 2855,1945"/>
                <TextEquiv>
                    <Unicode>Feuilleton dieses Lebens, die Musik dieser freien Exi¬</Unicode>
                </TextEquiv>
            </TextLine>
            <TextLine id="tr_3_tl_27" custom="readingOrder {index:26;}">
                <Coords points="1817,2041 2833,2021 2856,1961 1819,1986"/>
                <Baseline points="1825,2022 1876,2019 1928,2018 1979,2016 2031,2014 2083,2013 2134,2015 2186,2013 2238,2010 2289,2009 2341,2008 2393,2008 2444,2007 2496,2007 2548,2004 2599,2004 2651,2003 2703,2001 2754,2001 2806,1998 2858,1995"/>
                <TextEquiv>
                    <Unicode>stenzen mit der zartesten Lyrik besungen hat. In seiner</Unicode>
                </TextEquiv>
            </TextLine>
            <TextLine id="tr_3_tl_28" custom="readingOrder {index:27;}">
                <Coords points="1820,2088 2848,2065 2849,2016 2807,2008 1821,2040"/>
                <Baseline points="1828,2073 1879,2069 1930,2066 1981,2064 2032,2064 2084,2064 2135,2061 2186,2061 2237,2061 2288,2060 2340,2058 2391,2058 2442,2058 2493,2055 2544,2058 2596,2055 2647,2054 2698,2050 2749,2049 2800,2046 2852,2037"/>
                <TextEquiv>
                    <Unicode>„Liebelei hatte er das Milieu der herzigen „Verhältnisse</Unicode>
                </TextEquiv>
            </TextLine>
            <TextLine id="tr_3_tl_29" custom="readingOrder {index:28;}">
                <Coords points="1814,2136 2861,2119 2862,2058 1815,2084"/>
                <Baseline points="1822,2118 1874,2118 1926,2115 1978,2115 2030,2115 2082,2113 2134,2112 2186,2112 2238,2109 2290,2109 2343,2109 2395,2107 2447,2108 2499,2106 2551,2103 2603,2102 2655,2100 2707,2100 2759,2098 2811,2097 2864,2097"/>
                <TextEquiv>
                    <Unicode>in so echten, heinlich süßen Tönen geschildert, daß man</Unicode>
                </TextEquiv>
            </TextLine>
            <TextLine id="tr_3_tl_30" custom="readingOrder {index:29;}">
                <Coords points="1821,2190 2628,2176 2826,2160 2861,2119 1821,2148"/>
                <Baseline points="1828,2165 1879,2165 1931,2165 1982,2163 2034,2163 2086,2161 2137,2160 2189,2160 2241,2160 2292,2159 2344,2157 2396,2157 2447,2157 2499,2154 2551,2154 2602,2151 2654,2150 2706,2148 2757,2148 2809,2148 2861,2145"/>
                <TextEquiv>
                    <Unicode>warm wurde vor Sympathie. Zum Schlusse dieses</Unicode>
                </TextEquiv>
            </TextLine>
            <TextLine id="tr_3_tl_31" custom="readingOrder {index:30;}">
                <Coords points="1821,2231 2803,2219 2854,2211 2856,2153 1821,2190"/>
                <Baseline points="1828,2216 1879,2216 1931,2213 1982,2213 2034,2213 2085,2211 2137,2210 2188,2210 2240,2207 2291,2207 2343,2206 2394,2204 2446,2202 2497,2201 2549,2201 2600,2201 2652,2200 2703,2198 2755,2198 2806,2195 2858,2192"/>
                <TextEquiv>
                    <Unicode>Stückes hat er versucht, das intime Milieu dieser Menschen</Unicode>
                </TextEquiv>
            </TextLine>
            <TextLine id="tr_3_tl_32" custom="readingOrder {index:31;}">
                <Coords points="1821,2271 2501,2282 2742,2250 2743,2223 2635,2210 1823,2225"/>
                <Baseline points="1828,2267 1876,2265 1924,2264 1973,2262 2021,2261 2069,2261 2118,2261 2166,2258 2214,2258 2263,2257 2311,2255 2360,2255 2408,2254 2456,2252 2505,2252 2553,2252 2601,2250 2650,2249 2698,2246 2747,2240"/>
                <TextEquiv>
                    <Unicode>mit der groben Außenwelt auseinanderzusetzen</Unicode>
                </TextEquiv>
            </TextLine>
            <TextLine id="tr_3_tl_33" custom="readingOrder {index:32;}">
                <Coords points="1821,2329 2858,2314 2858,2265 2731,2242 2606,2279 1823,2288"/>
                <Baseline points="1828,2318 1879,2312 1931,2312 1982,2312 2034,2310 2086,2309 2137,2309 2189,2306 2241,2306 2292,2305 2344,2303 2396,2303 2447,2303 2499,2303 2551,2300 2602,2300 2654,2299 2706,2297 2757,2295 2809,2291 2861,2294"/>
                <TextEquiv>
                    <Unicode>grobe Außenwelt hatte nur so hineingeguckt, außerhalb der</Unicode>
                </TextEquiv>
            </TextLine>
            <TextLine id="tr_3_tl_34" custom="readingOrder {index:33;}">
                <Coords points="1821,2376 2860,2361 2861,2312 2764,2306 1823,2330"/>
                <Baseline points="1828,2362 1879,2362 1931,2362 1983,2359 2035,2359 2087,2357 2138,2356 2190,2353 2242,2353 2294,2353 2346,2353 2397,2351 2449,2350 2501,2347 2553,2347 2605,2347 2656,2346 2708,2344 2760,2343 2812,2342 2864,2339"/>
                <TextEquiv>
                    <Unicode>Kulissen fiel Fritz in dem Duell mit dem Manne, dessen</Unicode>
                </TextEquiv>
            </TextLine>
            <TextLine id="tr_3_tl_35" custom="readingOrder {index:34;}">
                <Coords points="1820,2415 2863,2399 2863,2365 2788,2352 1821,2393"/>
                <Baseline points="1828,2410 1882,2410 1937,2410 1992,2409 2046,2407 2101,2407 2156,2407 2210,2404 2265,2402 2320,2403 2374,2404 2429,2398 2484,2398 2538,2398 2593,2395 2648,2395 2702,2394 2757,2392 2812,2392 2867,2389"/>
                <TextEquiv>
                    <Unicode>Gattin er liebte. Die Vorgänge sehn wir nicht, wir sehen</Unicode>
                </TextEquiv>
            </TextLine>
            <TextLine id="tr_3_tl_36" custom="readingOrder {index:35;}">
                <Coords points="1821,2479 2786,2466 2870,2457 2871,2406 1821,2429"/>
                <Baseline points="1828,2461 1880,2461 1932,2458 1984,2458 2037,2457 2089,2455 2141,2455 2193,2453 2246,2452 2298,2452 2350,2449 2402,2449 2455,2447 2507,2446 2559,2446 2611,2446 2664,2445 2716,2443 2768,2443 2820,2441 2873,2437"/>
                <TextEquiv>
                    <Unicode>nur die Wirkungen; und so wurde der Dichter, der hier¬</Unicode>
                </TextEquiv>
            </TextLine>
            <TextLine id="tr_3_tl_37" custom="readingOrder {index:36;}">
                <Coords points="1836,2521 2658,2523 2867,2497 2869,2459 1836,2484"/>
                <Baseline points="1843,2512 1894,2509 1945,2508 1997,2506 2048,2506 2099,2506 2151,2503 2202,2503 2253,2502 2305,2500 2356,2500 2407,2498 2459,2497 2510,2494 2561,2494 2613,2494 2664,2494 2715,2492 2767,2491 2818,2488 2870,2488"/>
                <TextEquiv>
                    <Unicode>mit eine starke Hebung des Schlusses erzielte, nicht darin</Unicode>
                </TextEquiv>
            </TextLine>
            <TextLine id="tr_3_tl_38" custom="readingOrder {index:37;}">
                <Coords points="1829,2573 2713,2568 2839,2556 2863,2508 1829,2537"/>
                <Baseline points="1837,2565 1888,2559 1940,2556 1991,2556 2043,2554 2094,2553 2146,2553 2197,2553 2249,2550 2300,2550 2352,2548 2403,2547 2455,2547 2506,2544 2558,2544 2609,2544 2661,2543 2712,2541 2764,2539 2815,2538 2867,2535"/>
                <TextEquiv>
                    <Unicode>gestört, das Milieu seiner geliebten Menschen, mit allen</Unicode>
                </TextEquiv>
            </TextLine>
            <TextLine id="tr_3_tl_39" custom="readingOrder {index:38;}">
                <Coords points="1827,2622 2862,2599 2863,2544 2640,2578 1828,2573"/>
                <Baseline points="1834,2610 1885,2607 1937,2607 1988,2606 2040,2602 2092,2603 2143,2604 2195,2601 2247,2601 2298,2598 2350,2598 2402,2596 2453,2595 2505,2595 2557,2595 2608,2592 2660,2592 2712,2590 2763,2589 2815,2589 2867,2589"/>
                <TextEquiv>
                    <Unicode>Nebenästen, breit und innig auszumalen. Darum ist</Unicode>
                </TextEquiv>
            </TextLine>
            <TextLine id="tr_3_tl_40" custom="readingOrder {index:39;}">
                <Coords points="1829,2680 2862,2646 2863,2601 2824,2593 2563,2631 1831,2623"/>
                <Baseline points="1837,2661 1888,2657 1939,2655 1991,2654 2042,2652 2093,2652 2145,2652 2196,2649 2247,2649 2299,2649 2350,2647 2401,2646 2453,2646 2504,2643 2555,2643 2607,2643 2658,2643 2709,2641 2761,2638 2812,2637 2864,2640"/>
                <TextEquiv>
                    <Unicode>„Liebelei besser und echter geworden, als „Freiwild“.</Unicode>
                </TextEquiv>
            </TextLine>
            <TextLine id="tr_3_tl_41" custom="readingOrder {index:40;}">
                <Coords points="1833,2718 2744,2716 2867,2699 2869,2646 1833,2678"/>
                <Baseline points="1840,2705 1891,2705 1943,2704 1994,2705 2046,2704 2097,2703 2149,2700 2200,2697 2252,2697 2303,2697 2355,2697 2406,2695 2458,2694 2509,2694 2561,2694 2612,2694 2664,2693 2715,2689 2767,2688 2818,2688 2870,2688"/>
                <TextEquiv>
                    <Unicode>Auch im „Freiwild“ ist das Milieu von Menschen gebildet,</Unicode>
                </TextEquiv>
            </TextLine>
            <TextLine id="tr_3_tl_42" custom="readingOrder {index:41;}">
                <Coords points="1833,2768 2869,2756 2862,2699 1834,2720"/>
                <Baseline points="1840,2756 1891,2753 1943,2753 1994,2753 2046,2751 2098,2750 2149,2750 2201,2750 2253,2747 2304,2746 2356,2744 2408,2744 2459,2742 2511,2741 2563,2741 2614,2740 2666,2738 2718,2738 2769,2738 2821,2735 2873,2735"/>
                <TextEquiv>
                    <Unicode>die unter dem Strich leben. Er ist ein freier Mann, der</Unicode>
                </TextEquiv>
            </TextLine>
            <TextLine id="tr_3_tl_43" custom="readingOrder {index:42;}">
                <Coords points="1829,2815 2863,2793 2863,2751 2802,2744 1831,2767"/>
                <Baseline points="1837,2801 1888,2804 1940,2804 1991,2803 2043,2799 2094,2800 2146,2801 2197,2801 2249,2797 2300,2795 2352,2795 2403,2795 2455,2793 2506,2792 2558,2792 2609,2789 2661,2789 2712,2787 2764,2788 2815,2786 2867,2786"/>
                <TextEquiv>
                    <Unicode>Liebe am Leben empfindet, der einem Lumpen von Offizier</Unicode>
                </TextEquiv>
            </TextLine>
            <TextLine id="tr_3_tl_44" custom="readingOrder {index:43;}">
                <Coords points="1825,2866 2861,2840 2828,2792 1827,2816"/>
                <Baseline points="1834,2852 1885,2852 1937,2850 1988,2852 2040,2850 2091,2849 2143,2849 2194,2849 2246,2848 2297,2846 2349,2846 2400,2844 2452,2843 2503,2840 2555,2840 2606,2842 2658,2840 2709,2838 2761,2837 2812,2834 2864,2834"/>
                <TextEquiv>
                    <Unicode>nicht Satisfaktion geben will, weil er ihm schon seine</Unicode>
                </TextEquiv>
            </TextLine>
            <TextLine id="tr_3_tl_45" custom="readingOrder {index:44;}">
                <Coords points="1836,2924 2862,2905 2863,2854 2747,2844 1837,2874"/>
                <Baseline points="1843,2902 1894,2901 1945,2899 1996,2901 2047,2900 2099,2899 2150,2899 2201,2896 2252,2893 2303,2893 2355,2893 2406,2893 2457,2890 2508,2890 2559,2890 2611,2887 2662,2887 2713,2886 2764,2885 2815,2885 2867,2885"/>
                <TextEquiv>
                    <Unicode>Ohrfeige gegeben hat — sie ist ein armes Mädchen, das</Unicode>
                </TextEquiv>
            </TextLine>
            <TextLine id="tr_3_tl_46" custom="readingOrder {index:45;}">
                <Coords points="1827,2965 2846,2951 2867,2903 1827,2935"/>
                <Baseline points="1834,2956 1885,2950 1937,2950 1989,2950 2041,2950 2093,2948 2144,2947 2196,2947 2248,2947 2300,2944 2352,2943 2403,2941 2455,2941 2507,2941 2559,2938 2611,2938 2662,2938 2714,2936 2766,2935 2818,2932 2870,2932"/>
                <TextEquiv>
                    <Unicode>zur Bühne geht, um zu verdienen, und wiederum nur ver¬</Unicode>
                </TextEquiv>
            </TextLine>
            <TextLine id="tr_3_tl_47" custom="readingOrder {index:46;}">
                <Coords points="1836,3014 2861,3002 2858,2943 1837,2967"/>
                <Baseline points="1843,3001 1894,3001 1945,3000 1996,2998 2047,2998 2098,2998 2149,2995 2200,2995 2251,2995 2302,2995 2353,2993 2404,2992 2455,2989 2506,2989 2557,2989 2608,2986 2659,2986 2710,2986 2761,2984 2812,2983 2864,2980"/>
                <TextEquiv>
                    <Unicode>dienen kann, wenn sie sich prostituiert. Das ist das Frei¬</Unicode>
                </TextEquiv>
            </TextLine>
            <TextLine id="tr_3_tl_48" custom="readingOrder {index:47;}">
                <Coords points="1836,3066 2767,3057 2862,3040 2863,3002 1836,3029"/>
                <Baseline points="1843,3052 1894,3049 1945,3047 1996,3046 2047,3049 2099,3046 2150,3046 2201,3046 2252,3045 2303,3043 2355,3043 2406,3041 2457,3040 2508,3037 2559,3037 2611,3037 2662,3036 2713,3034 2764,3034 2815,3034 2867,3031"/>
                <TextEquiv>
                    <Unicode>wild — sie jagen nach ihr, weil bei ihr Existenz und</Unicode>
                </TextEquiv>
            </TextLine>
            <TextLine id="tr_3_tl_49" custom="readingOrder {index:48;}">
                <Coords points="1833,3117 2744,3113 2871,3087 2873,3048 1834,3067"/>
                <Baseline points="1840,3099 1891,3096 1943,3096 1994,3096 2046,3096 2098,3096 2149,3094 2201,3093 2253,3093 2304,3092 2356,3090 2408,3090 2459,3090 2511,3090 2563,3087 2614,3084 2666,3084 2718,3084 2769,3082 2821,3081 2873,3081"/>
                <TextEquiv>
                    <Unicode>Prostitution sich bedingen, und sie jagen nach ihm, weil</Unicode>
                </TextEquiv>
            </TextLine>
            <TextLine id="tr_3_tl_50" custom="readingOrder {index:49;}">
                <Coords points="1833,3160 2858,3152 2869,3094 1833,3122"/>
                <Baseline points="1840,3147 1891,3147 1943,3147 1994,3146 2046,3144 2097,3144 2149,3144 2200,3144 2252,3141 2303,3141 2355,3141 2406,3139 2458,3138 2509,3135 2561,3135 2612,3135 2664,3134 2715,3132 2767,3132 2818,3129 2870,3129"/>
                <TextEquiv>
                    <Unicode>er dem Koder der Gesellschaft trotzt und durch seinen Trotz</Unicode>
                </TextEquiv>
            </TextLine>
            <TextLine id="tr_3_tl_51" custom="readingOrder {index:50;}">
                <Coords points="1834,3210 2874,3196 2852,3146 1836,3159"/>
                <Baseline points="1843,3198 1894,3198 1946,3195 1997,3195 2049,3195 2101,3195 2152,3193 2204,3192 2256,3192 2307,3192 2359,3191 2411,3189 2462,3187 2514,3186 2566,3186 2617,3185 2669,3183 2721,3181 2772,3180 2824,3180 2876,3177"/>
                <TextEquiv>
                    <Unicode>den Andern unmöglich macht. Freie Menschen, die mit</Unicode>
                </TextEquiv>
            </TextLine>
            <TextLine id="tr_3_tl_52" custom="readingOrder {index:51;}">
                <Coords points="1834,3264 2874,3235 2845,3196 1836,3207"/>
                <Baseline points="1843,3248 1894,3246 1946,3245 1997,3243 2049,3243 2101,3243 2152,3243 2204,3240 2256,3243 2307,3240 2359,3239 2411,3237 2462,3235 2514,3234 2566,3234 2617,3231 2669,3231 2721,3231 2772,3229 2824,3228 2876,3225"/>
                <TextEquiv>
                    <Unicode>ihrem Glücksbedürfnis in die Räder der Gesellschafts¬</Unicode>
                </TextEquiv>
            </TextLine>
            <TextLine id="tr_3_tl_53" custom="readingOrder {index:52;}">
                <Coords points="1844,3315 2384,3295 2488,3343 2654,3290 2873,3292 2862,3237 1845,3265"/>
                <Baseline points="1852,3299 1903,3295 1954,3293 2005,3293 2056,3293 2108,3293 2159,3290 2210,3290 2261,3289 2312,3288 2364,3288 2415,3287 2466,3284 2517,3284 2568,3284 2620,3281 2671,3280 2722,3278 2773,3278 2824,3275 2876,3275"/>
                <TextEquiv>
                    <Unicode>schaftsmaschine geraten und von ihnen zerrieben werden</Unicode>
                </TextEquiv>
            </TextLine>
            <TextLine id="tr_3_tl_54" custom="readingOrder {index:53;}">
                <Coords points="1841,3383 1868,3383 1893,3363 1919,3362 1930,3354 1951,3366 1974,3363 1976,3311 1959,3308 1943,3318 1931,3312 1914,3313 1904,3305 1898,3311 1884,3307 1866,3320 1844,3317"/>
                <Baseline points="1849,3347 1874,3345 1900,3343 1926,3341 1952,3342 1978,3344"/>
                <TextEquiv>
                    <Unicode>müssen.</Unicode>
                </TextEquiv>
            </TextLine>
            <TextLine id="tr_3_tl_55" custom="readingOrder {index:54;}">
                <Coords points="1917,3407 2703,3409 2873,3386 2874,3349 1918,3356"/>
                <Baseline points="1924,3389 1971,3392 2019,3392 2066,3389 2114,3389 2162,3389 2209,3389 2257,3389 2304,3388 2352,3386 2400,3386 2447,3385 2495,3383 2542,3383 2590,3383 2638,3383 2685,3381 2733,3378 2780,3377 2828,3377 2876,3374"/>
                <TextEquiv>
                    <Unicode>Dieses wunderbare Milieu zeichnet Schnitzler im ersten</Unicode>
                </TextEquiv>
            </TextLine>
            <TextLine id="tr_3_tl_56" custom="readingOrder {index:55;}">
                <Coords points="1833,3458 2871,3444 2873,3385 1834,3398"/>
                <Baseline points="1840,3442 1891,3442 1943,3439 1994,3439 2046,3439 2098,3439 2149,3439 2201,3436 2253,3436 2304,3435 2356,3433 2408,3433 2459,3433 2511,3430 2563,3430 2614,3432 2666,3430 2718,3428 2769,3427 2821,3425 2873,3427"/>
                <TextEquiv>
                    <Unicode>Akt mit meisterhafter Technik. Die Offiziere, die mit</Unicode>
                </TextEquiv>
            </TextLine>
            <TextLine id="tr_3_tl_57" custom="readingOrder {index:56;}">
                <Coords points="1844,3500 2877,3488 2877,3447 2805,3430 2540,3465 1845,3453"/>
                <Baseline points="1852,3490 1903,3490 1954,3490 2006,3488 2057,3487 2108,3487 2160,3484 2211,3484 2262,3484 2314,3484 2365,3482 2416,3481 2468,3481 2519,3481 2570,3481 2622,3478 2673,3477 2724,3475 2776,3475 2827,3475 2879,3472"/>
                <TextEquiv>
                    <Unicode>Schauspielerinnen sich amüsieren, sind echte österreichische</Unicode>
                </TextEquiv>
            </TextLine>
            <TextLine id="tr_3_tl_58" custom="readingOrder {index:57;}">
                <Coords points="1837,3551 2879,3538 2860,3486 1838,3518"/>
                <Baseline points="1846,3541 1897,3541 1949,3541 2001,3538 2053,3537 2105,3535 2156,3535 2208,3532 2260,3532 2312,3532 2364,3532 2415,3530 2467,3529 2519,3529 2571,3526 2623,3526 2674,3526 2726,3524 2778,3525 2830,3526 2882,3520"/>
                <TextEquiv>
                    <Unicode>Typen, halb deutscher Kodex, halb pariser Leichtsinn. In</Unicode>
                </TextEquiv>
            </TextLine>
            <TextLine id="tr_3_tl_59" custom="readingOrder {index:58;}">
                <Coords points="1838,3600 2812,3593 2877,3583 2878,3538 1838,3552"/>
                <Baseline points="1846,3589 1897,3589 1949,3586 2000,3586 2052,3584 2104,3585 2155,3586 2207,3583 2259,3580 2310,3580 2362,3580 2414,3580 2465,3580 2517,3577 2569,3577 2620,3576 2672,3574 2724,3574 2775,3574 2827,3571 2879,3571"/>
                <TextEquiv>
                    <Unicode>einem Badeort fließen die Beziehungen zwischen Offizieren</Unicode>
                </TextEquiv>
            </TextLine>
            <TextLine id="tr_3_tl_60" custom="readingOrder {index:59;}">
                <Coords points="1842,3652 2879,3634 2871,3581 1844,3602"/>
                <Baseline points="1849,3639 1900,3636 1952,3634 2003,3635 2055,3633 2107,3633 2158,3633 2210,3630 2262,3630 2313,3630 2365,3630 2417,3628 2468,3627 2520,3627 2572,3624 2623,3624 2675,3623 2727,3621 2778,3621 2830,3621 2882,3618"/>
                <TextEquiv>
                    <Unicode>und Bühnenmitgliedern leicht hin und her. Dazwischen die</Unicode>
                </TextEquiv>
            </TextLine>
            <TextLine id="tr_3_tl_61" custom="readingOrder {index:60;}">
                <Coords points="1847,3707 2873,3677 2865,3628 1849,3657"/>
                <Baseline points="1855,3693 1906,3687 1957,3686 2008,3684 2059,3684 2110,3684 2161,3681 2212,3681 2263,3680 2314,3678 2365,3678 2416,3678 2467,3678 2518,3675 2569,3675 2620,3674 2671,3672 2722,3670 2773,3671 2824,3669 2876,3669"/>
                <TextEquiv>
                    <Unicode>Zivilisten, welche die Skala vom äußersten Offizierskoder bis</Unicode>
                </TextEquiv>
            </TextLine>
            <TextLine id="tr_3_tl_62" custom="readingOrder {index:61;}">
                <Coords points="1845,3756 2871,3732 2871,3692 2737,3681 1846,3712"/>
                <Baseline points="1852,3744 1903,3738 1954,3737 2005,3735 2056,3733 2107,3732 2158,3732 2209,3729 2260,3729 2311,3729 2362,3727 2413,3726 2464,3726 2515,3726 2566,3723 2617,3722 2668,3721 2719,3721 2770,3720 2821,3720 2873,3720"/>
                <TextEquiv>
                    <Unicode>zum gewissenlosesten Leichtsinn der Bühnenwelt stufenweise</Unicode>
                </TextEquiv>
            </TextLine>
            <TextLine id="tr_3_tl_63" custom="readingOrder {index:62;}">
                <Coords points="1841,3798 2874,3784 2874,3730 1842,3758"/>
                <Baseline points="1849,3786 1900,3786 1951,3786 2003,3784 2054,3783 2105,3783 2157,3780 2208,3780 2259,3780 2311,3780 2362,3778 2413,3775 2465,3776 2516,3774 2567,3774 2619,3774 2670,3773 2721,3771 2773,3771 2824,3768 2876,3768"/>
                <TextEquiv>
                    <Unicode>vermitteln. Aus diesen rauschenden Linien, in denen wir</Unicode>
                </TextEquiv>
            </TextLine>
            <TextLine id="tr_3_tl_64" custom="readingOrder {index:63;}">
                <Coords points="1842,3844 1947,3875 2201,3838 2866,3844 2875,3784 1842,3798"/>
                <Baseline points="1849,3836 1900,3835 1951,3833 2003,3833 2054,3833 2105,3831 2157,3830 2208,3830 2259,3829 2311,3827 2362,3827 2413,3825 2465,3824 2516,3824 2567,3824 2619,3821 2670,3821 2721,3819 2773,3818 2824,3818 2876,3815"/>
                <TextEquiv>
                    <Unicode>die verschiedenen Nüancen der Offiziere und der Schau¬</Unicode>
                </TextEquiv>
            </TextLine>
            <TextEquiv>
                <Unicode></Unicode>
            </TextEquiv>
        </TextRegion>
    </Page>
</PcGts>
