3436 4224
177 223 281 302 8.
324 208 630 293 Freiwi
416 279 524 316 ....
620 272 711 314 .....
869 183 1277 291 box 14/2
1485 884 1820 950 ALFRED KERR.
886 876 996 961 1230
888 979 2419 1075 etwas wie ein Angeklagter heraus. Dieser Oberleutnant Karinski ist gegen
894 1052 2417 1117 Frauen nicht bloss von frecher Zudringlichkeit, sondern auch zu leichtsinniger
894 1086 2417 1158 Verleumdung bereit, er bietet einen Augenblick seine Hand zu der ver¬
890 1129 2423 1215 logenen Posse eines Scheinduells, er ist schon vorher gewaltthätig, er wird
890 1171 2423 1254 als eigensinnig geschildert, und er sieht mit der Hartnäckigkeit eines sozial
896 1217 2425 1291 beschränkten Kopfs in seinem Berufe die Welt. Was die ganze Erscheinung
894 1264 2427 1343 hebt, ist die verwegene Entschlossenheit, die auf Alles oder Nichts geht.
892 1306 2427 1397 Ein Teil seiner Eigenschaften sind unzweifelhaft typische Rittereigenschaften,
892 1350 2433 1425 aber das Beste — die Entstehung dieser Züge — fehlt. Der Gegenpart,
894 1395 2433 1468 Rönning, wehrt sich gegen das Duell. Er liebt das Leben nach schwerer
894 1437 2437 1522 Krankheit und ist voll Neigung zur Unabhängkeit. Das ist alles; man hört
894 1481 2431 1560 es, ohne das Gehörte in andrer Hinsicht als gegen das Duell bethätigt zu
894 1537 2435 1597 sehn. Er hat blos diejenigen Züge, die für die Erörterung seines Duellstand¬
905 1572 2439 1653 punkts in Betracht kommen. Er ist nich ein Mensch; er ist eine Seite eines
894 1614 2431 1691 Menschen. Und weil er sich nicht schlagen will, schiesst ihn der Andre
892 1672 1971 1737 kommentlos über den Haufen. Das ist der Ausgang.
1017 1911 2439 2009 Es ist die Frage, was dieser Ausgang sagt? Etwa: es ist besser, ihr
900 1967 2441 2040 schiesst Euch regelrecht, als dass Ihr unregelrecht erschossen werdet?
907 2019 2441 2096 Darum ein Drama zu schreiben konnte nicht die Absicht sein. Dieser Lehr¬
909 2057 2444 2132 sat wäre auch recht speziell: weil das Erschossen werden nicht stets so sicher
915 2105 2444 2182 st. Und er wäre falsch; weil eine geregelte Schiesserei nicht gerechter aus¬
911 2148 2439 2219 füllt als eine wilde. Der Dichter gab dem Duellgegner zuletzt jedenfalls eine
917 2196 2450 2269 Naffe in die Hand; hier liegt der Schlüssel. Er wollte wohl pessimistisch
905 2231 2446 2308 zeigen, dass auch der Grossgehirn-Adel schliesslich ins Faustrecht zurückfällt:
905 2292 2452 2344 dass leider die ultima ratio doch nichts Höheres als der Appell an die Tier¬
911 2319 2448 2402 heit, schopenhauerisch zu reden, ist. Er zeigte sehr fein, und abseits von
921 2367 2454 2446 gradlinigem Doctinarismus, wie ein letzter Rest unbewussten Rittertums auch
915 2410 2446 2483 im modernen Menschen schlummern kann, und wie nicht alle frei sind, die
915 2454 2452 2531 ihrer Ketten spotten. Dieser Zug, stärker betont, hätte dem Drama etwas
921 2500 2456 2579 Ewiges geben können. Der spiritualistische Duellgegner im Stück betrachtet
917 2541 2454 2614 den körperlichen Mut nicht folgerichtig als eine „Unteroffizierstugend“, wie
917 2593 2458 2658 sehr folgerichtig der frankfurtische Philosoph, sondern es bäumt sich etwas in
921 2625 2452 2714 ihm, als das Vorhandensein dieser Unteroffizierstugend in ihm bezweifelt
927 2687 2454 2743 werden könnte; er bleibt, obwohl er schon abreisen wollte, und wird so ge¬
923 2712 2454 2803 tötet. Eine ältere Asthetik hätte hier die „tragische Schuld“ des Helden ge¬
923 2760 2460 2837 sehen. Zugleich aber kann dieser entscheidende Zug anders aufgefasst werden:
925 2807 2458 2884 der Idealist, der Gläubige trotzt auf Vernunft und Recht, und darum bleibt er.
932 2849 2464 2926 Der Glaube, es kann mir von Rechts wegen nichts geschehen, lässt ihn die
927 2893 2454 2990 Sache bis zum Ende verfolgen; der Unsinn siegt, und er muss untergehn;
923 2959 1385 3036 er aber war im Recht.
1052 2976 2460 3059 Nein, er war garnicht im Recht! Er zeigt schon vorher eine logisch an¬
928 3026 2460 3103 fechtbare Stelle. Er handelt im Grunde nicht anders als Karinski. Was giebt
928 3072 2462 3146 den Anlass zur Forderung? Eine Ohrfeige, die er dem Leutnant versetzt,
938 3115 2464 3188 weil er verleumderisch über eine Dame spricht. Auch sein Vorgehen ist ja
940 3159 2462 3236 Selbsthilfe. Auch er reagiert mit körperlichen Mitteln ungesetzlich auf die
936 3205 2469 3278 Handlung eines Andren, auch er beweist durch diesen Schlag so wenig die
944 3238 2469 3325 Ehrenhaftigkeit der Dame, wie Karinski die seinige durch das Duell. Zwar
940 3290 2464 3373 ist sein Vorgehen minder gefährlich, da Ohrfeigen nicht tötlich wirken, aber
936 3332 2468 3429 auch er wählt nach eignem Ermessen aus seiner Sphäre ein Mittel zur Sühne:
944 3388 2471 3471 er muss es sich gefallen lassen, wenn der Andre eins aus der seinigen
944 3425 2469 3500 wählt. Der Grossgehirn-Adel hat offenbar noch Momente in denen ihm vor
942 3481 2468 3548 seiner Gottähnlichkeit bange wird und atavistische Ritterneigungen hervor¬
948 3515 2479 3596 kommen: es triumphiert der Apell an die Tierheit. So kann man in diesem
