3392 4256
1767 128 2765 182 werden kann, und zwar durch Mord, wenn der Zweikampf
1775 173 2760 230 verweigert wird, so daß der letztere eigentlich als das
913 165 1327 269 box 14/3
363 167 718 275 Freiwil
216 176 479 275 8.
1773 218 2763 275 geringere Uebel erscheint. Unbequem für die Tendenz
1761 261 2760 323 des Autors ist es auch, daß der Zuhörer nicht im
1778 306 2760 366 Stande ist, sich im Gemüthe vollständig wider
1761 343 2765 417 den Officier zu erklären und die Partei des Anderen
1773 403 2757 457 zu nehmen, weil eben trotz der Provocation die
1775 442 2760 502 Ohrfeige ein furchtbares Züchtigungsmittel ist, das mit
1767 494 2760 573 Rücksicht auf den Stand des Betroffenen dessen verzweifelte
1761 545 2496 615 That einigermaßen erklärlich scheinen läßt.
1858 564 2763 647 So sind wir denn am Schlusse so klug wie zuvor.
1761 624 2760 692 „Freiwild“ wird der Welt nicht einen Zweikampf ersparen,
1764 684 2754 749 im Gegentheil, es kann Rencontres kleinerer Art sogar
1773 729 2763 783 herbeiführen. Die Leidenschaftlichkeit, mit der gestern
1761 774 2754 834 einzelne Stellen wider das Duell beklatscht wurden
1761 823 2751 876 hinderte nicht, daß ebenso laut wieder andere Stellen
1764 868 2760 922 declamirt wurden, die von der Pflicht handelten, eine thätliche
1758 913 2751 981 Mißhandlung auch persönlich zu vertreten. Es saßen also zwei
1764 959 2760 1015 Parteien im Theater, die Einen für, die Anderen gegen
1753 1010 2760 1064 das Duell, ganz wie im Leben und ganz wie auf der
1758 1052 2754 1117 Bühne oben. Dem Dichter gebührt jedenfalls die Aner¬
1758 1100 2763 1166 kennung, daß er diesen Zwiespalt richtig personificirt und
1758 1154 2757 1205 namentlich in der Schilderung des Provinzkomödianten¬
1758 1197 2757 1256 thums ein meisterliches Milieu geschaffen hat. Der erste
1764 1242 2754 1302 Act, in dem sich dieses entwickelt, hatte denn auch den
1758 1285 2754 1344 größten Erfolg. Nach dem zweiten und dritten Acte er¬
1761 1330 2757 1401 schien Herr Schnitzler einigemale, um für den Beifall zu
1756 1381 1897 1458 danken.
1855 1401 2760 1492 Die Darstellung von modernen Stücken wird im
1761 1449 2757 1540 Carl-Theater immer klarer und runder. Es sind da einige
1761 1523 2751 1574 Schauspieler von hervorragender Begabung, wie der
1756 1557 2754 1634 liebenswürdige, heitere Korff, der schneidig=charakteri¬
1764 1619 2743 1676 stische Reusch, der zum Herzen sprechende Meyer
1767 1662 2757 1719 Eigen, der stets glaubhaft sich selbst gebende Klein,
1767 1710 2757 1767 gar nicht zu sprechen von Tewele und den Herren
1761 1750 2754 1810 Natzler und Czasta. Auch die Frauen fügen sich gut
1758 1807 2754 1861 in den erfreulich höheren Ton, der im Ganzen angeschlagen
1756 1852 2760 1914 wird. Es ist ein gutes Schauspieltheater mehr jetzt
1764 1892 1923 1971 in Wien.
1849 1909 2754 1994 Theater in der Josephstadt. Die Leute, welche
1758 1985 2757 2048 trotz der Darlegungen der Dramaturgen und der Pro¬
1758 2039 2763 2093 grammreden der Directoren noch immer glauben, daß die
1758 2087 2754 2139 Kunst des Schauspielers keine schöpferische, sondern blos
1758 2130 2757 2190 eine reproducirende sei, wurden gestern im Josephstädter
1761 2178 2754 2238 Theater eines Besseren belehrt. Das Künstlerpaar Maran
1756 2221 2760 2283 und Pohl=Meiser schuf ein prächtiges Carnevals¬
1290 2204 1560 2292 Auto¬
1761 2275 2751 2323 stück und creirte — wie oft wird dieses arme
471 2260 729 2331 andelt wurde,
1160 2243 1699 2380 en
462 2312 729 2365 einer Arbeiten
1758 2320 2757 2374 Wort nicht mißbraucht! — köstliche Gestalten. Daß
474 2351 726 2405 Weise bei Er¬
1756 2365 2751 2419 dies im Rahmen eines recht geschickt von Hans
842 2331 1727 2428 Carl-Theater. Arthur Schnitzlers Schachtel
474 2388 720 2448 immungen de
760 2399 2751 2468 „Freiwild", in Berlin schon vor Jahresfrist auf Fischer und Joseph Jarno zusammengestellten
485 2436 729 2490 nenz zu er¬
1756 2459 2748 2519 Schwankes „Aschermittwoch“ geschah, sei billigerweise
482 2462 726 2521 Abg. Freiherrn
754 2465 1730 2527 geführt, hat nun auch auf heimatlichem Boden Einlaß
479 2504 735 2555 wurde mit
1753 2507 2748 2564 mitconstatirt. Der Lebemann, der vor Anbruch seines
757 2519 1736 2575 erhalten und einen freundlichen Empfang gefunden, hier
482 2541 723 2598 und Freiherr
1756 2555 2751 2609 40. Geburtstages, welcher zufällig auf den Aschermittwoch
760 2555 1736 2615 wie dort erschienen die dem Stücke nothwendigen Officere
476 2575 723 2649 enum bestellt
1761 2604 2754 2660 fällt, nochmals tollen will und durch den improvisirten
754 2601 1733 2666 in merkwürdigen Phantasie=Uniformen, nur mit dem
1761 2649 2765 2706 Besuch seines halbwüchsigen Töchterchens und seiner
479 2621 723 2706 gegenwärtigen
760 2652 1730 2711 Unterschiede, daß diese sich in Berlin mehr den öster¬
485 2694 723 2743 auch nach
1756 2689 2748 2745 mittelalterlichen Cousine in eine Serie peinlichster Ver¬
754 2697 1730 2760 reichischen, in Wien mehr dem preußischen Zuschnitt
474 2728 720 2782 Landtages
1753 2743 2751 2799 legenheiten geräth — wer kennt ihn nicht? Im vorliegenden
754 2748 1730 2828 näherten. Die veränderte Uniform genügte indeß nicht,
479 2765 718 2822 in Thätig
1758 2791 2748 2850 Falle hat der Unselige, um dem Heiratsattentate der
749 2799 1736 2848 um über des Autors Absichten hinwegzutäuschen. Er
482 2802 720 2853 sschusses hat
1764 2836 2754 2890 Cousine zu entgehen, sich als wiederverheiratet
476 2842 1736 2899 Landtages auf wollte den besonderen Standpunkt des Officeers
468 2879 726 2930 ränken, welche
1756 2882 2754 2933 ausgegeben — wer kennt nicht gleichfalls die
754 2887 1730 2941 in Ehrensachen, den Duellzwang, in dramatisch
485 2916 726 2975 Abgeordneten
1756 2927 2751 2984 Serie der aus solchen Lügen auf den „aus
749 2930 1730 2998 bewegten Gegensatz bringen zu den Anschauungen jener
465 2950 718 3009 ber, Doctor
1758 2970 2754 3032 dem Französischen übersetzten deutschen Bühnen hervor¬
462 2989 1730 3043 et sind. Der bürgerlichen Menschen, die unter allen Umständen das
1756 3023 2751 3077 quellenden Irrungen und Verlegenheiten? Hauptmann's
457 3032 1733 3092 ner Geschäfte Duell perhorresciren. Wir sagen absichtlich: jener
457 3063 720 3120 ußer dem Falle
1758 3074 2751 3131 „Versunkene Glocke" mußte herhalten, um dem Pariser
752 3074 1733 3123 Civilpersonen, die den Zweikampf absolut verweigern:
459 3106 718 3148 besondere a.
1761 3117 2743 3174 Wirrwar einen neudeutschen Anstrich zu geben. „Doch
752 3120 1730 3188 denn in dem vom Dichter vorgeführten Falle würde wohl
459 3143 715 3199 gung des Aus
1758 3157 2748 3219 genug von diesem Inhalt.“ Die Faschingsposse gefiel sehr
743 3162 1733 3230 die Mehrzahl von Männern in Wirklichkeit kaum so ge¬
488 3179 718 3228 vertagte oder
1756 3211 2748 3265 gut und ihre Autoren können sich dafür bei dem lieder¬
462 3196 723 3265 Ausschuß kann
752 3216 1733 3279 handelt haben, um das Schauspiel „Freiwild“, entstehen
465 3256 720 3304 andtages über
1758 3253 2748 3313 lichen Lebekünstler des Herrn Maran und der sächsischen
752 3270 1727 3318 zu lassen. Gewiß: der Lieutenant Karinsky ist ein rüder
459 3290 718 3341 tätigkeit wieder
1756 3304 2745 3352 Pensionatsvorsteherin der Frau Pohl=Meiser be¬
746 3310 1730 3367 Poltron, der, seiner Schulden wegen ohnehin von dem schlichen
457 3330 715 3375 te vorstehenden
1758 3352 2748 3409 danken. Das sind Prachtleistungen, die im Album des
749 3352 1724 3412 Abschied stehend, absichtlich in wegwersenden Tone von einer
459 3367 712 3423 en. Würde der
1758 3392 2748 3446 deutschen Theaters zu verewigen wären. Fräulein Ella
459 3406 1733 3460 ossen, so kann jungen anständigen Schauspielerin spricht, um deren stillen
459 3440 715 3514 icht mehr statt¬
1756 3443 2745 3508 debutirte in der Rolle eines munteren Backfisches recht
743 3452 1733 3511 Anbeter, den Maler Paul Rönning, zu reizen. Dieser
749 3480 2221 3548 versetzt dem Lieutenant vor Zeugen dafür einen Schlag unter und backfischmäßig.
454 3491 712 3565 den gab eine
1846 3523 2743 3599 * Im Hofoperntheater findet in der zweiten
746 3548 1727 3605 ins Gesicht, sträubt sich aber unter Anführung von tausend
445 3562 718 3613 usnahmsweisen
465 3594 712 3647 hinzufügte, das
1753 3568 2743 3645 Hälfte des Monats Februar — der Tag ist noch nicht
740 3588 1722 3653 Vernunftgründen, dem Beleidigten die geforderte Geng
459 3633 2734 3696 chtigen Zweckes thuung vor der Mündung der Pistole zu geben. Der bestimmt — die Première von Leoncavallo's „Boheme¬
457 3664 712 3727 ständigung
743 3681 1733 3741 Lieutenant, nun in Gefahr, nicht blos wegen Schulden
1756 3690 2748 3738 statt. Sodann wird Bizet's „Carmen" neustudirt zur
474 3701 709 3752 en bereit ist
743 3730 2754 3786 schlicht verabschiedet, sondern wegen nicht erreichter Satis¬ Aufführung gelangen. An die Stelle der hier und auch
465 3738 718 3812 Maßregel mit
718 3775 2743 3854 faction sogar cassirt zu werden, stellt den mit einem anderwärts üblichen Prosa werden die Original¬
