3484 4224
177 152 276 236 8.
878 152 1282 248 box 14/4
442 156 702 232 wild
317 162 398 227 F
636 994 1003 1090 Telephon 12801.
280 1081 1378 1142 Alex. Weigls Unternehmen für Zeitungs-Ausschnitte
1047 1153 1193 1235 6
472 1161 1122 1280 „OBSERVER
274 1266 1379 1336 I. österr. behördl. konz. Bureau für Zeitungsberichte u. Personalnachrichten
472 1332 1208 1397 Wien, I., Concordiaplatz 4.
702 1392 959 1469 Vertretungen
277 1448 1372 1506 in Berlin, Budapest, Chicago, Genf, London, New-York,
283 1493 1366 1552 Paris, Rom, Mailand, Stockholm, Christiania, St. Petersburg.
565 1538 1103 1596 (Quellenangabe ohne Gewähr.)
280 1587 1412 1695 Ausschnitt aus: Montags-Blatt (publ. Batt), Wien
537 1715 810 1814 30. 1. 1905
291 1727 435 1817 vom
705 1802 1271 1931 Bühnenwelt.
687 1926 1285 2005 Deutsches Volkstheater.
507 1979 1568 2044 In Schnitzlers „Freiwild wird der bürgerliche Antiduellis
389 2034 1572 2087 ungeachtet seiner zureichenden Vernunftgründe und angenehme
394 2075 1569 2125 Eigenschaften von dem Beleidigten statt im Zweikampf im Attenta
394 2112 1569 2165 niedergeschossen, als „Freiwid", das keinem Codex untersteht. De¬
397 2151 1564 2205 militärische Ehrbegriff will sich schlechterdings mit dem bürgerliche
394 2190 1566 2248 nicht decken, trotzdem für den letzteren nicht nur Herr Schnitzler
403 2230 1564 2283 sondern das Stehparterre wärmstens plaidie te. Neben dem blutige
397 2267 1565 2326 Ernst des Stückes laufen untere Bilder aus der Luderwirtschaf
397 2307 1565 2357 eines Provinztheaters und der überwiegende Teil der Dar
409 2347 1552 2403 stellung wurde der immung des Stückes gerecht, Kramer
394 2384 1569 2446 Krapinski entsprach dem Typus den Weibern und Karte
403 2422 1566 2482 zugrunde gehenden Leutnants, der sich eine Lag von Uebermenschen
400 2472 1572 2515 moral zurechtgelegt. Höfers Leutnant Boge gehört zu den liebens
392 2503 1566 2569 würdigsten Chargen dieses trefflichenen Künstlers. Eine weniger gute Figu=
403 2544 1568 2599 machte Herr Jensen. Der Waffenrock ist ihm nicht auf den Lei¬
409 2584 1566 2640 geschrieben. Für die weibliche Hauptrolle war gleichfalls nicht di
403 2617 1569 2689 glückliche Wahl getroffen, den Frl. Erl, eine sonst wirksame Kraft
400 2662 1572 2721 entbehrt der logischen Außerlichkeit als verführerische Naive. Vie
400 2701 1572 2749 gelacht wurde über Worte und Erscheinung der Herren
400 2744 1577 2794 Tewele, Richter Roland und der Frau Glöckner. Di¬
400 2776 1575 2829 besseren Menschen des Abends wurden von den Herren Kutscher
406 2825 1586 2870 und Raeder sehr eindrucksvoll zur Geltung gebracht. So oft von
403 2854 1578 2912 der Bühne her das Prinzip „Die Waffen nieder" zu Worte kam
406 2894 1581 2953 applaudierte das Publikum wie nicht gescheit. Es scheint, daß die
412 2941 1217 2996 Friedensfreunde sich alle ins Theater flüchten.
2266 627 2626 702 Telephon 12801.
1901 698 2984 783 Alex. Weigls Unternehmen für Zeitungs-Ausschnitte
2092 768 2816 897 „OBSERVER
1904 879 2994 959 I. österr. behördl. konz. Bureau für Zeitungsberichte u. Personalnachrichten
2094 963 2828 1046 Wien. I., Concordiaplatz 4.
2329 1027 2586 1093 Vertretungen
1912 1072 2993 1125 in Berlin, Budapest, Chicago, Genf, London, New-York,
1912 1114 2990 1174 Paris, Rom, Mailand, Stockholm, Christiania, St. Petersburg.
2190 1161 2730 1232 (Quellenangabe ohne Gewähr.)
1918 1252 2361 1335 Ausschnitt aus:
2131 1308 3044 1394 29 1. 19 ustriertes Wiener Extrablatt
1923 1361 2086 1431 .
2080 1376 2718 1564 Theaterzeitung.
2027 1559 2895 1627 Deutsches Volkstheater. „Freiwild von
1912 1622 2879 1671 Schnitzler wurde gestern gegeben. Dieses sehr
1920 1658 2897 1710 beredte Anti=Duell=Brevier ist vor Jahren schon von
1913 1696 2887 1735 einer anderen Bühne herunter gesprochen worden.
1920 1733 2882 1783 Wer seiner Tendenz zustimmt und ihre so laute und
1915 1770 2879 1825 umständliche Aeußerung für nöthig hält, der wird
1915 1807 2879 1856 auch heute noch an den starken Angelpunkten des
2801 1842 2882 1894 mit
1923 1848 2704 1894 Gespräches — nicht der Handlung
1920 1872 2882 1931 starkem Beifall antworten können; was denn auch
1920 1916 2882 1969 gestern ausgiebig geschah. Wer über die Grundfrage
1912 1957 2891 2000 wegsieht, weil sie ihn nicht mehr beschäftigt, weil sie
1920 1991 2879 2041 ihm auf dem Theater nicht discutabel erscheint, oder
1918 2028 2885 2084 gar, weil seine Instincte ihm eine andere Meinung,
1918 2069 2885 2112 als die hier geäußerte vorschreiben, der wird, die
1923 2106 2892 2152 künstlerischen Werthe des Stückes überprüfend, er¬
1920 2137 2890 2192 kennen müssen, wie weit Schnitzler heute von seiner
1912 2174 2884 2233 damaligen Art, Menschen zu sehen und Schicksale zu
1918 2224 2888 2276 gestalten, abgerückt, wie hoch er darüber hinaus¬
1920 2255 2888 2316 gewachsen ist. Was heute an „Freiwild" am meisten
1920 2288 2882 2339 verstimmen muß, ist nicht die Absichtlichkeit und
1925 2329 2879 2384 Dünne der tendenziösen Handlung, nicht die flache
1918 2367 2875 2418 und wesenlose Zeichnung der Hauptfiguren, sonder
1918 2413 2859 2468 vor Allem die wortreiche Ueberdeutlichkeit, mit
1923 2443 2838 2497 gar so zielbewußt und standhaft über die wichtig
1920 2481 2819 2533 Dinge, über Leben und Tod, Glück und
1920 2516 2813 2571 große uralte Anschauungen und große jetzte
1929 2556 2808 2611 Strebungen gesprochen — man könnte fast je
1926 2590 2800 2643 gepredigt — wird. Wenn Künstler künstlerisch sche
1920 2633 2794 2684 dann drücken sie ihr Heiligstes, ihr Innerstes, G
1923 2667 2811 2721 oder Meinung, was ja im Tiefsten dasselbe is
1923 2708 2777 2776 Formen, nicht in Worten aus. Diese Form
1923 2749 2800 2795 „Freiwild nicht gefunden; nicht für den
1923 2783 2800 2833 lichen Inhalt und nicht für den Inhalt an
1926 2825 2785 2873 danken. Das bleibt sein schwerer Fehler je
1923 2866 2780 2907 von aller Tendenz, und es heißt Schnitzler
1923 2900 2766 2950 wenn man feststellt, wie weit seine Kunst die
1929 2932 2766 2985 lebte Beredsamkeit dieses Stückes heute schon
2808 2934 2898 3022 lich
1932 2972 2773 3028 sich gelassen hat. Das Volkstheater hat, ab
1929 3022 2906 3059 oder nicht, mit seiner leichtblütigen, auf einen
1932 3043 2912 3095 rösterreichischen Ton zusammengestimmten Auf¬
1929 3081 2891 3140 führung die Menschen und Vorgange, so weit es
1923 3118 2892 3177 möglich war, des Abstracten und Zweckmäßigen auf
1932 3165 2892 3213 das Wohlthuendste entkleidet. Herr Kutschera
1929 3193 2891 3263 machte mit der anspruchslos heiteren Art, die ihm so
1932 3227 2887 3291 gut steht, dem Paul Rönning das Leben und Sterben
1932 3269 2897 3322 viel leicher, als der Dichter. Für die verzweifelte
1928 3305 2903 3362 Wildheit des Lieutenants Karinski fand Herr
1929 3342 2903 3398 Kramer als discreter und lebenstreuer Darsteller
1932 3388 2906 3438 auch ein paar schneidend schmerzliche Töne, in denen das
1929 3421 2897 3474 zerstörte Gute dieser verwahrlosten Kriegernoblesse noch
1934 3457 2897 3509 mitschwang. Sympathisch, aber ohne rechte Kraft, sprach
1935 3499 2898 3549 Fräulein Erl ihre Rolle. Ganz ausgezeichnet gefiel
1941 3530 2909 3586 Herr Jensen, der aus dem farblosen Rohnstedt
1944 3574 2912 3624 so etwas wie einen interessanten Charakter, den
1935 3612 2901 3662 idealen Officier der Friedenszeit, machte. In den
1944 3640 2895 3699 feinen und den derberen Chargen, die um die Haupt¬
1935 3682 2903 3732 figuren gestellt waren, zeichneten sich aus: Herr
1935 3720 2903 3772 Höfer als Lieutenant Vogel, der lustige Tewele
1935 3755 2900 3808 als Theaterdirector, Frau Glöckner, die Herren
1941 3794 2906 3850 Meixner und Czasta im Ensemble der famosen
1935 3831 2903 3879 Sommerbühne und als Cassier dieses Theaters Herr
1941 3867 2903 3926 Amon, in einer Maske, als hätte er den Theater¬
2785 3907 2872 3975 . .
1938 3910 2556 3985 cassier Schapira schapirographirt.
