3436 4064
872 0 1270 84 box 14/2
178 0 705 98 8. Freiwild
1720 729 1908 799 .
2198 694 3339 816 welche der begeister solvente Trouillot, hat sich
569 722 2871 834 neeseen. Waldungen in der Bukowina bereits der Fall sei. Der kratische Arbeiterschaft ihre Zustimmung zu den Beschlüssen der
551 785 1699 855 Redner erörterte eingehend die nachtheiligen Folgen einer zu in¬
2903 809 3346 862 Erneuerung des Senate
1734 820 2871 869 heutigen Versammlung ausspricht. Ein Arbeiter kritisirte sodann sehr
544 851 3335 914 tensiven Abholzung für die ganze Umgebung des betreffenden scharf die Haltung des Jungczechen=Clubs bei der letzten und es wurde die
555 945 1703 1012 schildern, dessen Gewissen mit dem dreifachen Betruge an
1727 952 3346 1015 ein Duell dessen Existenz als Officier vernichtet sei, weist denn auch der Gru-
544 1001 1699 1068 dem Kameraden und dessen häuslicher Ehre, an den Eltern
1723 1008 2299 1057 er die Zumuthung weit von
2320 998 2864 1061 sich und setzt sich lieber der
2910 1001 3346 1082 selbst wenn der V.
551 1047 1699 1109 und an der Braut belastet ist, und es kam ihm weniger
1727 1043 2875 1106 Rache des Gegners aus, der ihn denn auch bei der ersten
2892 1050 3311 1127 die Comödie eines
548 1092 1699 1151 darauf an, die Berechtigung des Zweikampfes zu prüfen,
1723 1095 3353 1162 Begegnung und der erneuten Weigerung, sich zu schlagen, Officier in den M
551 1148 1699 1200 von dessen Möglichkeit für den jungen Mann noch
1727 1144 3349 1207 auf der Straße niederschießt. Der tödtlich Getroffene sinkt, wie für jeden Officie¬
544 1190 1699 1242 die Erhaltung seiner Ehre abhängt, wenn schon
1730 1186 2850 1252 vor den Augen der Geliebten zusammen. „Gehen Sie!
2899 1204 3349 1263 Große Meisterschaft hat
562 1242 1696 1294 sein Leben verloren sein soll. In dieser spannen¬
1730 1242 2868 1315 sagt ihr der Arzt, und mit ihrer verzweiflungsvollen Frage:
2896 1242 3353 1315 Schilderung der Sphär
1734 1280 2306 1368 „Wohin?" fällt der Vorhang.
551 1280 1692 1343 den Seelenschilderung liegt der eigentliche Werth des
2896 1287 3349 1364 verlegt hat. Mit knap
1821 1301 2864 1392 Eine Frage bleibt auch das Drama. Sind die allein¬
551 1329 1699 1385 Stückes, welches zugleich ein interessantes Gegenstück zu dem
2899 1336 3353 1409 tärischen Lebemänner
551 1382 1692 1437 das Duell verwerfenden Grafen Traft desselben Dichters ist
1737 1375 2861 1434 stehenden jungen Mädchen, die ihr cynischer Director der
2899 1378 3356 1458 Sommerbühne in den
555 1427 1696 1483 Schnitzler stellt den Zweikampf selbst zur Discussion, und
1730 1423 2864 1483 Schande in die Arme wirft, indem er fragt: „Glauben Sie
2892 1430 3360 1490 Wien“ gezeichnet. Der
565 1472 1696 1535 zwar in dem stärksten modernen Contrast zwischen Offi¬
1720 1476 2868 1535 vielleicht, daß ich meine Mitglieder ernähren soll?", das
2896 1483 3353 1532 sein Verhältniß zu den
551 1521 1699 1573 cieren und Bürgerlichen. Durch diese scharf zugespitzte
1727 1514 2861 1577 Freiwild, oder ist damit der Bürgerliche gemeint, welcher
2896 1532 3367 1594 die Rede ist, so bezeich
558 1570 1692 1622 Fragestellung wird die äußere dramatische Wirkung erhöht, die
1727 1573 2857 1622 nach der anscheinenden Meinung des Autors, der gewalt
2889 1566 3356 1643 riesig sparsam; verehre
558 1608 2861 1671 Lösung der Frage aber nicht gefördert. Er läßt einen thätigen Rache des Officiers preisgegeben sein soll, wenn er
2899 1615 3367 1678 die Mädeln vom Theat
562 1657 1699 1716 leichtsinnigen Officier für ein beschimpfendes Wort über
1730 1661 2861 1720 auf dessen Begriffe von Genugthuung nicht eingeht? Der
2899 1664 3367 1741 Hermann Müller vorzu¬
551 1706 1699 1762 eine anständige Schauspielerin von einem jungen Bürger¬
1727 1709 2861 1765 Dichter hat es unterlassen, eine solche Folgerung zu ziehen,
2889 1709 3363 1769 gespielt, ein Cabinetsti
551 1758 1699 1814 lichen, der sie ehrlich liebt, ohrfeigen, aber diesem die
1720 1755 2857 1821 aber den Zuhörern drängt sie sich in dem einen oder
2885 1765 3356 1821 Frau Gisela Schneider
551 1807 1689 1860 Genugthuung mit den Waffen verweigern. Die Gründe
1727 1800 2861 1849 andern Sinne auf und führt leicht zu tendenziöser Auf¬
2889 1800 3363 1870 einem jungen Wiener K
551 1842 1692 1901 mit denen der junge Mann sein Verhalten gegenüber seinen
1727 1849 2857 1912 fassung, wozu der empörende Fall Brüsewitz in Karlsruhe
2892 1856 3374 1929 der, von Eifersucht gepla
562 1901 1692 1950 Freunden zu rechtfertigen sucht — er habe einfach einen
1723 1898 2861 1957 einen naheliegenden Anhaltspunkt gibt. Allein dieser Vor¬
2889 1894 3325 1957 einhergeht. Das im
555 1943 1689 2023 Buben gezüchtigt und keine Lust, sein Leben um eine
1730 1943 2861 2020 fall, bei dem in Bürgerlicher wegen einer Lappalie von
2892 1936 3360 2010 Gegnern wurde von R
551 1992 1699 2044 Buden willen aufs Spiel zu setzen, das Duell
1723 1996 2857 2051 einem Officier auf der Stelle erstochen wurde, ist
2896 1989 3356 2051 gestellt, und in Fräulein
558 2030 1584 2100 sei Dummheit — erinnern, wenngleich in
1608 2037 1692 2093 dem
1730 2037 2864 2097 mit dem des Schnitzler'schen Dramas nicht zu ver¬
2896 2048 3367 2107 strenge junge Schauspi
555 2065 1692 2142 ganzen Stück das Wort „Ehre" nicht vorkommt, doch
1730 2083 2861 2142 gleichen. Wer das Duell verwirft, kann es nur thun,
2889 2079 3363 2156 lernten wir ein tüchtiges
1727 2128 2857 2191 weil er aus sittlichen und rechtlichen Gründen die Selbst
558 2128 1689 2191 stark an Falstaffs Definition davon: „Ehre beseelt mich
2892 2135 3325 2198 falt wurde in dieser
551 2177 1682 2236 vorzudringen, mag sein. Wenn aber Ehre mich beim Vor
1730 2173 2861 2233 hilfe verurtheilt. Aber so darf der Sachverhalt nicht ver¬
2885 2167 3370 2250 auf das einheitliche Fest¬
551 2222 1685 2282 dringen entseelt, was dann? Kann Ehre ein Bein an
1730 2222 2864 2282 schoben werden, daß dem Einen zugestanden wird, eine Un¬
2896 2226 3381 2285 geachtet und die Erfüllu¬
558 2278 1692 2334 setzen? Nein. Oder einen Arm? Nein. Oder den Schmerz¬
1720 2271 2861 2327 bill mit der Faust zu rächen, während man dem Andern
2885 2278 3374 2334 Anzahl vorzüglicher öster¬
555 2320 1685 2379 einer Wunde stillen? Nein. Ehre versteht sich also nich
1720 2320 2868 2372 das gleiche Mittel der Abwehr verweigert. Vollends erscheint
2892 2324 3374 2372 selbst namhafte Schauspi¬
555 2365 1678 2421 auf die Chirurgie? Nein. Was ist Ehre? Ein Wort?
1720 2369 2861 2421 es unbillig und in allzu starken Widerspruche mit der ge¬
2892 2372 3377 2446 kleineren Rollen harmoni¬
551 2414 1689 2470 Die Freunde, die an dem jungen Manne irre werden und
1730 2407 2854 2470 schichtlichen Entwicklung, wenn man damit beginnen will
2892 2418 3377 2484 denen der österreichische
555 2456 1689 2515 von denen der Eine, diesmal der „Comment=Reiter" mit
1727 2463 2857 2512 bei dem Soldaten, dem der Degen das Symbol der Ehr¬
2889 2460 3321 2529 der beliebte Komiker
562 2505 1692 2568 Wiener Mundart (Herr Hanns Fischer), ihm verächtlich den
1720 2501 2854 2564 und seines Berufes ist, den Begriff des Zweikampfes aus
2885 2512 3374 2568 Rollen verwendet, in de
614 2554 1692 2617 cken kehrt, behandeln denn auch die Sache nur aus dem
2889 2557 3374 2627 doch ihr künstlerischer W
1727 2554 2857 2613 zumerzen. Es wird schon viel gewonnen sein, wenn es ge¬
555 2599 1692 2655 Gesichtspunkte des Muthes. Feige aber will und soll
1720 2603 2854 2662 lingt, im Heere die gewaltthätige Sitte auf die schwersten
2885 2599 3307 2665 volle Wiener Autor
555 2644 1692 2704 unser Held auch nicht sein; denn als ihm ein auffallend
1723 2644 2857 2711 Fälle der Ehrenkränkung einzuschränken und die bürger¬
2885 2648 3370 2718 und der Berliner Auffü¬
551 2700 1692 2753 vorurtheilsfreier militärischer Secundant des Herausforderer¬
1723 2676 3381 2756 lichen Elemente unter einander von der Pflege des alten mehr die glänzenden Sei¬
562 2739 3367 2826 die Zumuthung stellt, ein Scheinduell einzugehen, weil ohne ständischen Vorurtheils abzuhalten. Darum erscheint uns Schwächen des Dramas
