3436 4448
548 58 2537 138 zum Preise von 25 kr. samt der Grabeilage enter are
387 86 512 149 na
539 122 1477 183 Kindermode" und einem Schnittmusterbogen erhältlich ist.
1552 127 2545 172 Otto, in Audienz empfangen. Der Erzherzog empfing die
387 138 512 196 dischen
1555 166 2548 213 Architekten Herren Obrich und Schwager, welche unter
625 172 1530 213 * (Aerztliche Nachricht.) Zahnarzt Dr. Edmund
379 188 509 243 Bor¬
537 177 2545 246 Stauber, von seiner Studienreise durch Deutschland Führung des Ehrenpräsidenten Herrn Oberbaurathes Professor
387 232 509 288 ten, die
1552 243 2537 293 Otto Wagner erschienen waren, in freundlichster Weise und
537 243 1452 296 zurückgekehrt, ordinirt: Landstraße, Hauptstraße Nr. 17.
1557 279 2542 318 erklärte, daß es ihm eine besondere Freude sein werde, den
387 271 512 332 meister
639 279 1524 335 (Ziehrer Concertakademie im Ronacher=Saal.
1560 315 2542 360 Ball zu besuchen und daß er bestimmt erscheinen werde.
390 321 517 387 cht ent¬
542 326 1524 371 Heute Freitag wird der jugendliche Claviervirtuose Pold
1552 354 2545 393 Das Comité trifft bereits alle Anstalten, um dem voraus¬
537 362 1524 412 Spielmann und dessen 10jährige Schwester Frl. Melani¬
1563 390 2545 434 sichtlich zahlreichen Besuche des Balles in jeder Weise gerecht
545 401 1527 445 Spielmann, Mitglied des Burgtheaters, als Declamatrice
390 404 512 476 und
1552 426 2539 470 zu werden. Erzherzog Otto, der in allen künstlerischen
537 434 1521 484 mitwirken. Morgen Samstag wirken mit: die Concert
1560 465 2542 515 Fragen eingehendst versirt schien, erkundigte sich lebhaft nach
387 456 512 523 Demon¬
545 473 1527 523 sängerin Frl. Julie Hofmann, Herr Ludwig Köppelhofer
1552 501 2539 545 den architektonischen Arbeiten in Wien, interessirte sich be¬
539 517 1527 559 und Herr Adolph Simandl (Harmonium); ferner das Sextet
390 509 512 570 nungen
539 537 2542 592 der Hofoper, die Herren J. Gräbner, H. Pacal, J. Neu¬ sonders für die ästhetische Durchbildung der Hochbauten der
385 556 512 614 Abend¬
1557 578 2539 617 Stadtbahn und der Donaukanalregulirung und war nament¬
539 589 1521 625 bauer, G. Mayer, R. Weißhappel und C. Hellmann. —
396 600 512 667 gebliche
1552 609 2545 661 lich erfreut über die in Aussicht genommene künstlerische
537 622 1524 675 Uebermorgen Sonntag findet wieder ein Akademieconcert statt
1560 647 2539 689 Durchführung der Brücken über den Donaukanal. Ober¬
390 664 1527 708 in sich und zwar unter Mitwirkung des Prosessors Emil Baupe
1549 686 2539 733 baurath Wagner, welcher über alle diese Fragen Auskunft
537 700 1524 744 und des Herrn Franz Fiala, Mitglied des Burgtheater¬
387 692 512 752 Abend¬
1557 725 2539 772 gab, dankte schließlich für das dem Architektenstande zu¬
542 741 1524 777 (Declamation). In allen drei Concerten werden die Solisten
387 741 512 808 dachlos¬
1557 769 2553 833 gewandte Interesse, welches sicherlich die größte Aneiserung
542 775 1530 819 der Capelle Ziehrer, Frl. Willi Müller (Harse), Concer¬
382 791 512 849 erregten
1555 799 1864 852 hervorrufen werde.
539 813 1524 877 meister Jul. v. Theodorowicz (Violine) und Herr Anton
401 835 517 893 zu be¬
1640 822 2542 888 Das Comité des Kränzchens zu Gunsten der technisch¬
545 852 1151 913 Weiß (Piston) Solopieren vortragen.
1557 866 2542 921 akademischen Ortsgruppe des Deutschen
393 880 512 943 glück
653 874 1521 941 (Kindervorstellung im Etablissement Ronacher.
1560 918 2539 960 Schulvereins ist eifrig an der Arbeit, um das Ballfest,
390 932 1527 990 Frauen=Kaum wurde die Thatsache bekannt, daß das Etablissemen
1552 957 2539 1001 das sich schon im Vorjahre einer regen Betheiligung und
537 974 1521 1015 Ronacher seine Pforten am Nachmittag zu wohlthätigen
379 979 506 1037 wartete
542 993 2545 1065 Zwecke öffnet, wurde ein großer Theil der Logen und großen Beifalls zu erfreuen hatte, heuer noch eleganter zu
382 1024 512 1079 einem
1557 1032 2545 1082 gestalten. Das Kränzchen findet am 3. Februar im Ball¬
537 1043 1530 1087 Sitze vergriffen. Es ist über auch eine entschieden originelle
1560 1062 2542 1120 saale Ronacher statt. Das Präsidium besteht aus folgenden
434 1073 1524 1120 Eine Neuheit — diese Nachmittagsvorstellung, welche, wie schon
1555 1106 2542 1148 Herren: Alfred Günther, Präses; Hugo Faber, erster
545 1120 1519 1173 gemeldet, im Etablissement Ronacher am 6. Jänner k. J.
382 1118 506 1176 it durch
1555 1142 2539 1184 Stellvertreter: Heinrich Schickher, zweiter Stellvertreter;
542 1156 1530 1198 am Tage der heiligen drei Könige) arrangirt wird. Es ist
382 1162 512 1223 s ihrem
1552 1178 2545 1223 Emil Wechsler, Schriftführer; Carlo Ptak, Cassier.
537 1189 1530 1239 dies ein Ronacher blanc für die Jugend, und unseren Back¬
1563 1217 2542 1259 Das Präsidium des Damencomites hat in liebenswürdigster
382 1212 515 1278 unter
542 1234 1527 1272 sischchen wird einmal Gelegenheit geboten, Räume kennen zu
1552 1253 2545 1306 Weise Frau Professor Czuber, das Protectorat Regierungs¬
539 1270 1524 1320 lernen, die sie sonst erst am Arme des Herrn Gemals be¬
1552 1292 2277 1353 rath Professor Friedrich Rick übernommen.
379 1281 769 1367 ler des treten hätten.
373 1339 512 1389 vermißt
1646 1333 2542 1391 Das Philosophenkränzchencomité hat sich
667 1325 1527 1397 (Verlustanzeige.) Der bei der Firma Bock und
376 1380 515 1427 aus der
1557 1369 2537 1427 bereits constituirt und folgende Herren in das Präsidium
542 1378 1527 1433 Comp., 1. Bezirk, Grünangergasse Nr. 12, angestellte
1560 1422 2539 1469 gewählt: Präses: Dr. Julius Tomaseth, erster Vice¬
382 1422 1533 1474 e Nr. 4 Geschäftsdiener Franz Maroschek hat gestern um 12 Uhr
373 1447 2542 1499 Amerika Mittags in der Staatsschuldenasse eine Fünfzig Gulden präses, phil. Friedrich Anger, zweiter Vicepräses:
1560 1497 2539 1538 phil. Franz Cerwy k. Das Protectorat über das Kränzchen
368 1494 1533 1549 n, nach noten verloren. Erst als er den Verlust entdeckte, erinnerte
1555 1527 2548 1574 hat der Rector der Universität, Professor Dr. Leo Reinisch,
371 1533 1530 1580 von ihm sich, daß ein junger Mann kurz vorher sich zur Erde
376 1566 515 1618 für sein
1552 1568 2545 1613 das Ehrenpräsidium der Decan der philosophischen Facultät
537 1574 1524 1618 bückte und ein Papierstück aufhob. Da der arme Geschäfts
357 1596 2542 1676 Arzes, in diener den Betrag aus Eigenem ersetzen muß, bittet er den Professor Dr. Alphons Huber, sowie dessen Gemalin in
371 1640 515 1687 dar. Die
545 1643 2174 1696 Finder, ihm gegen entsprechenden Finderlohn das Geld unter liebenswürdigster Weise übernommen.
354 1676 1012 1737 laufend, obiger Adresse zu übergeben.
1643 1674 2548 1743 Das Touristenkränzchen feiert im nächsten
357 1718 512 1765 tark ver¬
1555 1723 2550 1787 Fasching sein 25 jähriges Jubiläum. Es hat sich im
360 1751 512 1801 deutsch
1552 1770 2545 1820 Schoße des Oesterreichischen Touristenklubs bereits das
357 1790 515 1842 Familie
667 1773 1414 1859 Die Schauspielerin im Schauspiele.
1557 1806 2539 1859 Kränzchencomité constituirt und als Obmann Herrn E. See¬
354 1828 512 1876 elbe noch
1555 1848 2548 1895 Bock, als Obmannstellvertreter Herrn Th. J. Fundulus,
628 1828 1527 1923 Das Privatleben der Einzelnen gehört nicht vor die
354 1867 517 1911 Schonung
1555 1884 2542 1928 als Cassier Herrn O. Steudner und als Schriftführer
357 1909 509 1947 gen. Auch
539 1881 786 1967 Oeffentlichkeit!
1563 1925 2545 1967 Herrn J. Heyra gewählt. Das Touristenkränzchen wird
354 1936 512 1994 Rückkunft
625 1925 1535 2003 Richtig! Einverstanden! Dann sollen aber die Herren
1560 1959 2545 2003 den Reigen der nächstjährigen hochhalpinen Tanzfeste er¬
346 1972 512 2041 Aber un¬
1557 1994 2542 2041 öffnen, indem es am 24. Jänner, und zwar wieder in den
545 1970 1021 2058 Dichter den Anfang machen!
1557 2033 2550 2080 Sophiensälen abgehalten werden wird. Da der Zutritt
628 2008 1530 2094 Wenn in einer Zeitung einmal eine bekannte Persön¬
346 2036 509 2119 ) Ueber
1566 2072 2545 2113 traditionell nur in der Gebirgstracht der österreichischen
537 2080 1533 2138 lichkeiten betreffende Affaire erwähnt wird, die in aller Munde
1568 2102 2542 2152 Alpenländer oder im Touristenkleid gestattet ist, liegen, um
346 2105 503 2172 es liege
545 2138 1533 2188 ist, die in jedem Wirthshause öffentlich und mit den intimsten
1566 2144 2545 2188 den Herren und Damen die Wahl des Costumes zu er¬
340 2152 506 2207 Wien nach
1555 2185 2542 2230 leichtern, die Costumebilder in der Clubkanzlei, 1. Bezirk,
537 2174 1530 2241 Details besprochen wird, dann heißt es, „das schickt sich
343 2196 509 2257 woch un
539 2221 2542 2304 nicht", aber wenn solche Dinge in einem Theaterstücke vor Weihburggasse Nr. 18, während der gewöhnlichen Amts¬
335 2241 512 2302 tha in
1560 2260 1947 2326 funden zur Ansicht auf
537 2274 1524 2329 tausenden von Menschen erörtert werden, da schickt es sich
337 2290 506 2351 lches de
1640 2304 2542 2362 Der Handelsminister Freiherr v. Glanz=Eicha
539 2321 1524 2373 Unter zehn dramatischen Werken, französischen oder deutscher
337 2329 503 2404 agen. In
1563 2329 2550 2398 hat das Protectorat über den am 15. Februar 1897 in den
537 2371 1530 2420 Ursprunges, sind heute sechs, in welchen eine Gefallene die
1557 2387 2542 2451 Sophiensälen unter dem Ehrenpräsidium des Dr. Ernst Frei¬
335 2382 515 2443 1 nahmen
337 2415 1527 2484 Mann Hauptrolle spielt. Das war früher auch so, aber früher war
1555 2423 2542 2470 Ferrn v. Banhans stehenden Dampfschiffahrt¬
537 2459 2542 2509 es, in Frankreich wie in Deutschland, nur die Gefallene als alles übernommen. Das Comité hat sich bereits con¬
337 2473 506 2553 ge Wagen
1560 2501 2542 2545 stituirt und folgende Herren gewählt: Präses: Inspector
539 2503 1527 2564 solche, während es seit Jahren schon nur mehr die gefallen
1560 2542 2545 2586 Th. Kuh; erster Vicepräsident: Ober=Inspector C. Suppan;
545 2553 1524 2603 Schauspielerin oder Sängerin ist. Und es kann vorkommen
1563 2578 2545 2620 weiter Vicepräsident: Inspector R. Weinbrenner;
326 2550 509 2628 rliche Rat
537 2606 2539 2656 daß es dann im Theater ein Zischeln und ein Geflüster gibt iftführer: Carl Will. Die decorative Ausschmückung
335 2614 506 2664 wurde an
321 2645 2545 2711 theater von und daß Einer dem Anderen ins Ohr raunt: „Ganz aus besorgen, wie alljährlich, die Herren I. G. Schulz und
324 2689 506 2752 dergestoßen
1555 2683 1906 2758 J. Scheibbauer
539 2683 891 2755 dem Leben gegriffen.
625 2719 1527 2794 Diese „Naturwahrheit" ist für den Dichter von Be¬
318 2747 498 2827 sidium de
1676 2763 2545 2860 Die Fortsetzung der Rubrik „Wiener
537 2788 1533 2844 deutung, er strebt nach ihr, ihr allein will er den Erfolg
324 2813 515 2874 auf tele¬
537 2835 1530 2891 verdanken — in anderem Lichte erscheint sie jedoch dem
1682 2833 2545 2902 Tagesbericht befindet sich auf
318 2860 506 2921 isterialrath
537 2882 1530 2943 Schauspieler. Da ist es denn gewiß interessant, wenn man
1682 2888 1936 2960 Seite 28.
318 2907 512 2968 phuskranke
537 2927 1524 2979 bemerkt, daß sich — überraschenderweise erst jetzt —
310 2957 515 3024 ter Spitals¬
534 2963 1530 3046 eine Art Auflehnung der Darsteller gegen die Dichter
1580 2949 2548 3051 Die Rubrik „Sport" befindet sich
534 3012 775 3095 geltend macht
1685 3015 2235 3098 auf Seite 35 und 36.
307 3032 506 3106 conclub
625 3046 1535 3118 Die „Deutsche Bühnengenossenschaft", das Organ der
307 3095 503 3142 Hedle
539 3112 1533 3170 Genossenschaft deutscher Bühnenangehöriger, enthält eine
337 3126 515 3178 vor. Die
1635 3126 2550 3203 Unsere heutige Nummer umfaßt 48 Seiten und
542 3156 1535 3212 Correspondenz aus Breslau, die in Wien schon aus dem
313 3159 512 3231 ssors Hedle
1557 3154 2362 3234 enthält im Inseratentheile nachstehende Beiträge
542 3203 1527 3259 Grunde bemerkt zu werden verdient, weil sie ein Wiener
2420 3201 2517 3281 Seite
1574 3220 2373 3289 1. den Beginn des Romanes „Junge Ehe
310 3242 1524 3300 1897 begeht Stück, Schnitzler's „Freiwild“ und die von uns kürzlich
1635 3264 2102 3300 von Emil Marriot.
290 3286 509 3342 alwasserfirm
1568 3264 2385 3353 . den Schluß des Romanes, Liebeswunder
537 3295 1530 3361 erwähnte Uniformangelegenheit betrifft. Es heißt in dem
290 3325 509 3375 Brunnen
1638 3336 2360 3383 von Pierre Sales..........
542 3339 1527 3394 Briefe unter Anderem: „Dieses lebensvolle Stück, welches
299 3364 509 3411 Mattonii
1826 3347 2550 3436 . . . . . . . . . . . . . . . 88 u. 31
1580 3355 1787 3425 B. Lesetisch
542 3391 1524 3450 ohne daß es der Dichter ahnen konnte, in Deutschland seh
299 3400 506 3452 einer Firma
1580 3402 2371 3466 . „Die Macht der Gewohnheit." Ori¬
537 3438 1533 3494 actuell wirkt, rief im Auditorium eine wahre Begeisterung
1640 3447 2379 3494 ginalzeichnungen von Hans Schließmann.
290 3438 506 3502 Josephstädter
1580 3469 2379 3538 . Volksthümliche Universitätsvorträge...
299 3488 1535 3535 Orban jun. hervor. Ein Umstand, der mir ausfiel, verdient speciell in
296 3521 506 3568 in Wien
1574 3527 1862 3580 . Tagesbericht
542 3530 1535 3585 den Spalten unseres Blattes besondere Erwähnung. Bei
1635 3521 2379 3604 „Der Christbaum der Polarfahrer.
279 3555 506 3613 aria in Preß
542 3577 1535 3627 der Première von „Freiwild“ erschien der Officier Kavinski,
1635 3599 2160 3657 Von Dr. M. Wilhelm Meyer.
279 3596 515 3668 genten Klein
2230 3596 2550 3698 .... 85 u. 30
531 3613 2174 3679 dem seitens des Civilisten Rönning eine Ohrfeige applicirt. Sport . . . . . . . . . .
