3436 4256
927 178 1334 273 box 14/4
229 180 761 264 8. Freiwild
833 667 1192 771 Telephon 1201.
465 761 1543 852 Alex. Weigls Unternehmen für Zeitungs-Ausschnitte
651 826 1376 963 „OBSERVER
470 953 1547 1041 Lösterr. behördl. konz. Bureau für Zeitungsberichte u. Personalnachrichten
648 1018 1390 1106 Wien, I., Concordiaplatz 4.
884 1091 1142 1157 Vertretungen
470 1122 1547 1200 in Berlin, Budapest, Chicago, Genf, London, New-York,
474 1189 1544 1245 Paris, Rom, Mailand, Stockholm, Christiania, St. Petersburg.
750 1225 1287 1300 (Quellenangabe ohne Gewähr.)
465 1297 1576 1428 Ausschnitt aus: Prager Tagblatt
732 1394 995 1499 20
481 1424 634 1501 vom
1402 1466 1532 1532 .
693 1522 1522 1602 L. K. Wiener Première. Aus Wien
586 1561 1525 1646 wird uns v. 28. d. M. gemeldet: Im deutschen Volks¬
590 1645 1522 1713 theater fand heute die Première von Schnitzlers
591 1685 1522 1743 Schauspiel „Freiwild" statt. Das Stück, das
601 1732 1525 1796 seinerzeit im Karltheater aufgeführt worden war und
594 1785 1533 1855 durch verschiedene Vorkommnisse vom Repertoire ver¬
591 1834 1529 1901 schwand, erzielte heute einen großen echten Er¬
588 1887 1528 1960 folg. Autor und Darsteller wurden stürmisch ge¬
597 1932 710 2004 rufen.
420 2372 733 2495 John
855 2475 1220 2566 Telephon 12801.
485 2544 1572 2645 Alex. Weigls Unternehmen für Zeitungs-Ausschnitte
675 2640 1401 2760 „OBSERVER
490 2740 1579 2823 I. österr. behördl. konz. Bureau für Zeitungsberichte u. Personalnachrichten
673 2809 1410 2906 Wien, I., Concordiaplatz 4.
905 2877 1166 2952 Vertretungen
485 2924 1561 2990 in Berlin, Budapest, Chicago, Genf, London, New-York,
485 2978 1561 3039 Paris, Rom, Mailand, Stockholm, Christiania, St. Petersburg
765 3018 1297 3102 (Quellenangabe ohne Gewähr.)
478 3095 928 3200 Ausschnitt aus:
822 3126 1510 3246 EMIA, PRAG
490 3209 646 3286 vom
587 3267 1220 3401 Theaternachrichten.
577 3340 1406 3452 Dr. P. Wr. Schnitzlers Schauspiel
499 3396 1413 3489 „Freiwild“ wurde gestern in Deutschen Volks¬
501 3438 1413 3528 theater, mit starkem Erfolge aufgeführt. Die
501 3478 1427 3571 Vorstellung hatte für das breitere Publikum fast
504 3535 1420 3615 den Reiz einer Premiere, denn die „Frei¬
504 3566 1412 3666 wild-Aufführungen, die vor einer geraumen An¬
507 3608 1410 3703 zahl von Jahren im Karl-Theater nur wenige¬
508 3652 1420 3745 male stattfanden, waren schon beinahe vergessen.
518 3692 1427 3776 Schnitzler wurde oft und herzlich gerufen, mit
511 3739 1430 3822 ihm die Hauptdarsteller Tewele, Kramer und
514 3809 695 3874 Glöckner.
604 3792 1431 3906 Dr. J. A. B. Berliner Erstaufführung.
517 3859 1439 3949 Aus Berlin wird uns telegraphiert: „Die
518 3913 1439 3979 Jurheirat“, Operette von Julius Bauer,
519 3945 1430 4028 Musik von Franz Lehar, hatte im Zentral¬
523 4010 1242 4090 theater einen durchschlagenden Erfolg.
1967 1006 3058 1076 Alex. Weigls Unternehmen für Zeitungs-Ausschnitte
1959 1199 3053 1278 I. österr. behördl. konz. Bureau für Zeitungsberichte u. Personalnachrichten
2141 1262 2888 1355 Wien, I., Concordiaplatz 4.
2383 1336 2641 1403 Vertretungen
1967 1380 3057 1441 In Berlin, Budapest, Chicago, Genf, London, New-York,
1959 1424 3053 1488 Paris, Rom, Mailand, Stockholm, Christiania, St. Petersburg.
2239 1472 2772 1546 (Quellenangabe ohne Gewähr.)
1964 1561 2428 1628 Ausschnitt aus:
2466 1565 3202 1688 REICHSPOST, WIEN
2162 1612 2437 1689 31. 1. 1905
1974 1659 2127 1731 vom
2094 1769 2939 1867 Theater, Kunst und Musik.
2000 1841 2995 1930 Deutsches Volkstheater. Ein Mixtum¬
1995 1919 2989 1983 Kompositum aus Sudermanns „Ehre" und dem
1989 1963 2993 2025 „Zapfenstreich" — jedoch mit neunzig Prozent
1989 2014 2985 2082 Wasser verdünnt — das ist Arthur Schnitzlers
2537 2057 3003 2122 das Samstag im
1997 2066 2481 2124 Schauspiel „Freiwild“,
2018 2100 2993 2166 „Deutschen Volkstheater" seine Première erlebte.
1997 2156 3001 2210 Es ist ja recht hübsch, daß der Dreiakter gegen
1989 2203 2996 2261 den Duellwahn geschrieben wurde — aber schließlich
1997 2258 2993 2316 genügt für ein Schauspiel doch nicht diese magere,
1995 2297 2996 2359 langweilige Handlung, die wie aus einer Haltung
2003 2358 2997 2410 herausgeschnitten erscheint: Renkontre zwischen dem
1995 2396 2993 2457 Beschützer einer Dame und einem als Raufer be¬
2000 2453 2997 2507 kannten Offizier. Forderung. Ablehnung der
2000 2503 2997 2554 Forderung unter eingehender Begründung der
1995 2544 2996 2598 bekannten Unvernunft des Duells. Liebeserklärung
1995 2598 2996 2664 zwischen Beschützer und Dame. Vergebliche Warnung
1995 2638 2996 2696 an ersteren vor der Rache eines gezüchtigten
1993 2688 2999 2740 Offiziers. Der Held wird auf der Gasse von
2003 2736 2997 2792 dem Raufbold niedergeschossen, da er sich darauf
2007 2783 2993 2843 kapriziert zu haben scheint. Das geht alles
1995 2829 2996 2885 mit fatalistischer Sicherheit auseinander hervor,
2000 2877 2996 2938 ohne daß sich Herr Arthur Schnitzler sonderlich
1997 2928 2997 2982 den Kopf damit zerbrochen hätte, wie er diese
1995 2975 2996 3043 dürftige Geschichte hätte besser ausstaffieren und
1995 3021 2999 3079 namentlich beschließen können. — Im ersten Akt
2003 3073 2999 3131 hatte das Schauspiel noch großen Beifall, in den
2003 3117 3003 3181 zwei nächsten ermüdete aber selbst die engste An¬
2000 3173 3003 3229 hängerschaft des Autors, um am Ende des dritten
2003 3218 2999 3272 Aktes fluchtartig sich zu entfernen. Das Spiel
2003 3268 2999 3322 der Herren Kutschera, Kramer, Jensen, Raeder,
2000 3312 3004 3370 Tewele und der Damen Erl und Glöckner paßte
2003 3358 2816 3450 sich den Rollen mit großem Geschick an.
