3484 4384
374 1486 454 1547 inter
374 1537 450 1597 den
364 1685 454 1734 mal
840 136 1243 253 box 4/2
1500 684 1985 783 Aus den Berliner Theatern.
2458 680 2550 769 577
910 758 1722 851 jetzt von einer langen Reise zurückkehrt,
1749 764 2544 857 starken Begabung für das theatralisch Wirk¬
910 840 1720 896 erfährt er zu seinem Entsetzen die Ver¬
1747 847 2544 900 same, für den Bühneneffekt zuschreiben wollte.
904 894 1718 949 lobung und sieht in ihr ein unsagbares
1747 896 2542 954 Die Vorzüge des Schauspiels beruhen viel¬
908 939 1714 991 Unglück für das geliebte Wesen. Er ver¬
1745 941 2544 995 mehr in der scharfen, glücklich durchgeführ¬
914 988 2546 1054 langt, daß Gotter zurücktrete, er sucht ten Charakteristik der meisten Gestalten, be¬
910 1032 1712 1091 ihn unter Hinweis auf jenen Revers zu
1755 1040 2550 1101 sonders Gotters und des korrekten Assessors,
904 1091 1718 1151 zwingen; Gotter dagegen pocht trotzig
1749 1093 2548 1149 dann aber vor allem in einem überaus
904 1132 1714 1192 auf das ehrenwörtlich gelobte Schweigen.
1747 1145 2548 1206 natürlichen, ungemein flüssigen, an seinen
914 1186 2201 1268 Schon ist Burkhardt fest entschlossen, sein Pointen reichen Dialog.
904 1229 1714 1288 Ehrenwort zu brechen, er erbittet aber vor¬
1817 1208 2548 1293 Über die übrigen Theater der Reichs¬
908 1284 1714 1342 her die Zustimmung der beiden Mitver¬
1747 1282 2546 1348 hauptstadt lohnt es, nach den wohlver¬
908 1338 2544 1391 pflichteten. Der eine derselben, ein vor= dienten Mißerfolgen, die ihnen bis zum
904 1377 1718 1443 trefflich gezeichneter korrekter Assessor, er¬
1749 1379 2548 1453 Dezember wurden, nicht zu berichten.
904 1428 1718 1512 klärt mündlich, daß er nie zustimmen könne;
1749 1430 2544 1486 Ich müßte denn über die Erfolge einer
904 1478 1714 1543 der zweite, ein außerhalb lebender Arzt,
1753 1478 2552 1556 Sorte von Stücken in der Art der „Wilden
908 1529 1708 1591 telegraphiert, daß ein Ehrenwort unwider¬
1747 1535 2550 1597 Sache" schreiben wollen, in der sich das
904 1574 1714 1634 ruflich sei. In einer ungemein packenden
1747 1578 2542 1636 liebe Publikum des Centraltheaters allabend¬
906 1634 1710 1691 Scene versucht der Assessor jedoch auf das
1743 1632 2542 1689 lich weidlich darüber amüsiert, wenn sich
910 1679 2544 1726 Ehrgefühl Gotters einzuwirken, ihn zum abwechselnd Fräulein Worm und Herr Tho¬
914 1724 1718 1784 freiwilligen Rücktritt zu bewegen; Gotter
1747 1728 2548 1784 mas auskleiden; daß in der Ausstattungs¬
914 1776 1720 1831 geht scheinbar darauf ein, entlockt Burkhardt
1753 1780 2544 1835 farce nicht nur der urkomische Thomas,
904 1825 1714 1882 den Revers, als den Beweis seiner Schuld,
1755 1827 2544 1891 sondern auch der Verstand schlafen geht, thut
904 1876 2546 1934 und trotzt nun erst recht auf. Es kommt ja nichts zur Sache. Übrigens zählt zu den
904 1913 1714 1987 zwischen ihm und Burkhardt zum Duell,
1749 1928 2544 1985 Spezialitätenkünstlern des Centraltheaters
902 1971 1667 2030 in dem letzterer schwer verwundet wird.
1743 1975 2542 2026 ein kleines Fräulein Caß, um die es schade
976 2022 1710 2078 Bis hierher ist das Schauspiel vor¬
1747 2022 2542 2082 ist. In dem zierlichen drolligen Persönchen,
898 2055 1710 2123 trefflich. Leider bringt der letzte Akt aber
1743 2071 2544 2129 das mit gleicher Virtuosität mimt, singt
904 2121 2538 2199 eine Enttäuschung — keine Lösung des und tanzt, steckt das Zeug zu einer wirk¬
908 2168 2067 2221 ganzen Problems, sondern einen richtigen lichen Soubrette.
904 2219 1710 2279 Theaterschluß. Derselbe Arzt, der Tags vor¬
1813 2201 2544 2281 Am meisten schmerzt es mich, nicht von
908 2265 1714 2326 her ein Ehrenwort als irrevokabel bezeichnete,
1745 2269 2544 2324 einem Erfolge im Schauspielhaus berichten
898 2318 2542 2376 erscheint am Krankenbett und zwingt Gotter zu können. Das Schauspielhaus besitzt
898 2361 1704 2429 durch die Drohung, das Geheimnis preis¬
1743 2369 2542 2421 nicht nur in Herrn Grube einen der aus¬
908 2406 1712 2470 zugeben, zum Abzug. Herr Hartleben hat
1743 2419 2542 2470 gezeichnetsten Regisseure Deutschlands, es
902 2466 1714 2524 dafür eine besondere umständliche Moti¬
1743 2464 2544 2517 verfügt auch gerade jetzt über eine Fülle
908 2513 2550 2567 vierung erfunden, weil er wohl selbst die von schauspielerischen Kräften ersten Ranges.
908 2554 1710 2618 Schwäche dieser Wendung empfand. Auch
1745 2563 2544 2622 Fast jede Aufführung eines klassischen Werks
898 2610 1708 2667 der Arzt hatte einst sein Wort verpfändet,
1745 2614 2544 2669 beweist das eine, wie das andere. Aber die
912 2657 1706 2715 seiner Braut gegenüber, ist aber durch Um¬
1747 2657 2546 2711 Novitäten, welche die Königliche Bühne
914 2702 1704 2768 stände gezwungen worden, sie zu bitten
1736 2708 2538 2770 brachte, sind wirklich keiner ernsten Würdi¬
904 2762 2542 2813 es ihm zurückzugeben. Jetzt spielt sie, des gung wert. Zu bedauern sind die armen
902 2807 1714 2879 Assessors Schwester und Burkhardts Gön¬
1743 2809 2544 2863 Künstler, die immer wieder gezwungen wer¬
904 2865 1706 2916 nerin, dies gegen den Arzt aus und ver¬
1743 2856 2542 2914 den, ihr reiches Können auf die unfrucht¬
898 2902 1710 2961 anlaßte ihn so zu seinem energischen Auf¬
1739 2906 2544 2963 barsten und undankbarsten Aufgaben zu ver¬
904 2953 2556 3009 treten gegen Gotter. Es liegt auf der wenden. Man zuckt die Achsel, man spricht
908 3002 1714 3064 Hand, daß der Autor damit nur eine rein
1745 3004 2544 3062 entschuldigend von „Rücksichten," welche die
904 3048 1714 3113 äußerliche Erledigung des Konflikts erzielte.
1745 3054 2538 3107 Leitung des Schauspielhauses zu nehmen
980 3103 1718 3154 Meines Erachtens sind es indessen weder
1747 3101 2546 3159 habe. Wohl möglich — leider! Ich sollte
902 3136 1714 3210 das behandelte Problem, noch die Fabel,
1745 3152 2544 3208 aber meinen, mit aller Rücksicht ließe sich
908 3191 1710 3255 die dem Schauspiel zu seinem schönen Er¬
1739 3200 2538 3261 die Einsicht verbinden, daß es immer noch
914 3247 2548 3313 folge verholfen haben. Auch würde ich es besser wäre, sich ganz auf das alte Repertoir
914 3290 2546 3368 für ungerecht halten, wenn ich diesen ledig zu beschränken, als eine Reihe von neuen
908 3350 1712 3413 lich der sich in dem Stück offenbarenden
1745 3348 2437 3415 Nichtsen auf die Bretter zu bringen.
970 3438 1889 3516 Velhagen à Klasings Monatshefte. XI. Jahrg. 189697. I. Bd.
