3344 4352
252 178 776 279 8. Freiwild
942 173 1346 271 box 14/5
906 646 1916 721 Reich ist und von seinen Schauspielerinnen for¬
906 713 1919 768 dert, daß sie Kontakt mit dem Publikum halten.
905 760 1919 807 Kontakt — so wie er ihn auffaßt und wie er ihn
915 812 1927 879 versteht. Die besten Gäste seines Theaters sind
912 864 1920 917 die Offiziere der Garnison. Und um diese bei
912 908 1920 972 guter Laune zu erhalten, ist er entzückt, wenn
906 954 1916 1016 seine Schauspielerinnen in Beziehungen zu ihnen
909 1009 1919 1059 treten Anna Riedel wird nicht nur durch den
915 1055 1919 1106 Direktor Schneider nachdrücklichst auf diese Not¬
912 1103 1922 1164 wendigkeiten aufmerksam gemacht, sondern
906 1155 1916 1209 sieht, daß die junge Soubrette Pepi durch ihr
918 1204 1922 1266 Liebesverhältnis mit Leutnant Vogel ein Enga¬
918 1254 1834 1314 gement am Stadttheater zu erhalten hofft.
912 1305 1766 1356 So ist sie aus allen ihren künstlerischen
915 1352 1709 1417 Träumen gerissen, will sich aber
906 1400 1713 1453 nicht in dieses Theaterleben einfügen
912 1453 1713 1504 und gerät somit zunächst in Konflikte
909 1497 1713 1555 mit ihrem Direktor. — Ihr Reisebe¬
912 1557 1645 1607 kannter, der Oberleutnant von
912 1595 1579 1658 Karinski, glaubt in ihr Freiwild
918 1645 1510 1730 gefunden zu haben und be¬
912 1698 1453 1761 handelt sie so, wie er
915 1747 1406 1815 dies bei den anderen
915 1793 1350 1865 Damen des Theaters
915 1850 1289 1914 gewohnt ist. Er
909 1895 1289 1971 ist emport, als er
