3484 4256
169 170 680 257 8. Freiwild
858 166 1263 260 box 14/4
2141 194 2498 279 Telephon 12801.
1773 282 2853 358 Alex. Weigls Unternehmen für Zeitungs-Ausschnitt
1961 355 2682 475 „OBSERVER
1771 472 2861 545 I. österr. behördl. konz. Bureau für Zeitungsberichte u. Personalnachrichten
1957 528 2689 622 Wien, I., Concordiaplatz 4.
2191 609 2452 670 Vertretungen
1775 646 2853 719 in Berlin, Budapest, Chicago, Genf, London, New-York,
1773 692 2860 764 Paris, Rom, Mailand, Stockholm, Christiania, St. Petersburg.
2048 738 2588 806 (Quellenangabe ohne Gewähr.)
1767 802 2819 937 Ausschnitt audiener Deutsches Tagblatt,
1767 913 1933 996 vom
1814 1059 2764 1186 Kunst und Wissenschaft.
1783 1127 2793 1240 Deutsches Volkstheater. Zum ersten Male:
1763 1197 2792 1274 „Freiwild“, Schauspiel in drei Aufzügen von
1764 1257 2792 1307 Artur Schnitzler. Man kennt dieses Antiduell¬
1771 1292 2792 1365 stück bereits in Wien. Unter Jauner wurde es im
1767 1340 2789 1405 Carltheater sieben- oder achtmal aufgeführt. Es konnte
1764 1391 2792 1447 damals mit seiner genrehaften Tragik neben einem
1763 1436 2785 1497 gröberen Nachwerk nicht bestehen. Es war Theodor
1764 1478 2784 1535 Herzls Schauspiel „Im Getto", das es schlug. Da er¬
1760 1512 2784 1576 lebten die Duellgegner vom Franz Josefkai das un¬
1760 1548 2784 1621 bezahlbare Vergnügen, daß ein Offizier von einem
1754 1609 2788 1669 Juden geohrfeigt wird. Seitdem hat sich eine Anti¬
1756 1651 2783 1708 duell-Liga gebildet, seitdem ist auch Schnitzlers Kurs
1756 1689 2783 1757 gestiegen, und so wurde die gestrige Wiederauf¬
1758 1735 2772 1795 führung von „Freiwild“ wie eine Sensation begrüßt.
1756 1778 2781 1841 Das ausverkaufte Haus begleitete jedes vorgebrachte
1748 1829 2777 1886 Argument gegen den Zweikampf mit Beifallskund¬
1742 1855 2772 1937 gebungen; es freute sich sichtlich, die dumme Schießerei
1741 1911 2772 1977 ad absurdum geführt zu sehen. Nur nix erschießen,
1746 1973 2758 2047 lieber vorschießen mit 12 Prozent. Auch das vernichte
1758 2044 2776 2100 Menschenleben. Zwar nur „zizerlweise“, aber dest
1758 2084 2764 2135 sicherer. Im übrigen ist „Freiwild unter den vielen
1756 2127 2757 2186 Antiduellstücken, die in den letzten Jahren aufgeführ
1758 2171 2757 2228 wurden, wirklich noch das beste, das vernünftigste un
1764 2210 2772 2271 das künstlerisch vornehme. Es sind nicht tiefe, aber
1764 2249 2766 2316 echte Töne des Lebens, die es durchklingen, und da¬
1764 2294 2773 2351 Problem ist so gestellt, daß eine objektive Beurteilung
1764 2345 2770 2406 sich nicht zu schamen braucht, sich damit zu befassen
1764 2381 2777 2440 Dazu gibt es einige lebendig geschaute Episoden aus
1761 2428 2784 2474 dem Schauspielerleben in Badeorten, die das Pro¬
1758 2471 2787 2519 blematische in dem geschickt konstruierten Stücke glück¬
1768 2515 2784 2565 lich paralysieren. Die Darstellung des Deutschen
1761 2561 2784 2617 Volkstheaters ließ diese Vorzüge im hellsten Lichte er¬
1761 2596 2781 2649 glänzen. Sie wurde sowohl dem schwankartigen Cha¬
1761 2641 2784 2694 rakter des Stückes gerecht, wie auch dem tragischen
1768 2690 2777 2742 Ernst, der in melancholischen Molltönen erklingt
1764 2732 2787 2778 Zwei prächtige Typen aus dem Offiziersstande Loten
1758 2773 2784 2829 die Herren Kramer und Jensen, der eine als
1761 2814 2777 2864 verzweifelter Losgeher, der andere als teilnahms¬
1756 2859 2784 2919 voller Vermittler. Herrn Höfer, der ebenfalls einen
1768 2901 2781 2955 jungen Offizier darzustellen hatte, merkte man es an,
1768 2950 2785 3002 daß er sich im älteren Fache wohler fühlt. Was aber
1761 2991 2781 3046 noch unangenehmer ausfiel, war, daß er aufreizend
1768 3034 2784 3093 jüdelte. Herr Kutschera spielte den Duellgegnet
1764 3078 2777 3128 in seiner bekannten geradlinigen Volksheldenmanier,
1761 3124 2784 3167 und Herr Raeder sprach, den begütigenden Badearzt
1761 3165 2777 3216 mit eindringlicher Beredsamkeit. Etwas zu schwank¬
1761 3206 2777 3252 haft geberdete sich Herr Richter Roland in der
1764 3250 2784 3301 Rolle eines blödelnden Duellgigerls. Durchwegs gut
1761 3293 2777 3340 wurden die Typen aus dem provinzlichen Schau¬
1768 3333 2784 3381 spielerstand gebracht. Hervorzuheben ist vor allem
1764 3370 2784 3426 Herr Tewele als Direktor, der nicht dazu da ist,
1761 3423 2781 3475 „seine Schauspielerinnen zu ernähren“, sondern mehr
1760 3471 2787 3518 auf ihren . . . „Anhang als auf ihre Fähigkeiten
1776 3506 2772 3555 sieht; dann Herr Czasta als melancholisch-eifer
1768 3551 2781 3594 süchtiger Komiker. Herr Amon leistete sich den von
1761 3589 2777 3642 den Intimen des Hauses viel belachten Privatspaß,
1764 3637 2777 3686 den Theaterkassier Kohn in der Maske und im Ge¬
1764 3672 2787 3739 haben des Tageskassiers vom Deutschen Volkstheater
1761 3722 2784 3771 zu spielen. Die holde Weiblichkeit war in Ernst und
1761 3764 2777 3811 Scherz bei den Damen Erl, Glöckner und
1764 3807 2787 3865 Jäger in guten Händen. Nach dem zweiten Akt
1764 3849 2784 3909 erschien auch Schnitzler mit den Darstellern auf der
1764 3892 2783 3949 Bühne, obwohl er einmal ine Kundgebung unter¬
1764 3939 2784 3994 schrieben hat, worin er sich verpflichtete, um keinen
1761 3982 2784 4042 Preis sich dem wetterwendischen Publikum zu zeigen.
1756 4028 2547 4084 Man soll eben nie etwas unterschreiben.
2852 864 2976 948 Wien
