3344 4352
944 165 1331 262 box 14/5
242 163 765 267 8. Freiwild
2090 766 2363 848 er
2468 774 2783 851 Amt nicht heiter.
1456 937 2293 1127 endespiele
1571 1219 2145 1361 Woche
600 1383 993 1451 Zur Aufführung am
1829 1386 3014 1459 der Arzt Dr. Wellner, Platz genommen. Karinski sucht Händel
609 1441 1050 1506 Sonntag, den 26. Mai
1835 1447 3017 1493 mit Rönning und fordert ihn durch eine Schmähung Annas
1835 1485 3008 1533 heraus. Paul züchtigt Karinski und dieser fordert ihn zum Zwei¬
750 1485 1610 1577 Artur Schnitzlers „Freiwild
1838 1525 3015 1573 kampf. — Dr. Wellner und der formelle Poldi Grehlinger sind
1832 1560 3024 1617 äußerst bestürzt, als ihnen Rönning erklärt, sich mit Karinski
895 1563 1518 1620 (Hiezu ein Aufsatz auf Seite 561)
1835 1607 3012 1654 nicht schlagen zu wollen. Grehlinger bricht darauf mit Paul.
683 1609 1786 1674 Die junge Schauspielerin Anna Riedel hat ein Anfänger¬
1835 1644 3015 1694 Dr. Wellner rät Paul zum Duell, wolle er sich nicht unmög¬
605 1660 1786 1711 engagement an einem kleinen Sommertheater in der Nähe
1829 1681 3008 1727 lich machen; Paul verharrt aber bei seiner Weigerung, da Ka¬
609 1696 1783 1745 Wiens angenommen. Auch sie zieht bald die Aufmerksamkeit
1832 1723 3014 1760 rinski nicht durch den Schlag, sondern dadurch, daß er ihn ver¬
609 1735 1780 1789 der Männer auf sich. Sie wehrt sich ehrlich gegen alle An¬
1829 1760 3017 1813 dient habe, gerichtet sei. In großer Angst kommt Anna Riedel.
606 1775 970 1831 fechtungen und da¬
1829 1797 3011 1856 um das Duell zu verhindern. Dr. Wellner verabschiedet sich
609 1809 971 1855 rin bestärkte das
1829 1837 3011 1886 ziemlich unvermittelt. Daß Dr. Wellner diese Besorgnis für
606 1850 970 1902 Vertrauen zu Paul
1829 1874 3014 1924 nicht echt hält, empört sie. Paul will Anna dem Schicksal nicht
606 1892 968 1944 Rönning, einem Be¬
1838 1923 3011 1972 preisgeben und bittet sie, seine Frau zu werden. Erschrocken
600 1924 973 1987 kannten aus Wien,
1829 1958 3017 2004 lehnt sie ab: sie liebe ihn nicht. In Wirklichkeit ist sie zu stolz,
609 1970 971 2019 den sie in dem
1826 1997 3008 2046 da er reich ist und sie arm. Paul läßt sich dadurch nicht beirren
600 2001 962 2059 kleinen Kurort wie¬
1829 2038 3009 2081 und so finden sie sich, eben als Dr. Wellner wieder zurück¬
603 2047 965 2101 der trifft und den
1832 2070 3005 2118 kommt. Er hat Oberleutnant Rohnstedt mitgebracht, der — in¬
603 2084 967 2142 sie unbewußt liebt.
1829 2116 3011 2161 offiziell — Paul bitten kommt, das Duell mit Karinski, der sonst
600 2126 964 2175 Dem Direktor ist
1828 2151 3008 2196 die längste Zeit Offizier gewesen wäre, dennoch anzunehmen.
603 2161 970 2221 an einem guten Ein¬
1829 2193 3011 2237 Paul bleibt aber fest, Rohnstedt kann nur mehr vor schwersten
600 2204 970 2258 vernehmen seiner
1832 2230 3017 2280 Folgen warnen. — Heute braucht der Schauspieler Enderle
603 2240 967 2299 Mitglieder mit den
1823 2273 3008 2316 auf die Soubrette Pepi Fischer nicht eifersüchtig zu sein, die
606 2283 961 2336 Offizieren, die täg¬
1832 2313 3009 2350 Offiziere haben andere Sorgen. Zu Rohnstedt und Leutnant
606 2322 971 2372 lich ins Theater
1835 2344 3012 2396 Vogel tritt Karinski, um von ihnen Abschied zu nehmen. Er will
606 2357 964 2412 kommen, aus Ge¬
1832 2387 3017 2431 sich selbst Genugtuung verschaffen. Vergeblich spricht ihm
600 2396 962 2445 schäftsgründen sehr
1835 2424 3012 2479 Rohnstedt zu, sich ins Unvermeidliche zu ergeben; aber Karinski
603 2436 958 2494 gelegen. Der leicht¬
1823 2461 3009 2508 kann den tödlichen Schimpf nicht überleben. Bei den Schau¬
594 2477 961 2528 sinnige und ver¬
1829 2505 3011 2563 spieler macht die Skandalaffäre in entstellter Form die Runde.
600 2516 958 2568 schuldete Oberleut¬
1826 2544 3005 2587 Der Direktor will jetzt Anna Riedel um jeden Preis halten. Na¬
593 2553 961 2609 nant Karinski hat
1829 2584 3001 2631 türlich ohne jeden Erfolg. Anna drängt Paul zur Abreise und
596 2588 959 2643 es auf die zurück¬
1823 2623 3008 2661 sein Zögern erfüllt sie mit furchtbarer Angst. Weil ihn die Ab¬
594 2627 964 2688 haltende Anna Rie¬
1826 2660 3011 2710 reise jetzt, wo er vor Karinski gewarnt ist, wirkliche Feigheit
597 2671 962 2720 del abgesehen, und
1826 2698 3001 2747 dünkt, will er dem Gegner nicht ausweichen. Umsonst beschwö¬
596 2713 961 2763 da er den Grund
1826 2744 2999 2792 ren ihn Braut und Freund, Zu spät: Karinski kommt durch die
596 2749 955 2806 ihres Widerstandes.
1823 2778 3005 2832 Allee und fordert von Paul Rönning zum letztenmal seine Genug-
594 2790 958 2849 den jungen Paul
1826 2815 2838 2880 tuung. Sie wird ihm verweigert. Karinski erschießt ihn.
789 2835 873 2873 —
599 2829 752 2878 Rönning
1202 2860 1520 2918 Giacomo Puccini,
597 2854 959 2926 unglückseligerweise
1825 2869 2428 2949 Zur Staatsopernübertragung am
589 2875 1748 2961 reich ist — fühlt, dessen Op. „Die Bohème“ a. 28. Mai übertragen wird
1182 2938 1539 2996 (Aufnahme: Willinger)
1823 2931 2249 3002 Dienstag, den 28. Mai
594 2947 961 2999 wendet sich sein
589 2980 955 3042 Haß gegen diesen.
1829 2992 2986 3064 Giacomo Puccinis Oper „Die Bohème
592 3007 1772 3070 Zu alledem ist Oberleutnant Rohnstedt eingetroffen, der
597 3061 1767 3107 Karinski in seinem Urlaubsort aufsucht, um ihm als Kamerad
2081 3067 2754 3140 (Text von G. Giacosa und L. Illica)
589 3106 1773 3156 ins Gewissen zu reden. Seine Gläubiger haben eine Anzeige
594 3143 1772 3196 ans Regimentskommando erstattet; es könnte Karinski den
1896 3121 3001 3195 Erstes Bild. In ihrer kalten Mansarde versuchen der
589 3180 1773 3226 bunten Rock kosten. Darauf war er nicht gefaßt; um so
1823 3174 3001 3248 Dichter Rudolf und der Maler Marcel am Weihnachtsabend mit
587 3224 1766 3273 mehr will er bei der Künstlerin seinen Willen durchsetzen,
1822 3227 2995 3282 allen möglichen Mitteln, der furchtbaren Kälte Einhalt zu tun.
583 3263 1767 3309 daß sie gleich ihren Kolleginnen zum Souper komme. Ein
1822 3266 2998 3315 Rudolf verbrennt sein Drama. Da bringt ihr Freund, der Mu¬
589 3302 1769 3343 höflicher Brief versagt; er geht selbst hin und findet eine ver¬
1821 3307 2998 3350 siker Schaunard, Brennholz und Wein. Zu der nun lustigen
586 3340 1760 3385 schlossene Tür. Wütend kommt er in den Kurpark ins Café zu¬
1818 3349 2992 3398 Gesellschaft kommt der Hausherr Bernard, um die schon lange
586 3379 1766 3432 rück. Am Nebentisch haben Paul Rönning und dessen Freund,
1823 3385 2995 3432 fällige Miete zu holen. Die Bohemiens machen ihn betrunken.
