3436 4448
0 195 179 295 wild
341 199 745 291 box 14/3
36 560 2262 735 zu Nr. 587 der „Breslauer Morgen=Zeitung".
262 692 1245 791 Dienstag, den 15. December 1896.
348 897 2437 1000 Gardinen, Portièren, Teppiche, Tischdecken.
344 960 2599 1040 Gardinen, direct aus der Fabrik, unerreichte Auswahl, in neuesten Dessins, abgepaßte Fenster in weiß und crème zu
185 1020 2599 1076 1.75, 2.00, 3.00, sehr lang zu 3.50, 4.00, 5.00 bis 12.00 Mark. Meterweise von 30 Pf. an. Teppiche, Stück 4.50, 5.00, in
182 1060 2599 1116 Peluche 7.00, 9.00 bis 40 Mark. Portièren, vom Stück Meter 35, 40 bis 75 Pf., abgepaßte von 3.50 das Paar an. Tischdecken,
185 1099 2599 1149 in gemustert, in glatt mit Bordüren von 2.50 an. Läuferstoffe, Meter von 35 Pf. bis 1.00 Mark. Sämmtliches in nur frischer Waare,
185 1136 1811 1185 Preise sind aufs niedrigste auf jedem Gegenstande in Zahlen deutlich angegeben.
2500 1149 2603 1215 2662
301 1205 434 1278 M.
460 1182 2487 1295 Centawer, Breslau, Schmiedebrücke 7 u. 8.
129 1364 2659 1421 besagte Dame nicht zu dem in solchem Falle besonders beliebten Stande vorschrift ist also das Civilgewand für einen Lumpen, wenn er die ver¬
129 1394 2652 1460 der reizenden Wittwen“. Sie ist vielmehr noch Fräulein, dafür aber dienten Ohrfeigen kriegt, de rigueur, während zum Niederschießen eine
129 1447 2659 1493 Malerin, was für Einakter=Zwecke auch nicht ganz von der Hand zu Wehrlosen hinwiederum die Uniform gehört. Die Logik der wohl volizeilichen
123 1480 1377 1530 weisen ist. „Er“ — Georg — ist Schriftsteller und gerade im Begriffe
1401 1483 2656 1536 Verordnung ist nicht ganz klar, aber sie muß doch die Folge sehr reif¬
129 1526 2652 1586 zum ersten Mal aufgeführt zu werden. Der Act Linsemann's besteht lichen Nachdenkens sein, da am Sonntag verboten wurde, was am Sonn¬
129 1563 1738 1626 nun hauptsächlich in der humoristischen Schilderung aller Fähr= und abend erlaubt war.
129 1596 1384 1646 Schrecknisse, die solch' ein Autor zu bestehen hat, ehe er sein
129 1629 1384 1679 „Opus 1“ auf die Bühne bringt. Und der Wit dabei ist, daß während
1470 1613 2659 1695 Thalia-Theater. Sonntag, 13. December. „Zwei glückliche
129 1679 2543 1735 dieser Erzählung, in deren Zwischenpausen Herr Georg dem Cognac seiner Tage." Schwank in 4 Aufzügen von Schönthan und Kadelburg.
132 1709 1377 1755 Freundin etwas lebhaft zuspricht, die Première vom Stapel geht und
1464 1719 2659 1772 So lange noch die städtische Miethsmisere mit ihrem ständigen
129 1755 2652 1808 genau so unglücklich verläuft, wie es dem Verfasser in seinen entsetzlichsten Wechsel die Menschen unstet und flüchtig durcheinander wirbeln wird, so
129 1791 2659 1848 Träumen schwante. Amor aber macht gut, was die spröde Thalia an lange wird es auch Menschen geben, die sich nach größerer Seßhaftigkeit,
23 1815 106 1861 nicht
129 1824 2652 1887 Herrn Georg gefrevelt. An Stelle des Bühnenerfolges bescheert ihm der nach einem Fleckchen Erde „klein, aber mein mit einem Häuschen und
20 1858 1116 1907 gstens Racker mit dem Pfeil eine Braut, natürlich die Malerin.
1394 1874 2656 1924 einem Gärtchen und mit einer Aussicht sehnen werden, und solange
17 1891 103 1940 sehe
189 1868 2656 1967 Neuartig ist der Scherz weder in Anlage noch Ausführung und auch werden auch in der Nähe der größeren Städte sich reizende Villen¬
7 1937 2652 1997 gebäude der Humor bleibt ein wenig zu ängstlich an der Oberfläche. Aber der Kolonien mit Thürmchen und Erkern und Säulenhallen ansiedeln. Und
7 1974 2649 2036 n mit rasch verlaufende Einakter ersetzt das, was ihm an Geist gebricht, durch so lange es auf der Welt noch schreckhafte Tanten aus „Könnichsbarch
7 2007 2652 2070 findet, flotte Mache und gesunde Laune. Dieses „Opus I“, das vielleicht ein und sonstige lästige Besucher geben wird, während gerade ob der
3 2056 2652 2116 nun? wirkliches Erlebniß seines Autors ausschmückt, der, Kritiker am Berliner Sonntagsruhe nichts zu bekommen ist, und so lange die neidischen Gäste
17 2083 2652 2152 Maria „Fremdenblatt", erst kürzlich begonnen hat, die Bretter versuchen, fand sich der Verlegenheit der glücklichen Besitzer freuen, denen sie nebenbei
129 2136 2652 2192 hier um so mehr eine freundliche Aufnahme, als Herr Botz den munteren noch den Garten zertrampeln und Nachtlogis abnöthigen, so lange
129 2162 1096 2212 Herrn Georg“ mit vieler Liebenswürdigkeit verkörperte
1397 2175 2652 2228 wird es auch Menschen geben, die allem diesem Trubel, der Mückenplage
185 2189 2656 2262 Auf Linsemann's „Opus 1“ folgte das „Opus II. Arthur Schnitzlers, und dem Klimbim der Kneipen in der Nähe wieder dadurch zu entgehen
129 2235 2659 2301 des Dichters der „Liebelei", und dieses benennt sich „Freiwild". Das suchen, daß sie sich in die Oeffentlichkeit der Großstadt zurückflüchten.
129 2281 2649 2338 „Freiwild“, das jeder „strecken kann, der sich die für den Cavalier der Das sind dann zwei glückliche Tage in diesem trauervollen Erdendasein
129 2321 2649 2374 Gegenwart nöthige Dosis von Herrenmoral angeeignet hat, das ist der in dem vom bewölkten politischen Horizont das größtmöglichste Unhei¬
129 2361 2656 2414 „Civilist“ der nach seiner persönlichen Vernunft und nicht nach einem droht, und zwei glückliche Tage sind doch wenigstens besser als gar keine,
123 2397 2656 2457 von Anderen festgelegten Ehrenkoder leben, oder das Mädchen vom Weswegen zu erwarten steht, daß die Menschheit sich durch das traurige
129 2427 1219 2483 Theater, das anständig bleiben und nur der Kunst dienen will.
1394 2437 2649 2490 Schicksal des braven Friedrich Weinholz nicht wird abschrecken lassen, und
192 2447 2649 2536 Schnitzler geht mit einer außerordentlichen, theatralischen Kraft, die daß die Baumeister weiter am Erbauen von ländlichen Tusculanen bomben¬
113 2480 1371 2556 in ihm seit der „Liebele" in ungeahnter Weise gewachsen ist, beiden of
1394 2517 2003 2573 mäßig viel Geld verdienen werden.
123 2546 1371 2593 aber auf dem Theater meist schüchtern behandelten socialen Fragen energis.
1464 2530 2652 2603 Und so lange ferner der politische Horizont noch immer von düsteren
126 2566 2656 2642 zu Leibe und beleuchtet sie mit einer wunderbaren, rückhaltslosen Kühn= Wolken vollhängen wird, was ja wohl noch sehr lange der Fall sein wird,
123 2619 2646 2675 heit. In dieser Hinsicht gemahnt „Freiwild" mehr als einmal an so lange wird das Publikum neben den Stücken, in denen die Ideen und
17 2652 2649 2715 artige Sudermanns „Ehre", besonders in der durchdringenden Schärfe, mit der Fragen des Tages in mehr oder minder grundlegender Weise behandelt
10 2702 2649 2772 diese Schnitzler den Wahn gebilden eines bis zur Verrücktheit unvernünftigen werden, auch Stücke verlangen, in denen es mit den höchsten Problemen
3 2722 2649 2788 straße Sittengesetzes entgegentritt und dafür mit klaren, hellen Worten das der Menschheit verschont wird, in denen einfach gelacht wird, in denen
3 2765 93 2824 Auto
126 2775 2649 2831 ewige, immer währende Recht der Vernunft etablirt. Der dramatischen gutmüthige Onkels mit schnurrigen Tanten in Conflicte kommen, die
0 2811 2652 2868 g. Er Wirkung nach und in seiner Bedeutung für die Lösung jener wichtigen dann durch einen jungen Mann aus der sonnigen „Wennerstadt" in einer
0 2841 99 2887 hen in
129 2854 2646 2907 Probleme, in denen Zukunft und Vergangenheit, Menschenthum und biederen Rede beigelegt werden, und die sonstigen harmlosen Ver¬
0 2887 2649 2944 ierzehn Tradition mit einander den wild wogenden Kampf der Gegenwart wickelungen, die nach bewährten Mustern den sogenannten Knoten schürzen
0 2921 2649 3000 schaft“, fechten, ist „Freiwild entschieden ein Fortschritt gegen „Liebelei", helfen, werden ebenso im geeigneten Momente ohne Alexanders Schwert
3 2964 2649 3020 geführt als Dichtung aber halte ich das ältere Werk für stärker, denn gelöst werden, um den angenehmeren Verbindungen zu weichen, die
7 3007 2646 3063 war, es lebt nicht von den Abfällen des Tagesstreites, sondern schöpft zwischen dem Sohn vom „Römischen Kaiser und dreifachen Hausbesitzer
0 3036 2652 3106 estätigt seine Kraft aus dem ewig fruchtbaren Grunde der menschlichen einerseits und dem lieblichen Villenbesitzerstöchterlein andererseits Natur
0 3076 1364 3126 ndlung Liebe, während „Freiwild“, wenn einmal die Mauern gefallen sind
1391 3079 1788 3139 und Sitte vorschreiben.
0 3113 1374 3159 agegen gegen die es anrennt, nichts mehr sein kann, als ein Theaterstück von
1460 3099 2649 3175 Gespielt wurde das lustige Ding lustig und flott. Herr Kunat
7 3159 2646 3209 , eine gestern. Aber noch ragt die Zwingburg, die Kastengeist und Ritterdünkel machte den tragikomischen Villenbesitzer, und Herr Will den reiselustigen
0 3185 2642 3245 Sardou errichtet haben, trotzig in die Lüfte. Noch ist der Lump, der rauflustig guten Onkel, Herr Strial war der harmlose Wiener Junge auf der
0 3225 2652 3285 leute, auf's Terrain tritt, in den Augen der „Cavaliere besser, als der Ehren=Studienreise, und Herr Barna, der wüthige Ostpreuße, der seinen Hut
0 3265 2652 3315 manche mann, der seinem Gewissen mehr vertraut, als dem zweifelhaften Aus= wiederhaben wollte, Fräulein Frey legte in die Tante den ganzen länd¬
0 3301 2652 3361 lichkeit, gange des modernen Gottesgerichtes. Und da wohl noch eine geraume lichen Humor des östlichen Zipfels der Monarchie und Fräulein Wendt
0 3334 89 3381 Dor¬
119 3331 2649 3397 Zeit vergehen dürfte, ehe die Vernunft den Wahn besiegt haben wird, so stellte den fidelen Berliner Backfisch vor, von dem schon die Alten sagten.
3 3374 2642 3454 rioden sei uns das neue Schauspiel Schnitzler's herzlich willkommen als muthiger, In diesem lustigen Ensemble thaten denn auch die übrigen Mitspielenden
3 3411 573 3477 ahrheit starker Helfer im Streite.
1381 3417 2646 3470 brav ihre Pflicht, und es erscheint uns als kein geringes Lob, wenn man
3 3450 93 3497 Schuld
182 3454 2646 3513 Ja, „Freiwild“ ist ein Tendenz-Drama, aber ein gutes Drama mit einer Vorstellung nachsagen muß, daß kein einziger besonders ausfiel,
3 3493 2570 3546 seltener guten Tendenz, im übrigen keineswegs ohne dichterische Qualitäten sondern alle an ihrem Platze bemüht waren, das Ganze zu unter¬
7 3526 2652 3599 berhaupt, wenn in diesem Stücke die Tendenz die Kunst bisweilen über¬ Am beste aber, das muß zum Schlusse natirt werden spielte die
13 3570 2649 3623 das wuchert, so liegt das weniger am Wollen oder Können des Autors, als Hauptperson im Theater, und das ist bekanntlich das Publikum. Seine
10 3593 1209 3646 Zug vielmehr an dem Stoffe, den er sich nun einmal erwählt hatte.
1381 3609 2652 3656 Lachsalen unterbrachen mehrfach die Vorstellung so kräftig, daß im
175 3642 2642 3692 An diesem Stoffwahl kann man so recht die Wahrheit des Wortes Spiel eine kleine Pause eintreten mußte, und nach den Abschlüssen folgte
7 3675 2639 3732 Fragen erkennen, daß Dichter oft Propheten sind. Jeder, dem die Thatsache nicht ein brausender Beifall, der auf der Bühne ebenso freudig berühren mußte,
10 3715 2374 3778 sagen vertraut ist, daß „Freiwild“ längst vor dem berüchtigten Brüsewitz= wie seine Ursachen dem Publikum Freude gemacht hatten.
7 3748 1361 3798 in Ereignisse six und fertig war, mußte denken, daß Schnitzler au
7 3785 1364 3838 espitzt, diesem charakteristischen Vorkommnisse für sein neuestes Werk inspiri¬
1450 3772 2639 3851 Concordia=Theater. Sonntag, den 13. December 1896. Höhere
7 3824 2629 3891 ch ein war. Wer freilich die „Liebelei" und Schnitzlers persönliche Vornehmheit Töchter, Posse mit Gesang in vier Akten von W. Mannstädt und R
106 3868 2636 3930 kennt, weiß ton außer Stande zu solchem Thun. Die „Actualität" des Schott, Musik von G. Steffens. Der Besuch war in anbetracht des
103 3914 2639 3967 Schnitzler'schen Dramas, die seiner Bühnenwirksamkeit noch weiter zu Hilfe nahen Weihnachtsfestes ein mäßiger, desgleichen der Beifall, der dem
7 3940 2642 4000 se im kommt, verdankt lediglich dem Zufalle ihr Entstehen, der es wollte, daß tollen Stück gespendet wurde, obgleich die Aufführung im Allgemeinen be¬
0 3980 2639 4060 genden wenige Wochen, nachdem ein Dichter ein Brüsewitz=Stück erdacht hatte, friedigend verlief. Von den männlichen Darstellern zeichneten sich Herr Förster
0 4013 815 4056 ter ein Brüsewitz sein Bubenstück vollführte.
1384 4033 2642 4076 (Dr. Schumann), Herr Winkelmann (Flunder), Herr Bauer (Fridolin).
0 4053 96 4096 altung
175 4026 2636 4126 Die rabtaten Gegner, die Schnitzlers „Freiwild" aus politischen sowie Herr Sand (der Gelegenheitsdichter), der gleichzeitig die Regie
3 4089 2636 4156 digen Gründen sicherlich finden wird, sollten übrigens die Unparteilichkeit des hatte, vortheilhaft aus. Von den Damen gefiel Frl. Else Härting als
13 4142 2642 4219 und Autors anerkennen. Dem Lumpen im Offiziersgewande, dem Spieler höhere Tochter Lilli durch die Anmuth ihrer Erscheinung und die naive
2944 40 3407 192 .
2954 152 3248 222 ielern, das liegt
2967 189 3295 262 auch nicht an der
3318 185 3407 248 in il
3311 245 3407 291 aber
2950 255 3404 321 stens schon wieder zu
2950 315 3295 364 uterten Sinne ein
2947 351 3298 397 jederer's dreitig¬
2947 387 3291 444 kommen war dies
2957 414 3407 483 an der Kantstraße Sit¬
2950 460 3404 520 Münchener Autorwig
2950 500 3397 546 rakterzeichnung. Er Wir
2944 536 3291 593 vielen Schwächen in
2940 576 3295 626 Pereits vor vierzehn
2950 609 3278 666 stischen Gesellschaft
3315 619 3401 662 fechte
2974 649 3291 705 Kräften aufgeführ
2947 689 3407 745 nière beschieden war, es
2954 725 3291 772 nicht ganz bestätig
2964 765 3291 815 ihnen an Handlung
2970 798 3404 861 reiche Act dagegen gegen
2940 841 3407 897 nt, ein neue, eine gester
2944 874 3397 944 5, für das Sardou errich
2950 914 3394 967 guten Landleute auf
2950 950 3295 1007 sagen, wie manche
2944 987 3397 1046 und Unerbittlichkeit, gang
2940 1026 3219 1079 n verlogenen
3305 1033 3391 1083 Zeit
2944 1063 3288 1113 wundener Perioden
2940 1103 3195 1162 Daß diese We
2944 1142 3281 1199 ger Landleute Schult
2947 1179 3166 1235 vortrefflich.
3030 1219 3189 1262 la
2960 1252 3146 1308 Götzenspe¬
2980 1291 3192 1341 nicht eine
2940 1321 3129 1381 wischenfall
2947 1364 3162 1417 bewegenden
2944 1397 3185 1467 sitten Art zu
2950 1434 3205 1497 haben, ich
2937 1477 3192 1533 che etwa zug
2940 1513 3142 1563 orbrachte,
2964 1556 3116 1609 nöthig
3301 1523 3387 1603 en
2950 1579 3189 1659 des Westen
2937 1629 3175 1689 Freitage. Di
2930 1666 3162 1715 re hervor¬
2940 1705 3142 1755 dolf=Ernst¬
2940 1745 3146 1798 tester Uni¬
2934 1781 3136 1831 er einer
2934 1821 3136 1874 Thalia=The¬
2937 1861 3119 1914 Diese Unte
2947 1894 3126 1950 schem Ge=
2937 1937 3119 1983 es für die
3298 1944 3387 1983 zur
2934 1974 3146 2036 ben ist dur
2934 2010 3139 2066 Schwank
2947 2053 3096 2093 der und
2937 2086 3119 2139 würdig
3301 2083 3387 2149 Wid¬
2937 2126 3126 2172 te eines
2937 2159 3166 2212 stücks hat K
2934 2202 3146 2255 „Kleinen
2940 2238 3096 2301 ging,
2930 2278 3023 2324 ich
2934 2311 3113 2361 nehm erhei=
2934 2351 3116 2407 herfolges
2927 2391 3139 2450 rühmen
2927 2427 3089 2487 pfungen
2937 2470 3099 2517 chtig der
2934 2507 3119 2556 satire auf
2970 2550 3142 2596 die in
2970 2579 3136 2636 sich gelten
2927 2616 3056 2669 hat an
2927 2659 3046 2709 ever
2934 2692 3086 2742 seine li¬
2927 2735 3096 2788 eigen ist
2934 2775 3046 2821 m die
2930 2775 3017 2897 .
2927 2927 3073 2977 bumme
2930 2967 3063 3010 en des
2921 2997 3023 3050 Mild
2924 3040 3020 3086 alls
2924 3079 3007 3123 inen
2927 3119 3023 3209 den,
2924 3195 3020 3278 ra
2927 3371 3066 3430 Theater
2924 3421 3023 3480 t
3056 3523 3172 3599 Pla¬
2930 3603 3046 3666 den Ab¬
2924 3656 3063 3705 Opus I
2914 3692 3182 3748 lich eine Pla¬
2921 3728 3182 3781 Sie ereignet si¬
2930 3768 3185 3824 zu sein pfle¬
2917 3801 3136 3877 e. Diesma
