3392 4224
275 143 412 223 Fre
134 148 410 264 8.
562 151 644 223 10
563 203 646 261 ne
831 149 1245 242 box 14/3
2581 692 2676 764 684
993 684 2374 769 30. April. DEUTSCHE LITTERATURZEITUNG 1898. Nr. 17.
716 706 811 776 683
713 800 1673 871 Seither hat er mehrere Schauspiele geschrieben:
1889 792 2508 888 Notizen und Mittheilungen.
716 847 1669 914 „Das Märchen“ (1894), „Liebelei“ (1895), „Frei¬
1714 878 2669 939 Subhadra Bhikschus Buddhistischer Katechis¬
718 903 1669 962 wild“ (1896), das uns jetzt auch gedruckt vor¬
1752 926 2672 979 mus vor dem Forum der Vernunft und Moral von
718 950 1678 1010 liegt. Aus diesen Stücken, von denen allein die
1760 960 2666 1029 einem anderen Bhikschu. Rheinbach b. Bonn, Litte¬
718 993 1666 1055 „Liebelei“ sich im deutschen Bühnenrepertoire
1760 1005 2542 1072 rarisches Bureau, 1897. 43 S. 8. M. 0,50.
718 1043 1669 1101 festsetzen konnte, erkennt man, dass S. die
1776 1039 2672 1116 Fin anspruchsloses Buch, das sich die Aufgabe stellt,
716 1091 1676 1146 Keime und Ideen des „Anatole fortzubilden, zu
1714 1096 2676 1154 ein Beitrag zum näheren Verständniss des buddhisti¬
1719 1139 2678 1194 schen Katechismus des Subhadra zu sein. Es enthält
713 1140 1669 1206 klären und zu vertiefen bestrebt war. Am glück¬
1716 1176 2672 1228 einen Abiss von Buddhas Leben und Lehre, sowie Be¬
721 1190 1675 1249 lichsten in der „Liebelei“, für die man einen
1721 1218 2676 1269 merkungen über dieselbe vom ethischen Standpunkte aus.
718 1237 1666 1290 Satz aus „Anatole als Motto benützen könnte
1721 1257 2672 1309 Die Quellen, aus denen geschöpft wurde, sind durchaus
718 1285 1678 1348 „Diese Mädchen und Frauen ich zermalmte
1716 1298 2672 1345 sekundär und die Bearbeitung keine wissenschaftliche.
1721 1336 2681 1384 Immerhin wird das Büchelchen in den Kreisen, an die
716 1333 1678 1395 sie unter meinen Tritten, mit denen ich über die
1724 1376 2679 1420 es sich wendet, mit Interesse gelesen werden. Für den¬
716 1383 1678 1441 Erde wandelte.“ So durch und durch modern S.
1731 1410 2676 1470 jenigen, der sich ernsthaft mit Buddhismus beschäftigen
721 1429 1673 1493 in Form und Inhalt seiner Poesie ist, so unver¬
2533 1453 2643 1505 S. K.
1721 1455 2260 1527 will, ist es völlig ungenügend.
718 1482 1681 1541 kennbar ist seine Verwandtschaft mit Paul Heyse
723 1527 1668 1597 in der liebevollen Zeichnung ursprünglich und naiv
1731 1518 2683 1602 Oscar Detmer, Die Pflege des inneren Lebens.
1764 1580 2681 1630 Hamburg, Jürgensen & Becker, (1897). XXXII u.
725 1585 1685 1649 adeliger Frauen und Mädchen, die hoch über den
1757 1626 1944 1680 553 S. 8.
725 1630 1673 1690 schwachen Männern stehen. Solch eine naiv vor¬
1784 1657 2681 1730 In vorliegendem Bande lässt der Pastor zu St. Georg
721 1673 1669 1736 nehme Natur ist die Christine in der Liebelei
1728 1726 2681 1767 in Hamburg, nachdem er schon 1894 eine Reihe von reli¬
725 1728 1676 1790 und die Schauspielerin Anna Riedel, die unschul¬
1733 1766 2678 1812 giösen Gedichten“ unter dem Titel „von Innen heraus ver¬
728 1779 1681 1838 dige Ursache der unerquicklichen Duellgeschichte
1721 1795 2681 1851 öffentlicht hatte, eine neue Sammlung von solchen Lie¬
721 1831 1678 1893 im „Freiwilde, ist es gleichfalls. Die arme Schau¬
1728 1836 2684 1896 dern erscheinen, die aber mit kurzen Betrachtungen, die
1728 1877 2688 1929 sie unterbrechen, ein zusammenhängendes Ganze bilden.
733 1877 1685 1941 spielerin ist das Freiwild in der heutigen Gesell¬
1733 1915 2681 1979 Selbstverständlich sind die Dichtungen von verschiede¬
725 1924 1678 1991 schaft, dessen sich der leichtsinnige Schulden¬
1822 1953 2684 2027 Werth. Es finden sich darunter aber gar nicht
725 1979 1681 2027 macher Oberleutnant Karinski bemächtigen zu
1934 1991 2679 2056 welchen die schlichte, einfache, stille Reli¬
1724 1994 1846 2054 weg.
730 2028 1683 2088 dürfen glaubt. Vom Mädchen abgewiesen, wird
1733 2037 2693 2092 giosität, deren Stempel jede Seite unseres Buches trägt,
1728 2071 2688 2130 eine genau entsprechende und darum auch warm an¬
725 2075 1681 2140 er vom reichen jungen Privatmann Paul Rönning,
1724 2109 2696 2164 sprechende Form gefunden hat, die selbst künstlerische
730 2123 1681 2181 der Anna liebt, mit einer Ohrfeige gezüchtigt.
1728 2150 2688 2202 Beurtheilung verträgt. „Ohne viel Bibelworte und Kir¬
740 2176 1680 2236 Nach dem ersten Akt, der eine schöne Einheit
1733 2190 2688 2245 chenlehren, aber aus der Fülle eines religiösen Geistes
730 2222 1690 2284 für sich bildet, indem er das „Freiwild thema
1730 2228 2691 2284 heraus, der ein christlicher ist, wendet sich dieses Buch
1740 2267 2684 2327 von der Pflege des inneren Lebens an die Herzen sol¬
730 2267 1681 2332 auseinandersetzt, nimmt das Stück die Wendung
1736 2320 2693 2362 cher Menschen, welche nach Wahrheit suchen und in
737 2322 1683 2382 eines gegen das Duell gerichteten Tendenzdramas;
1740 2350 2684 2401 ihrer Erkenntniss derselben nicht gebunden und nicht
740 2367 1685 2427 Rönning verweigert dem Offizier die geforderte
1735 2389 2700 2435 fertig sind.“ Solche giebt es in unserer Zeit glücklicher
730 2415 1690 2485 ritterliche Satisfaktion. Leider ist S. hier zu
1735 2425 2688 2485 Weise in nicht geringer Anzahl, und so dürfte diese
1743 2466 2695 2530 pastorale Gabe, wo sie in die rechten Hände gelangt,
737 2461 1699 2526 trocken, zu doktrinär in seiner grundsätzlichen
1731 2514 2289 2571 aufrichtigen Dankes sicher sein.
740 2514 1693 2571 künstlerischen Objektivität geblieben, indess seine
2408 2528 2664 2607 Holtzmann.
1772 2550 2054 2621 Strassburg i. E.
740 2564 1688 2623 Tendenz Rhetorik und theatralische Wirkungen
740 2619 1692 2683 geradezu forderte. S. übersah, dass die ganze
1793 2604 2695 2681 Unter dem Titel: Der arme Wilhelm. Eine
737 2667 1680 2731 Duellfrage in Wirklichkeit doch auch nur subjek-
1733 2684 2698 2726 Erzählung für das Volk bietet Fräulein J. Severin den
1740 2712 2693 2770 deutschen Lesern Frau von Pressensés Erzählung
740 2717 1678 2769 tiv, durch das individuelle oder nationale l'em¬
1743 2753 2691 2810 „Jacques et Jacqueline". (Berlin, Vaterländ. Verlags¬
745 2760 1699 2829 perament erledigt werden kann. Die nüchternen
1733 2791 2696 2846 anstalt, (1897. 278 S. 80. M. 2.) Die Geschichte
737 2812 1683 2882 Engländer haben das Duell thatsächlich abge¬
1733 2834 2702 2880 enthüllt uns das Seelenleben eines armen Waisenknaben.
737 2851 1693 2920 schafft; bei den heissblütigen Magyaren steht es
1748 2870 2703 2921 Von der Tante, die ihn aufgenommen, wird er mit Härte
1745 2915 2698 2959 und Kälte behandelt, und so verhärtet sich auch sein
737 2906 1685 2976 noch immer in Blüthe, Theoretisch und objek-
1740 2947 2688 3004 Herz, und er ist auf dem besten Wege, ein rechter Tauge¬
745 2961 1685 3018 tiv ist dem Duell nicht beizukommen; die Gründe
1740 3000 2695 3047 nicht zu werden. Da lernt ihn der Lehrer des Dorfes
745 3007 1690 3071 für und gegen halten sich die Waage; der Wille
1743 3025 2700 3079 kenne etzt es durch, dass er die Schule besucht, und
742 3055 1690 3121 allein entscheidet hier. Wenn irgendwo, so wäre
1745 3067 2705 3114 unter seinem freundlichen Zuspruche erschliesst sich das
1743 3107 2703 3158 Herz des vernachlässigten Kindes, schliesst es sich in
742 3107 1690 3171 daher gerade in diesem Falle ein starkes Be¬
1742 3146 2700 3200 inniger Liebe einem armen lahmen, aber mit Geistes¬
740 3162 1690 3224 tonen der persönlichen Ueberzeugung des Dich¬
1740 3189 2705 3234 und Gemüthsgaben reich bedachten Knaben an und
735 3200 1681 3265 ters auch künstlerisch vollkommen berechtigt ge
1743 3225 2700 3277 fühlt unbewusst etwas von der Süssigkeit, zu lieben
745 3251 1697 3311 wesen, und die vornehme Sachlichkeit S.s ist
1748 3267 2700 3316 und geliebt zu werden“. Und der so umgewandelte
1742 3304 2700 3359 Knabe übt dann auf die Familie der Tante selbst den
749 3301 1693 3370 just da von Uebel. Sein „Freiwild“ wirkt stumpf,
1740 3344 2703 3394 segensreichsten Einfluss, vermag sogar schliesslich, ihre
742 3354 1702 3418 man wird für seinen als Märtyrer sozialer Un¬
1745 3385 2700 3433 Kälte zu überwinden. Die Charakterzeichnung aller
745 3394 1697 3457 sitten gedachten Helden nicht warm. Und dieser
1745 3423 2700 3475 Personen ist treffend und lebenswahr. Man spürt in
752 3440 1697 3512 Abfall des Stückes ist um so mehr zu bedauern,
1748 3468 2702 3516 dem Buche meist jene Frömmigkeit, die den lebendigen
1748 3502 2703 3554 Gott in sich fühlt und nicht nöthig hat, allerorten von
744 3493 1700 3560 als es im Uebrigen von S. Bestreben, über die
1745 3540 2705 3596 ihm zu reden. Die Bearbeitung ist im Ganzen gut
752 3545 1700 3610 Decadenz hinauszukommen, rühmlich Zeugnis ab¬
1752 3579 2703 3638 gelungen, nur selten begegnen uns französische Wen¬
752 3593 1697 3665 legt. Dass der begabte Dichter diese Scharte bald
1745 3620 2705 3663 dungen. Die Ausstattung ist gut, doch hätte auf die
752 3645 1700 3713 auswetzen wird, daran ist gar nicht zu zweifeln.
1745 3658 2616 3712 Korrektur mehr Sorgfalt verwendet werden sollen.
1300 3694 1661 3772 Moritz Necker.
802 3703 924 3770 Wien.
