3484 4256
201 142 729 226 8. Freiwild
898 140 1305 245 box 14/3
2016 192 2428 268 Theaterzeitung.
1856 256 2711 322 Carltheater. Und wieder erhielt Herr Rensch von
1742 318 2718 366 Herrn Klein eine Ohrfeige und wieder wurde Herr Klein
1738 356 2716 409 von Herrn Reusch erschossen! Und doch ein anderes
1751 400 2711 448 Stück. Wir sprechen von Arthur Schnitzler's Schau¬
1742 430 2720 492 spiel „Freiwild", das nach einer langen glücklichen
1733 476 2716 533 Fahrt durch die deutsche Theaterwelt erst gestern in Wien
1735 524 2716 578 anlangte, in der Stadt, wo es geboren. Der Erfolg blieb
1735 562 2720 619 auch hier dem interessanten Werke treu. Der Dichter
1735 613 2716 668 wurde nach allen Actschlüssen stürmisch vor die Rampe
1738 652 2720 697 gerufen. Er tritt diesmal gestiefelt und gespornt als Dra¬
1735 690 2716 738 matiker auf, der nicht den Seelenständen nachspürt, sondern
1742 734 2718 782 einen äußerlichen Conflict mit sicherer Hand für das
1744 771 2714 819 Theater verwerthet. Aber auch bei dieser Arbeit lassen
1735 819 2716 869 ihn sein künstlerischer Sinn und sein literarischer Geschmack
1735 848 2716 921 nicht im Stiche. Das Schauspiel behandelt die Duellfrage,
1744 894 2716 951 die just in den letzten Tagen traurige Actualität
1744 940 2716 992 gewann. Der Stoff ist auf dem Theater heimisch, aber er
1735 976 2716 1031 bleibt ewig neu. Als ein Mann des objectiven Ver¬
1742 1027 2718 1075 fahrens packt ihn der Verfasser an. Das Für
1744 1066 2716 1116 wird ebenso vernünftig erörtert, wie das Wider.
1742 1107 2714 1159 Die Sache ist auf eine Ohrfeige gestellt und wird mit
1742 1148 2714 1210 einem Pistolenschusse erledigt. Der Vorgang ist ungeheuer
1742 1200 2718 1246 einfach und doch so wirksam. Ein Officier beleidigt eine
1749 1237 2718 1287 Schauspielerin, deren Tugend er nicht für waschecht
1742 1274 2718 1328 hält. Ein junger Mann, der das Mädchen liebt, gibt
1658 1326 2714 1376 59 dem Officier eine Ohrfeige. Das Ereigniß spielt
1738 1362 2716 1417 in einem Badeorte auf dem Platze zwischen dem Theater
2785 1349 2931 1434 inclusive
1634 1390 2720 1454 200 und einem Kaffeehause. Der Officier, der keine Waffe bei
2807 1418 2912 1454 Porto.
2792 1445 2926 1484 Zahlbar
1589 1454 2720 1504 „ 500 sich trägt, ist nicht in der Lage, den Attentäter sofort
2762 1459 2949 1532 im Voraus.
1580 1491 2727 1545 „ 1000 niederzuschlagen. Der junge Mann wird zum Duell ge¬
1683 1523 2983 1610 Im fordert, aber er verweigert starrsinnig die Genug-hnitte ist das
1561 1566 2988 1660 Abonnemethuung. Als man ihn ersucht, auf seine Ehren steht es den
1559 1614 2622 1671 Abonnent bedacht zu sein, erwidert er kalt: „Nicht
2650 1625 2890 1698 auf ändern.
1742 1664 2720 1712 das, was uns geschieht, auf das, was wir thun, kommt
1744 1706 2723 1749 es an." Und einem Rittmeister, der als Cartellträger bei
1742 1746 2718 1793 ihm erscheint, setzt er die Situation wie folgt aus¬
1742 1785 2615 1838 einander: „Für einen Schlag, den er verdient ha¬
1742 1822 2714 1879 ich den Tod erleiden, denn ich nicht verdiene. Das
1751 1873 2611 1921 scheint mir nicht das richtige Verhältniß.
1742 1913 2718 1968 Cartellträger, der überflüssigerweise zum Bittsteller wird,
1747 1957 2716 2009 sucht ihm mit nicht minder guten Gegengründen beizu¬
1742 2001 2718 2053 kommen. Sie sind für ein Pistolenduell trefflich und für
1742 2042 2728 2099 ein Säbelduell stichhältig. Der Rittmeister, der sogar zum
1742 2083 2723 2138 zweiten Male bei dem Civilisten erscheint und ihm über¬
1742 2124 2727 2170 dies ein Scheinduell vorschlägt, ist mehr aus der Phantasie
1744 2165 2716 2215 des Dichters, als aus dem Soldatenleben gegriffen. So
1751 2202 2727 2256 einen Officier gibt es nicht auf unserem Planeten,
1751 2252 2711 2298 möglicherweise existirt er auf dem Mars. In beneidens
1742 2293 2711 2350 werther Selbsterkenntniß sagt er zwar: „Was kein andere
1742 2330 2720 2400 meiner Kameraden thäte, das thue ich", aber er wird
1747 2389 2725 2433 dadurch nicht glaubwürdiger. Das ist höchstens ein Ein¬
1751 2432 2727 2496 geständniß der Schwäche — des Schauspieles. Alle Welt¬
1753 2478 2716 2520 räth nun dem Duellverweigerer, der Rache des Be¬
1746 2513 2720 2579 leidigten durch eine schleunige Abreise zu entfliehen, aber
1747 2563 2716 2627 er bleibt jetzt erst recht, um zu zeigen, daß es
1746 2595 2716 2652 ihm nicht an Muth fehle. Ja, er hat noch die
1749 2640 2714 2702 Ruhe, sich mit der tugendhaften Schauspielerin zu
1747 2682 2720 2723 verloben. Doch rasch tritt ihn die Rache an. Auf dem¬
1747 2718 2693 2784 selben Platze, wo die Ohrfeige gefallen war, sie
1737 2766 2702 2832 Officier den Mann zur Rede und schießt ihn über den
1738 2807 2702 2871 Haufen. Das sind die Hauptgeschehnisse, an denen sich
1740 2846 2702 2917 lastliche Episoden aus der sommerlichen Provinztheaterweit
1737 2888 2700 2961 üppig emportanten. Der einische Director, der eifersüchtige
1728 2928 2700 3002 Komiker und die lockere Liebhabern und mit dem Auge
1731 2983 2693 3045 eines Humoristen geschaut und meisterlich geschildert. Mi=
1730 3011 2707 3082 dem Spiele der Hauptdarsteller waren wir höchlich zu¬
1742 3057 2700 3123 frieden. Bürger und Officier, Herr Klein und Herr Reusch,
1742 3102 2711 3173 schlugen flammende Wirkungen aus ihren Rollen. Keiner will
1728 3146 2696 3223 besser sein als der Andere und darum kann man von
1730 3184 2693 3247 Beiden sagen: Einer ist besser als der ei=
1724 3230 2693 3295 ich spielte Herr Tewele den Theaterdirector und
1730 3263 2700 3335 Herr Korff einen Badegecken. Auch, Fräulein Glümer
1730 3315 2684 3383 und Herr Meter=Eigen haben Anspruch
1728 3354 2691 3422 auf eine zahme kritische Behandlung. Das Publicum
1717 3404 2696 3470 benahm sich entschieden duellgegnerisch, denn es begleitete alle
1728 3438 2696 3509 Argumente gegen den Zweikampf mit monstrativen
1724 3486 2675 3539 Beifallskundgebungen. Es waren aber auch Due
1722 3521 2688 3603 freunde im Hause, die wieder jede herung für
1719 3567 2691 3639 den Zweikampf, tapfer beklatschten. Ein geschickter
1721 3615 2689 3690 Dramatiker hat eben zwei Eisen im Feuer. Arthur
1728 3655 2688 3726 Schler wollte in einer Sache, die Jedermann
1719 3706 2677 3756 mit sich selbst ausmachen muß, Nichts beweisen
1730 3735 2682 3797 sondern von fechaben Theaterstück schreiben, was
1722 3784 2684 3850 ihm denn auch gelungen ist. Und diesmal zeigt er sich
1728 3823 2682 3893 gar von seiner soliden Seite. Es gibt fast Nichts zum
1724 3866 2684 3955 Erröthen. Jeder Vater kann seine Tochter hineinführen,
1721 3910 2497 3994 ohne sich mit dem Dichter schlagen zu müssen.
