3436 4448
338 186 669 279 wild
141 178 357 301 8.
836 190 1253 283 box 14/3
219 814 3078 900 übrig bliebe, als sich eine Kugel durch den Kopf zu dramatischen und bühnenwirksamen Charakteristik der In der Darbietung des pianistischen Theiles der
2141 870 3078 937 Sonate, documentirt sich aufs Neue wieder Herrn
234 874 2115 933 sagen; ein anderer, der gesetztere Oberlieutenant Rohn Figuren und der vorzüglichen Zeichnung des Milieus
2145 918 3082 989 Spengels vornehme Reproductionskunst. Diesem, von
227 926 2112 981 stedt, spricht die Hoffnung aus, daß Karinski die Die Exposition im ersten Acte gehört zu den besten
223 963 3082 1037 Uniform freiwillig ausziehe und zu einem bürgerlichen die wir in letzter Zeit gesehen haben. Alle Details beiden Instrumentisten mit Liebe dargebotenen Vortrage,
219 1000 3078 1052 Berufe übergehe. Da kommt Karinski selbst dazu, um waren so meisterhaft angebracht, daß sie sich zu einem der seinem Werthe nach von der wohlaccreditirten
1182 1041 3078 1104 stimmungsvollen Ganzen vereinigten. Die einzelnen Zuhörer=Gemeinde mit Beifall belohnt wurde, folgte
234 1048 1160 1112 Abschied von seinen Kameraden zu nehmen. Seine
230 1074 3078 1145 Mienen und seine Worte lassen aber errathen, daß er Personen, welche nur so nebenher auftreten, strotzen eine Kammersonate für Violine mit beziffertem Baß
227 1115 3086 1182 sich nun selbst Genugthuung verschaffen werde. Bestürzt von Lebensfülle und Naturwahrheit, so namentlich von Corelli, deren Principalstimme Herr Concert¬
227 1152 3093 1212 eilt ihm Rohnstedt nach, um ihn von einer unüber einzelne der Schauspieler und Schauspielerinnen, der meister Dessau=Bremen ausführte. Das gestern
223 1193 3082 1257 legten That zurückzuhalten. Gleich darauf erscheinen Schauspieldirector, selbst der kleine Piccolo des Cafés. vernommene Werk des berühmten Maestro ist
2632 1230 3093 1297 1700 zuerst in Rom
230 1230 2580 1290 Paul und Anna in Begleitung des Arztes, welcher Paul Dabei ist die Handlung straff zusammengehalten und die dritte von sechs
141 1260 3082 1331 den vor einem brutalen Ueberfall Seitens des Lieutenants geht mit gemessenen und sicheren Schritten auf das erschienenen Solo-Sonaten. Franz Ries hat das
130 1309 3086 1372 erin warnt, und ihn veranlassen will, schnell abzureisen. Endziel los. Das sind gewiß Vorzüge eines modernen Original bearbeitet und den Violinpart mit Vortrags¬
227 1349 3086 1424 Aber Paul weigert sich, er will doch sehen, ob man Stückes, die um so höher zu schätzen sind, da den zeichen rc. versehen. Dies Arrangement, welches vor
238 1387 3078 1454 seines Lebens nicht mehr sicher ist, wenn man nach meisten unserer modernen Dramatiker das feste Kurzem im Berliner Verlage Ries & Erler erschien und
126 1383 219 1454 der¬
126 1420 3082 1487 tet, Ueberzeugung und Pflicht das Rechte gethan hat. dramatische Rückgrat fehlt. In Schnitzler hat die deutsche das dem gestrigen Vortrage zu Grunde lag, ist nicht
119 1457 3082 1539 zu Während sich Anna und Werner noch Mühe geben, Bühne einen Dramatiker gewonnen, der nicht nur vollständig correct, hat aber trotzdem manche Vorzüge
1662 1502 3086 1561 verfügt, sondern auch in Der zweite Satz der Sonate ist zwei Mal benutzt
126 1509 1639 1573 ter den Starrsinn Pauls zu beugen, erscheint Karinski über eine sichere „Mache
1186 1535 3089 1610 einem gefunden Realismus seine Wurzeln geschlagen hat, worden und auch an einigen Stellen abgeändert. Für
227 1550 1156 1602 und ruft dem Gehaßten entgegen, ob er sich ihm zur
2141 1584 3093 1632 die Wahl einer zweiten Anwendung war dem Be¬
1260 1587 2115 1636 Ueber die Darstellung ist nur Gutes zu melden
130 1587 1167 1639 tigen Duell stellen wolle oder nicht. Statt aller Antwort
2138 1610 3089 1665 arbeiter die Idee leitend, zwei im Original einander
130 1606 2115 1691 heln. geht Paul ihm entgegen und fordert, daß er ihm Platz Herr Director Steinert hatte die Novität in vor
130 1662 3086 1717 das mache. Nach einer mehrmaligen Aufforderung, auf züglicher Weise in Scene gesetzt, so daß die Illusion folgende Allegrosätze zu trennen. In der Generalbaß¬
123 1699 3097 1762 thig welche die gleiche Antwort erfolgt, reißt Karinski ein nirgendwo gestört wurde. Herr Nhil spielte den Paul bearbeitung hat Herr Ries Zweckmäßiges gegeben,
126 1732 3089 1803 bild Pistol aus der Tasche und schießt Paul nieder, der Rönning mit sicherer Beherrschung seiner Aufgabe, eigenmächtige Zusätze kommen verschwindend wenige
123 1770 3093 1833 den, gleich darauf seinen letzten Seufzer aushaucht. Mit Diese Figur ist schwer zu spielen, da sie sich mehr vor. Herrn Dessau's Ausführung des absolut schönen
1178 1807 3089 1874 passiv als activ verhält und erst am Schlusse des Werkes, stand auf der Höhe einer reifen, durch Nichts
126 1825 1156 1896 ellen den Worten: „Ich weiß, was jetzt meine Pflicht ist!
1175 1848 3093 1918 letzten Actes thatkräftig aus sich herausgeht. In der nachtheilig beeinflußten Kunstleistung. Schöner, voller
130 1862 1019 1937 inski geht Karinski ab. Damit schließt das Stück.
309 1881 3082 1952 Es ist nicht die Aufgabe des Kritikers, aus Anlaß Liebesscene des zweiten Actes hätte der Künstler Ton, Wärme des Ausdrucks, fertige Technik ver¬
130 1911 219 1967 und
230 1926 3093 1989 dieses Stückes nunmehr in eine akademische Erörterung mehr Wärme und Leidenschaftlichkeit geben können, einigten sich in den Vorträgen dieses hochbegabten
119 1959 3093 2041 zu über die Berechtigung oder Nichtberechtigung des Duells Außerordentlich interessant war die künstlerische Interpreten zu edlem Ganzen. Wie bei der Dar¬
227 2000 3086 2074 einzugehen, zumal der Autor selbst mit seiner Meinung Leistung des Herrn Witt als Karinski. Diesem bietung der Cello=Sonate von Brahms, konnte man
1193 2041 3089 2104 eigenartigem Charakter gab er stellenweise einen sich auch beim Corelli-Vortrage mit reiner Freude dem
119 2059 1167 2126 inski zurückhält und nur die Thatsachen sprechen läßt. Wer
1193 2086 2695 2141 Hauch dämonischer Brutalität, welcher unheimlich musicalischen Genusse hingeben.
126 2097 1167 2167 Arzt man eine Tendenz in dieses Stück hineinlegen will, so
2219 2100 3097 2171 Dem die Mitte des Programms füllenden Werke
227 2126 2119 2182 kann es höchstens Die sein, daß es grausam ist, einen wirkte. Er war der Soldat, der zum Krieg
130 2152 3093 2227 klärt, Officier, der gewillt ist, sich einem Duell zu stellen, geschaffen ist und nur unwillig, einem wilden Thiere von Corelli folgte Schuberts umfangreiches Es-dur¬
227 2193 3093 2268 aus der Armee auszuschließen, weil der Gegner aus gleich, den Zwang erträgt, friedlich unter friedlichen Trio, op. 100 (1827). So herrlich das Trio ist, er¬
126 2227 3078 2297 erde. Hochmuth, Feigheit oder philosophischer Ueberzeugung Geschöpfen zu leben. Vorzüglich war auch Frau Doré reicht es doch nicht seinen Vorgänger op. 99, B-dur
242 2268 3089 2353 sich nicht schießen will. Das ist aber eine ganz neben als Anna Niedel und desgleichen Frl. Engl als aus demselben Jahre. Amusant ist Schubert's Brief
234 2309 3112 2390 sächliche Sache, wenn die Frage der Berechtigung des leichtfertige Soubrette. Herr Hallenstein gab den vom 1. August 1827 an den Musikverleger Probst¬
119 2346 3093 2435 ßes Duells überhaupt nicht gelöst ist. Und in dieser ruhigen Oberlieutenant Rohnstedt in würdiger Weise Leipzig die Widmung des Es-dur-Trio betreffend
2164 2387 3093 2450 „Das Opus des Trios ist 100. Dedicirt wird die
1193 2390 2126 2454 und Herr Flashar charakterisirte den Arzt Werner
123 2405 1160 2454 de zu Hinsicht verhält sich der Autor durchaus unparteiisch
1193 2428 3093 2509 mit großer Lebenswahrheit. Herr Bozenhard spielte Werk Niemandem, außer Jenen, die Gefallen dar¬
123 2446 1164 2517 glich Er gibt uns eine scharf umrissene Illustration de
3007 2465 3089 2509 Die
115 2465 2911 2543 hnet, socialen Conflictes zweier Ehrbegriffe, der nun einmal den Gigerl Grehlinger mit vielem Humor, Herr finden. Dies die einträglichste Dedication
1193 2509 3093 2573 Homann den etwas troddelhaften Lieutenant Vogel Herren Schwormstädt, Dessau und Spengel erwarben
126 2524 1167 2584 Marr, besteht und so leicht nicht ausgerottet werden wir
230 2539 3093 2617 trotz aller klugen Reden hüben und drüben. Die mit gutem Erfolg. Eine sehr komische Charge bot sich durch die Uebermittelung dieses Werkes die
126 2576 3100 2647 Arzt Charaktere der beiden Helden sind so klar, verständlich Herr Brahm als geschäftskluger Theaterdirector, des reichsten Beifallsbezeugungen. Hoffentlich bringt uns
2152 2613 3097 2691 die nächste Saison weitere Kammermusikabende der
119 2639 2059 2695 wohl und anschaulich geschildert, daß man ihre Handlungs= gleichen Herr Peters als eifersüchtiger Komiker.
123 2654 3097 2732 samen weise völlig versteht. Vielleicht ist dem Autor sogar kleineren Rollen fügten sich Frl. Schäffer und die drei Künstler. Im Hinblick auf ihre gehaltvollen
119 2691 3100 2770 sucht, der Charakter des schneidigen Lieutenants, von Herren Garner, Zimmermann, Huth, Reichardt Vorträge dürfte ein recht zahlreicher Besuch der
134 2732 2955 2833 und dem man unmöglich verlangen kann, daß seine und die kleine Wilhelmi (Piccolo) dem Ensemble Soireen als durchaus gerechtfertigt erscheinen.
2770 2762 3063 2818 Emil Krause.
1792 2781 2104 2855 Oscar Riecke.
134 2784 1502 2862 hat, Gedanken über die oberflächliche, ihm anerzogene wirkungsvoll ein.
115 2833 1178 2881 dern, und angewöhnte Denkungsart hinausgehen, noch besser
238 2874 1178 2933 geschildert, als der kluge, nachdenkliche Paul, welcher
1219 2859 2104 2948 Zweiter Kammermusikabend
115 2885 208 2933 sie
2428 2862 2781 2955 Tandem.
126 2907 1171 2963 bald in seiner Verachtung der conventionellen Sitte sehr
1286 2929 2059 3026 des Herrn Cäsar Schwormstädt
2361 2933 2881 3022 Ein Carnevalsscherz.
242 2948 1178 3004 kühl, ja sogar etwas abstract erscheint. Aber diese
108 2963 216 3019 sid
126 2981 1171 3041 Ver=Figur ist durchaus nicht unwahrscheinlich, sie hätte nu¬
1364 2985 1967 3063 am Donnerstag, 7. Januar.
2483 2996 2766 3067 Von N. Bach.
108 3022 1171 3100 stedt etwas lebenswärmer gezeichnet werden müssen. Es
1275 3030 2126 3108 Der in jeder Beziehung genußreiche Abend began
2234 3026 3093 3123 „In der That, begann der reiche, etwas protzen
126 3067 1182 3123 schen fehlt ihr das pulsirende Leben, sie tritt von Anfang an
2152 3086 3097 3152 haft anzuschauende Chef eines größeren Bankhauses der
119 3089 2130 3160 illige, fertig vor uns hin, während das leidenschaftlich mit der gewaltigen Cello=Sonate F-dur, op. 99, vor
2156 3126 3093 3190 Residenz, „damit würde sich den Vogel abschießen
119 3126 2126 3204 unde brutale Temperament des Lieutenants in seiner Johannes Brahms (1887), einem Werk, das von
2145 3167 3097 3234 werden es mir dann Alle machmachen, ha, ha — doch
112 3167 2130 3271 nur Steigerung bis zum wutherfüllten Haß das Interesse Concertgeber im Verein mit Herrn Musikdirecto¬
1193 3204 2126 3268 Spengel in künstlerisch abgerundeter Weise über
2149 3208 3097 3271 Pardon, Mr. Parson, hier eine Puros von W. Hiestrich
234 3223 569 3297 viel stärker fesselt.
1201 3245 3100 3305 mittelt wurde. Es hieße Eulen nach Athen tragen, nehme nur von Dem, wissen doch, hat bestes Kraut
323 3242 1175 3320 Der Kampf zwischen den Vertretern zweie
115 3253 216 3335 schla¬
1193 3286 2126 3338 wollte man nochmals eine Analyse dieser herrliche
2152 3286 3100 3346 und Asche, ha, ha, ha, nämlich Asche, goldne Asche und
145 3297 1089 3357 dem diametral entgegengesetzten Anschauungen rief,
1201 3320 2130 3383 Tonschöpfung widmen. Dank der Thatkraft unsere
2160 3309 3104 3383 Asche, welche ihm Gold anbringt. Ist nämlich sein
123 3327 1178 3409 toßen schon gesagt, ein lebhaftes Für und Wider im Publicum
2156 3361 3104 3450 Rennpferd, die Asche von Kisber-Village Queen,
238 3364 2134 3428 hervor, und mit äußerster Spannung verfolgte man vielen gediegenen Concertisten, ist die Sonate, wie
1037 3394 2130 3461 Aber es Alles, was Brahms geschaffen, gerade in Hambur¬
2152 3416 2435 3480 riesiger Steher
119 3409 1011 3476 vor den Fortgang der interessanten Handlung.
2234 3416 3100 3506 Mr. Parson, obgleich Engländer, schenkte dieser
234 3439 2134 3509 wäre sehr ungerecht, wollte man dieses Interesse so zu sagen „populär geworden. Dankbar muß man
115 3468 3104 3550 nellen lediglich auf das Conto des actuellen Stoffes aber stets sein, wenn sie eine Wiederholung wie die hippologischen Mittheilung wenig Gehör, ihn interessirte
2160 3520 3100 3606 augenblicklich etwas Anderes. Ruhig brannte er die
115 3517 2141 3591 stellt schieben. Die Hauptursache des großen Erfolges, gestrige erfährt. Herrn Schwormstädt's Inter¬
242 3558 2138 3625 der sich in lebhaften Hervorrufen der Darsteller pretation ist die eines feinsinnigen Künstlers, dessen
2216 3561 3108 3673 Nachdruck nur mit Erlaubniß des Verfassers gestattet.
123 3587 219 3636 tho¬
123 3587 2164 3706 sideres documentirte, liegt doch in der meisterhaft abgeklärtes Spiel den Porzug schöner Tonfille besitzt.
