3484 4384
42 214 122 299 8.
182 211 581 298 Freiwild
732 218 1139 321 box 14/2
470 688 581 777 766
479 791 1579 886 seine Sache ganz auf sich. Seinem Dämon folgt er und
485 862 1579 925 fragt nicht, wie sein Thun wirkt, ob es Beifall findet oder
475 913 1572 977 Spott, sondern was sein Thun ist. Er lebt seinem Gotte,
467 963 1575 1019 und er lebt als Bettler, der ein König ist. Ihn lockt
468 1010 1575 1077 nicht, was die Meisten begehren. Ganz anders denkt und
481 1055 1572 1117 fühlt der Katrina, der Angeborene der Kriegerkaste. Er
475 1103 1575 1174 strebt nach Ruhm, Macht und Ansehen, nicht nach rein
471 1152 1569 1210 idealen, sondern nach realen Gütern, die ihm eben nur von
463 1191 1574 1266 den Anderen verliehen werden können. Der Brahmane
465 1255 1576 1328 geht einsame Wege für sich, der Khatriva bedarf der
467 1304 1567 1367 Kronen und Hermelinmäntel, des Glanzes und Reichtums,
460 1353 1571 1406 der Menge, die ihn jubelnd umringt. Und so wertet er
470 1399 1572 1467 naturgemäß die Ehre nicht individualistisch, sondern sozia¬
467 1441 1572 1511 listisch. Nein, nicht das Ich entscheidet darüber,
470 1487 1575 1547 so sagt er, sondern die Anderen, die Gesell¬
472 1543 1569 1600 schaft, die Welt. Meine Ehre ist nicht allein
460 1597 1564 1656 von mir abhängig, sondern von jedem Anderen. Wer auch
457 1641 1564 1697 tait schmutzigen Händen daran faßt, besudelt. Jedes
463 1681 1567 1757 geringschätzige Lächeln verletzt sie aufs Tötlichste. Er muß
460 1733 1567 1799 daher verhüten, daß irgend Einer nur wagt, ihn anzutasten.
463 1782 1564 1853 Er befindet sich in einem steten Verteidigungs= und Abwehr¬
464 1842 1564 1898 zustande. Sowohl die Brahmanen, wie die Kriegerkaste
460 1881 1557 1948 sind Herrscherkasten. Sie sehen auf das Große, das Ganze
460 1936 1567 1989 und das Letzte hin. Sie wollen die Welt befreien von dem
460 1983 1567 2046 Gezänk, dem Schmutz, den gegenseitigen Besudelungen, daß
453 2026 1567 2103 Alle nebeneinander als Herren leben und sich gegenseitig achten.
454 2068 1567 2138 Sie kämpfen gleichmäßig an gegen das dumpfe, rohe und
460 2126 1564 2180 tierische Tschandallen= und Pariatum. Sie lachen der
464 2173 1564 2230 schönen Gesetze, die in Büchern und Paragraphen nieder¬
464 2226 1567 2272 gelegt werden, und wissen, daß diese nur armselige Not¬
457 2274 1565 2342 behelfe sind. Sie beanspruchen, daß sie ihre Gesetze in sich
457 2321 1564 2384 selber tragen, daß sie ihre eigenen Richter sein dürfen,
451 2372 1568 2432 kraft des hohen Sittlichkeitsbewußtseins, das in ihnen ruht.
454 2415 1565 2485 „Zähme Deine Schimpflust, die Gemeinheit Deiner Natur,
457 2462 1561 2529 Tschandale!" so ruft der Khatria! „Für jeden Hauch,
456 2513 1567 2584 mit dem Du die Welt verpestest, zahrt Du mit
449 2557 1562 2625 Deinem Blut. Für jede Lästerung werfe ich und
456 2622 1546 2680 wirft auch Du Dein Leben in die Wageschale.
449 2662 1567 2721 Dagegen kämpft der Brahmane für die innere Befreiung.
456 2703 1567 2774 Jeuer will zuerst die Anderen bessern, dieser zuerst sich selber
457 2761 1561 2816 zähmen. Neben der Brahmanen- und Kriegermoral giebt
453 2808 1557 2876 es aber noch eine Moral der Schudra, eine kleine, dürre
451 2856 1554 2907 Armen- und Alltagsmoral, die sich schlecht und recht durchs
457 2900 1557 2961 Leben hinzuschwindeln sucht und von der Hand in den Mund
457 2953 1561 3003 lebt. Auf das gegenseitige Schimpfen und Lästern will und
447 2993 1551 3066 kann der Schudra nun ein für alle Mal nicht verzichten,
449 3042 1558 3111 und wenn das Maulwerk nicht mehr ausreicht, dann haut ma¬
454 3091 1554 3154 sich eine Ohrfeige herunter. Aber das ist ja nicht so gefährlich.
451 3147 1554 3206 Man geht alsdann zum wohlbestallten Richter und Kadi,
454 3203 1553 3263 und der einsichtige Mann verurteilt den Missethäter zu
457 3242 1564 3298 fünfzehn Mark Geldstrafe, und die Geschichte ist glatt und
451 3290 1557 3355 gut geordnet. Ich für meine Person begreife und verstehe
446 3330 1555 3402 den Brahmanen und Kshatrina, wie auch den Schudra;
449 3388 1558 3448 aber jede dieser Moralen hat ihre Logik in sich, die man
443 3421 1557 3501 nicht wirr und bunt der Kraut und Rüben durchei¬
442 3478 1564 3537 ander werfen kann, wie das Arthur Schnitzler
446 3531 1551 3592 in seinem neuesten, vom „Deutschen Theater" auf¬
443 3573 1548 3635 geführten Schauspiel „Freiwild" thut. Schnitzler maßt
443 3627 1533 3691 sich da an, im Namen der „modernen Weltanschauung
446 3675 1548 3724 gegen das Duell, gegen die Ehranschauungen der Krieger¬
435 3722 1548 3791 kaste Widerspruch einzulegen, aber die moderne Welt¬
444 3776 1548 3839 anschauung hat allen Grund, diesen ganz und gar unge¬
442 3808 1548 3875 schulten Denker von ihren Rockschößen sich abzuschütteln.
446 3865 1557 3935 Echte Brahmanen, wie Sokrates, Saadi, Schopenhauer, haben
443 3916 1554 3969 ein Recht, gegen den Zweikampf aufzutreten, auch ein echter
436 3966 1540 4019 Schudra mag sich seiner Haut wehren, so gut, wie er kann, und
436 4008 1553 4065 sich darauf steifen, daß er nur fünfzehn Mark zu bezahlen
433 4057 1550 4120 braucht, wenn er seinen Gegner ohrfeigt — aber der
439 4107 1543 4165 Schnitzlersche Held ist wie sein geistiger Vater ein Wirrkopf,
583 4162 1546 4211 ne jämmerliche Tschandalennatur, die einige Schlag¬
2042 718 2352 833 Kundschau.
1643 797 2747 917 und Mordie schreien, wenn der Andere auch schußt, und
1642 893 2743 956 mitten im Zweikampf Reißaus nehmen. Gleich im ersten
1636 929 2747 1005 Aufzug liegt der Denkler des Schauspiels.
1639 968 2738 1058 Ein Offizier beschimpft eine Dame, beschimpft
1636 1029 2745 1104 die Geliebte unseres Helden. Nun sagt die „moderne
1639 1073 2732 1150 Brahmanen=Weltanschauung", wie sie klar und logisch von
1643 1121 2734 1199 Schopenhauer entwickelt ist, daß eine solche Beschimpfung
1649 1170 2732 1241 sich selber richtet. Wären Ar hur Schnitzler und Paul
1636 1220 2734 1298 Rönning Saadis, so würden sie zu den Schmähworten
1636 1261 2735 1344 lächeln und dem Helden ironisch antworten: „Ja, Sie haben
1636 1323 2738 1392 nun einmal die Ansicht von der Dame. Aber sowohl der
1636 1365 2738 1442 Dame, wie auch uns kann es höchst gleichgiltig sein, was so
1629 1409 2735 1484 ein Mensch, wie Sie, von ihr denkt und redet. Dürfen
1631 1466 2742 1526 wir Ihnen eine Zigarre anbieten?" Jedenfalls stellt sich
1628 1509 2740 1574 diese Anschauung auf den Standpunkt, daß ich durch eine
1634 1554 2738 1634 äußere Gewaltthat niemals eine Ehre wiederherstellen kann.
1627 1600 2739 1667 Nennt mich Jemand einen Dieb, so beweise ich ihm da¬
1632 1648 2734 1733 durch, daß ich ihn torsteche, noch nicht, daß ich
1632 1694 2736 1776 ein ehrlicher Mensch bin. Das Erste aber,
1629 1748 2734 1824 was unser braver Schnitzler unternimmt, ist, daß er
1629 1792 2735 1871 sich auf den Krieger= und Gewaltstandpunkt stellt,
1627 1849 2738 1926 daß er haut, daß er durch eine Ohrfeige die Ehre einer
1632 1896 2736 1973 Dame wieder herzustellen sucht. Im zweiten Akt läuft er
1634 1938 2732 2014 in Einem fort als stolzer Nietzschescher Uebermensch auf
1624 1991 2738 2068 und ab und erklärt mit hohlen Phrasen, daß ihm ganz
1625 2043 2736 2113 und gar nichts an dem Urteil aller anderen Menschen liegt,
1628 2095 2738 2152 und gleich seine erste That beweist, daß ihm Alles daran
1634 2144 2732 2200 liegt, daß er sogar die Meinung eines ganz und gar ver¬
1629 2194 2728 2265 kommenen Menschen" so tragisch wie nur möglich nimmt.
1624 2230 2735 2316 Als echter Tschandale wirft sein Held mit den Schimpf¬
1624 2282 2732 2355 wörtern um sich, daß einem die Ohren gellen. Lump!
1628 2344 2736 2404 Schurke! Das sind die einzigen Ausdrücke, die er gegen
1621 2383 2735 2453 den Gegner anwendet, aber wenn auch dieser Lump sagt,
1625 2433 2727 2492 dann schlägt er die Hände über dem Kopf zusammen und
1627 2476 2725 2555 ruft alle Götter zu Zeugen für eine solche Gemeinheit auf
1625 2532 2729 2594 und wundert sich wer weiß wie, daß ein
1620 2576 2728 2636 Mensch solche Worte in den Mund nehmen kann.
1625 2623 2732 2687 Das Duell der höflichen Formen weist er mit Entrüstung
1624 2673 2732 2738 zurück, um zu guter Letzt . . . . auf ein Cowboy-Duell
1625 2718 2732 2784 einzugehen. Jeder von den beiden Gegnern steckt sich einen
1625 2768 2732 2827 Revolver in die Tasche, aber statt daß sie ihre Sache still
1625 2819 2735 2877 unter sich im Grunewald abmachen, laufen sie auf die
1620 2866 2732 2922 offene Straße hinaus und schießen auf einander los. Ist
1618 2904 2729 2979 das jedoch kein Duell? Ein guter braver Schudra würde
1624 2971 2728 3030 auch hier wenigstens der Logik seiner Moral treu geblieben
1631 3009 2728 3072 sein und hätte die Polizei und den Herrn
1618 3056 2722 3132 Kadi zu seinem Schutze aufgerufen. Aber Leute,
1617 3111 2727 3164 die nicht wissen, was sie thun, Wirrköpfe
1616 3157 2720 3214 nimmt man nicht ernst. Natürlich haben diejenigen, welche
1622 3209 2720 3266 auf dem Standpunkt der Kshatria=Moral stehen, das Recht,
1620 3244 2731 3326 lächelnd über die Tendenz dieses Schauspiels hinwegzugehen,
1617 3295 2735 3357 und können sagen, daß nicht ein einzelner verkommener
1610 3348 2734 3397 Oerter, der durch sein ganzes Wesen allen Ehrbegriffe
1613 3386 2729 3457 der Kriegerkaste ins Gesicht schlägt, deren Ideale in
1613 3435 2732 3516 Mißansehen zu bringen vermag, wie auch die Brahmanen
1613 3481 2722 3541 den Herrn Rönning weit von sich abweisen. Der
1617 3534 2722 3596 Offizier ist ein echter und rechter Tschandale, und der
1617 3583 2721 3642 Schnitzlersche Held ist es nicht minder. Tschaudalen prügeln
1622 3631 2718 3685 sich und schlagen sich tot, und wir wollen uns um der Ge¬
1618 3682 2718 3744 sittung, um der Menschheit willen freuen, wenn alle
1607 3733 2707 3789 Tschaudalen aus der Welt verschwunden sind. Ueber
1606 3780 2714 3849 Schnitzler als Künstler habe ich diesmal nichts zu sagen.
1610 3819 2707 3889 Er ist ganz hinter dem Tendenzapostel verschwunden, und so
1610 3864 2724 3938 habe ich es nur mit seinen Gedanken und Meinungen zu
1610 3926 2714 3976 thun. Es ist Tschaudalen=Weisheit, die er predigt — fort
1610 3963 1744 4030 damit
2271 3966 2626 4032 Julius Hart.
1670 4014 2714 4071 * Man schreibt uns aus Lübeck: Das hier soeben auf¬
1602 4063 2707 4111 geführte vieraktige Schauspiel „Das höchste Gesetz"
1602 4104 2714 4160 von T. Szafranski brachte eine von Verständnis zeugende
1610 4149 2713 4202 Durchführung des Grundgedankens, daß es „des Menschen
2866 834 3026 911 Währ
2812 886 3016 952 sich Plat¬
2802 939 3027 996 schrieben un
2802 984 3021 1043 es ständen
2802 1020 3026 1082 viel Pfund
2805 1066 3013 1125 tröstete ihr
2805 1112 2999 1168 bayerisches
2801 1154 3010 1213 trinks halt
2803 1196 3014 1254 wirsch: „I.
2803 1240 3020 1308 logischer Fr.
2803 1284 3020 1337 sollst Bier¬
2805 1328 3013 1388 Dein Wör=
2859 1367 2993 1431 Th.
2802 1395 3013 1480 soziali¬
2803 1456 3017 1513 in dem er=
2796 1501 3021 1558 meinsch¬
2803 1544 3016 1602 Saal verla
2798 1582 3030 1648 man ihm
2799 1631 3019 1697 gestohlen ha¬
2798 1676 3014 1734 und wollte,
2801 1719 3003 1775 ihn einer
2798 1758 3005 1827 Eigentümer
2791 1799 3000 1866 Theorie ge¬
2796 1846 3005 1906 „Der Spi=
2795 1891 3006 1975 Palet
2910 2117 3002 2212 Von
2863 3364 2974 3457 Geld
2792 3515 2875 3579 1.
2796 3569 2938 3617 1. d.
2792 3603 2946 3664 3. Si
2796 3649 2872 3694 4.
2791 3677 2943 3737 5. Si
2791 3723 2957 3793 6. fl
2791 3797 2957 3846 8. Lel
2791 3838 2952 3892 9. 2-
2773 3867 2947 3934 10. g 2
2813 3917 2953 3974 Diese
2778 3952 2910 4012 Wiener
2773 4000 2943 4057 Holzwarth
2773 4040 2914 4090 geführt,
2766 4078 2932 4128 Kämpfen
2773 4117 2940 4169 Meistert
2771 4155 2950 4204 und schli
