3484 4256
215 198 773 274 8. Freiwild
898 212 1322 307 box 14/4
885 1272 1466 1373 Theater und Musik.
682 1354 1721 1428 * (Uniontheater.) Von Arthur Schnitzler, dem Verfasser
611 1384 1724 1461 des Schauspiels „Freiwild, das am Mittwoch zum ersten Male
608 1437 1724 1490 im Uniontheater in Szene gegangen ist, wurde vor kurzem ge¬
602 1482 1717 1526 meldet, er sei vom militärischen Ehrenrathe in Wien seiner Charge
611 1516 1709 1562 als österreichischer Reserveoffizier (Regimentsarz der Reserve
602 1546 1715 1605 verlustig erklärt worden, weil er durch seine novellistische Studie
608 1593 1717 1644 „Leutnant Gustl“ der Ehre des österreichischen Offizierkorps nahe¬
608 1624 1712 1676 getreten sei. Wenn der Ehrenrath in dem Inhalt dieser Studie
610 1668 1718 1723 in der Schilderung des Rencontres des Leutnants Gustl mit
605 1703 1723 1753 einem Zivilisten, der qualvollen Lage des Offiziers, den der
608 1733 1723 1789 Gegner durch seine überlegene Körperkraft daran hindert, den
600 1765 1712 1835 Säbel zu ziehen, und der glücklichen Lösung der Sache durch
605 1804 1717 1860 den unerwarteten Tod des Zivilisten eine Beleidigung der Ge¬
501 1842 1711 1906 Abon sammtheit der österreichischen Offiziere zu erblicken vermochte, so
504 1895 1718 1933 Ahon erscheint es schwer verständlich, weshalb nicht schon nach dem Er¬
613 1921 1712 1990 scheinen des weit früher veröffentlichten Schauspiels „Freiwild“
597 1954 1711 2018 das hochnothpeinliche Verfahren gegen den Regimentsarzt und
602 1995 1715 2054 Schriftsteller Schnitzler eingeleitet und seine Entfernung aus dem
510 2010 1709 2095 Heere herbeigeführt worden ist. Die Verwandtschaft der beiden
514 2057 1717 2131 Dichtungen ist unverkennbar; hier wie dort sehen wir einen Offizier,
594 2114 1712 2169 der beim feindlichen Zusammenstoß mit einem Nichtmilitär der
603 2146 1708 2210 Unterliegende ist, und in beiden Fällen giebt der Tod des Zivilisten
511 2175 1703 2246 were dem Offizier die verlorene „Ehre" wieder. Ein Unterschied freilich
591 2228 1706 2276 ist dabei: Leutnant Gustl wird durch einen Zufall gerettet, indem
597 2258 1711 2320 seinen Widersacher der Schlag trifft, Oberleutnant Karinski in
597 2308 1708 2344 „Freiwild dagegen schießt seinen Gegner, der die verlangte Ge¬
591 2346 1702 2388 ungthuung verweigert, weil die Sache für ihn mit der „Züchtigung
585 2379 1711 2429 Karinskis abgethan sei, auf offener Straße über den Haufen.
594 2409 1715 2468 Schnitzler läßt in „Freiwild keinen Zweifel darüber, daß er die
594 2452 1706 2500 Scheinehre, die nach seiner Darstellung im österreichischen Offizier¬
591 2474 1703 2539 korps auch dem moralisch tief Gesunkenen bleibt, wenn er nur in
594 2521 1709 2577 gewissen Fragen „korrekt" handelt, in ihrer ganzen Hohlheit treffen
594 2565 1709 2617 will; Karinski ist ein wüster Spieler und Frauenverderber, der
594 2597 1709 2656 hämisch die Ehr eines braven Mädchens, das seine Belästigung
591 2635 1715 2697 zurückweist, verdächtigt, ein haltloser, mit sich und der Welt zer¬
594 2683 1706 2730 fallener Mensch, dem auch nicht ein sympathischer Zug eigen ist;
594 2709 1709 2763 seine „Ehre aber bleibt unberührt, bis ein Freund des von ihm
584 2741 1703 2809 beschimpften Mädchens dem Verleumder einen Faustschlag ins
587 2780 1706 2850 Gesicht versetzt. Dieser Flecken auf der Ehre Karinskis kann nur
585 2818 1709 2880 durch Blut getilgt werden, und da Paul Rönning, sein Feind,
584 2863 1703 2919 als grundsätzlicher Gegner des Zweikampfes die Forderung
593 2895 1706 2961 Karinskis ablehnt, erzwingt dieser sich die „Wiederherstellung seiner
588 2936 1703 2990 Ehre", wie schon bemerkt, durch die Tödtung Rönnings. Sehr
581 2966 1708 3033 ungünstig wirkt es, daß wir auch mit Paul Rönning, dem Gegner
579 3011 1706 3066 des Duells und jenes Ehrbegriffs, den Schnitzler als falsch kenn¬
582 3048 1705 3101 zeichnet, nicht so recht zu empfinden vermögen; sein Benehmen
582 3084 1703 3146 nach der schweren Beschimpfung Karinskis entbehrt der Würde,
579 3122 1700 3178 und was er zur Begründung seiner Weigerung, sich zu duelliren,
584 3160 1703 3219 geltend macht, besitzt keine überzeugende Kraft. Die beiden letzten
582 3196 1715 3270 Akte, in denen fast in allen Szenen nur dieser uneralickliche Ehren¬
1770 1257 2881 1339 handel in Frage kommt, fesseln den Hörer denn auch in weit ge¬
1764 1320 2883 1385 ringerem Maße als der erste Akt, der eine ganze Reihe lebendig
1770 1372 2878 1414 erfaßter Bilder aus der niederen österreichischen Theaterwelt ent¬
1770 1402 2881 1463 hält und durch Gestalten belebt wird, die mit kecken Griff jener
1773 1440 2880 1490 Welt entnommen sind, die schon Eichendorff in seiner Novelle
1761 1484 2880 1528 „Dichter und ihre Gesellen so anschaulich darstellt. Von dem
1764 1511 2881 1565 romantischen Hauch, der Eichendorffs Kordelchen rc. umschwebt, ist
1767 1552 2877 1609 hier freilich nichts zu spüren; ungeputzt und ungeschminkt, ja vielfach
1767 1594 2880 1644 roh und abstoßend, wie die Gestalten dieser verlodderten Ge¬
1770 1624 2877 1680 sellschaft, wird auch ihr Empfinden und Handeln geschildert. Im
1767 1667 2874 1714 Mittelpunkt des Interesses stand bei der Aufführung des Schau¬
1767 1702 2878 1751 spiels selbstredend der ausgezeichnete Gast der Bühne, Herr
1767 1744 2880 1795 Hubert Reusch, der gleich in den ersten Auftritten Karinskis
1764 1774 2877 1829 die nervöse Gereiztheit des schuldbeladenen Mannes erkennen
1761 1813 2877 1863 ließ, um dann im weiteren Verlaufe der Vorstellung dessen
1754 1851 2877 1903 innerliche Zerrüttung immer deutlicher im leidenschaftlich bewegten
1761 1891 2874 1945 Mienenspiel, im höhnischen oder bitteren Auflachen, in jedem wie
1762 1924 2874 1984 knirschend den Lippen entpreßten Worte hervortreten zu lassen.
1762 1968 2869 2019 Eine schauspielerische Leistung ersten Ranges, in gleicher Weise
1765 1998 2874 2057 hervorragend durch die überall zu Tage tretende scharfe geistige
1764 2042 2877 2084 Durchdringung der Aufgabe wie durch die vollendete Natür¬
1764 2075 2871 2124 lichkeit des Spiels. Ein liebenswürdiges Gegenstück zu dem
1762 2114 2881 2170 unheimlichen Karinski des Schnitzlerschen Schauspiels bot
1764 2149 2874 2201 Herr Reusch in seinem prächtigen, gemüthvollen Doktor
1754 2187 2868 2237 Volkart in Fuldas Lustspiel „Unter vier Augen, das den Abend
1761 2229 2872 2273 eröffnete. Der geschätzte Gast, dem eine sehr herzliche Auf¬
1761 2263 2868 2311 nahme bereitet wurde, hatte in dem letztgenannten Einakter in
1761 2302 2865 2349 Fräulein Halden (Hermine) eine gewandte, wenngleich an diesem
1754 2335 2862 2382 Abend nicht völlig sichere Partnerin gefunden; in „Freiwild
1754 2378 2872 2425 waren es besonders Fräulein Göricke (Anna Riedel) und die
1754 2420 2868 2464 Herren Direktor Jürgens, Scharrelmann und Colmar deren gute
1761 2449 2868 2505 schauspielerische Leistungen mit dazu beitrugen, diese Aufführung
1753 2490 2868 2539 zu der bisher einwandfreiesten der Saison zu gestalten. Fräulein
1758 2527 2871 2576 Meißner und die Herren Ahnelt, Bugge und Czerny spielten die
1758 2564 2862 2620 Szenen der „Komödianten mit augenscheinlichem Behagen und
1753 2595 1974 2656 guter Laune.
2539 2603 2839 2670 L. Ordesign.
