3484 4256
127 217 693 295 8. Freiwild
798 220 1219 311 box 14/4
437 580 1535 662 Io. Das Schiller=Theate, darf wieder einen Erfolg
351 632 1530 704 verzeichnen. Schnitzlers Schauspiel „Freiwild, das vor
358 690 1535 751 Jahren am Deutschen Theater seine Erstaufführung erlebte,
360 740 1537 795 zog am Montag Abend in das Schiller=Theater ein und übte
358 777 1526 828 auf das naivere und ungleich empfänglichere Publikum dieser
358 828 1526 877 Bühne eine nachhaltige Wirkung aus. Wiederholt wurden
351 868 1530 920 die Darsteller vor die Rampe gefordert. Und der stürmische
354 912 1526 967 Beifall war echt, er kam von Herzen, er war allgemein und
351 957 1530 1013 was mehr werth ist, war auch verdient. Wenn auch einzelne
354 1002 1533 1056 Leistungen nicht auf der Höhe standen, stellenweise der Souffleur
220 1032 307 1086 ur
346 1039 1531 1098 eine zu gewichtige Rolle spielte, das Milieu in Folge
332 1079 1535 1160 des gemischten, vorwiegend norddeutschen Idioms etwas
349 1135 1535 1184 merkwürdig anmuthete, so lag über dem Ganzen doch Stim¬
241 1177 1533 1243 „ 10 mung und ein großer Zug, der mit manchen Mängeln im
358 1215 1530 1270 Einzelnen vollständig aussöhnte. Der liebenswürdige Leichtsinn
201 1263 1530 1332 des Wienerthums und die in ihm wohnende Lebensfreudigkeit,
204 1310 1533 1390 Abonne die ihm anhaftende Oberflächlichkeit einerseits und seine sich in
351 1350 1530 1406 er den Momenten äußernde Gemüthstiefe kamen im Allge¬
1102 1395 1526 1460 Die einzelnen Fi¬
339 1397 1039 1456 meinen trefflich zur Geltung.
208 1437 1533 1495 Inhalts guren hoben sich scharf von einander ab und traten in
210 1483 1387 1540 burt plastischer, lebenswahrer Anschaulichkeit heraus.
210 1524 1526 1575 wodurch die Fähigkeit des Verfassers spricht dies umsomehr
210 1572 1535 1628 des In da nur zum geringsten Theile dem spezifisch Oesterreichischen
206 1610 1533 1676 werder Rechnung getragen werden konnte. Wenn auch dieses vom
358 1659 1535 1710 Verfasser gezeichnet werden sollte, so zeigte es sich, das seine
351 1706 1538 1755 Menschen aus, auf anderen Boden versetzt noch immer glaub¬
351 1751 1537 1807 würdig sind und seine schorfe Beobachtungsgabe auch hier,
351 1793 1537 1848 wenn auch nicht im gleichen Maße, zur Geltung gelangt.
351 1837 1538 1891 Sehr lehrreich und in Anbetracht der Verhältnisse richtiger
351 1884 1537 1933 wäre es gewesen, wenn alle Darsteller sich des Hochdeutschen
351 1926 1528 1977 bedient hätten. Dadurch wäre mehr Einheitlichkeit in die Vor¬
354 1970 1533 2022 stellung gekommen und es wäre um so angebrachter gewesen, als
351 2010 1542 2071 nur zwei Darsteller, Hr. Pategg und Frl. Ernst, des österreichischen
354 2059 1535 2106 Dialektes sich als mächtig erwiesen. Hr. Patry, der sehr charakte¬
354 2101 1542 2150 ristisch den gutmüthigen, liebenswürdigen Husarenleutnant Vogel
360 2144 1530 2204 gab und dem für die Regie ein warmes Wort der Anerkennung
358 2188 1535 2239 gebührt, sprach ungarisch-norddeutsch. Sein Bemühen hätte
354 2226 1540 2289 Lob verdient, wenn er unter seinen Kameraden und der Mehr¬
354 2277 1542 2333 zahl der Darstellenden unterstützt worden wäre. Da deren
351 2317 1538 2368 Bemühen aber sicher fruchtlos geblieben wäre, so ist es ver¬
351 2364 1545 2420 nünftig, daß sie den Versuch dazu überhaupt nicht gemacht
360 2408 1542 2464 haben. Das Stück behandelt, die bekannt, die Frage, ob man
358 2452 1544 2508 den bestehenden Ehrenkoder und das in gewissen Fällen noth¬
1139 2490 1542 2563 Besonders geschickt
351 2497 1065 2551 wendige Duell ignoriren darf.
360 2522 1537 2588 ist diese brennende Frage nicht behandelt. Der Zu¬
363 2583 1540 2635 schauer wird sogar gezwungen, das ursprüngliche Interesse
360 2628 1547 2686 für Paul Rönning, der sich schließlich als Gegner des Duells
354 2668 1542 2726 erweist, dem Anfangs höchst unsympathischen Oberleutnant
351 2714 1542 2766 Karinsky zuzuwenden, der das Duell provozirt hatte. Herr
360 2761 1545 2810 Paeschke, der die undankbare Rolle des Rönning dar¬
360 2801 1542 2864 stellte, gab sich alle Mühe, der Figur so liebenswürdige Züge
360 2852 1537 2904 wie möglich zu verleihen, aber nicht seine Schuld war es,
360 2887 1545 2946 wenn es ihm nicht gelang, tieferes Interesse einzuflößen. Herr
367 2934 1544 2988 Gregori als Karinsky gab seinem Oberleutnant gar zu
358 2976 1538 3033 düstere Farben. Er spielte ihn wie einen Intriguanten
1331 3023 1542 3079 daß seine
370 3025 1278 3096 schlimmster Sorte. Aber abgesehen davon
360 3047 1545 3122 Darstellung wohl kaum den Absichten des Dichters
360 3110 1538 3162 entsprechen dürfte, verdient er, falls man davon ab¬
363 3154 1542 3208 sieht, für die konsequente Durchführung immerhin
360 3197 1538 3253 Lob. Ueber Auffassungen läßt sich ja streiten. Vor¬
360 3238 1538 3306 züglich war Herr Kaiser als Oberleutnant Rohnstedt.
370 3285 1542 3341 Sehr diskret und wirkungsvoll spielte er besonders die
372 3327 1542 3381 Szene, in der er Rönning bittet, das Duell anzunehmen. In
367 3372 1544 3423 der schwierigen Rolle des Dr. Wellner zeigte sich Herr Holt¬
363 3410 1535 3477 haus als erstklassiger Künstler, und elegant und die humo¬
360 3454 1537 3512 ristischen Spitzen in seiner Weise heraushebend gab Herr
354 3506 1540 3552 Köstlin den Poldi Grehlinger, Lebenswahr, mit wunder¬
360 3550 1538 3604 bar charakteristischer Färbung stellte Herr Pategg den
360 3590 1542 3639 Schmierendirektor Schneider dar, und rührende, ungemein
372 3637 1544 3690 sympathische Züge verlieh Fräulein Wulf der Anna Riedel.
370 3685 1538 3733 Mit besonderer Anerkennung seien auch genannt die Herren
367 3725 1544 3779 Schmasow als eifersüchtiger Komiker, Herr Zollin als
377 3767 1545 3821 Heldendarsteller Balduin, Herr Bendey als Regisseur und
372 3814 1467 3889 Fräulein Carl Ernst als schneidige Wiener Soubrette,
1703 1294 2033 1427 Von 16
2089 1678 2708 1774 Kleines Feuilleton
1930 1765 2962 1860 Das Schiller-Theater bot seinen Besuchern gestern
1853 1830 2962 1886 zum ersten Mal ein Werk aus der Feder Arthur
1849 1867 2956 1914 Schnitzlers, das dreiaktige Schauspiel „Freiwil,
1849 1903 2934 1965 bekannt aus den Aufführungen des „Deutschen Theaters.
1856 1944 2958 2008 Das Motiv, das alle Arbeiten des österreichischen Autors
1858 1984 2956 2031 mehr oder weniger mit einander gemein haben, das Ver¬
1856 2019 2965 2089 hältniß des jungen, lebensheiteren Wieners zu dem kleinen
1856 2057 2962 2118 süßen" Mädel, liegt auch Schnitzlers „Freiwild“ zu Grunde,
1856 2099 2963 2158 nur daß die Zeichnung des Liebeslebens, der Seelen¬
1856 2143 2965 2197 stimmungen, auf Kosten einer derberen Handlung
1729 2122 1807 2214 Für
1823 2181 3072 2232 viel weniger zart und fesselnd in die Erscheinung tritt, wie in usive
1807 2211 3045 2272 20 der Filigranarbeit von Schnitzlers „Liebelei. In „Freiwild" rto.
1811 2246 3045 2309 50 versucht der Autor eine Schilderung der gesellschaftlich De¬ ba¬
1757 2282 3086 2370 „ 100 klassirten, der kleinen Komödiantinnen, die als Freiwild gelten, praus.
1849 2340 2958 2389 die jeder Kavalier glaubt rücksichtslos in das Gehege seiner
1874 2356 3107 2426 Jagd einbeziehen zu dürfen, und er versucht, ein Pen¬ st das
1703 2399 3107 2453 Abonner dant zu schaffen in den Männern, die sich in gesellschaftlicher es den
1701 2446 2967 2492 Abonner Stellung über den traditionellen Ehrenkoder hinwegzusetzen
1862 2485 2970 2546 wagen und es ablehnen, mit der Wasse in der Hand die letzte
1825 2509 3107 2584 D Konsequenz ihres Thuns zu ziehen. Die Fabel des Stückes und die
1703 2560 3107 2611 Inhalts ist nicht neu, sie ist so alt wie der Begriff der Mannesehre, ge¬
1710 2598 3105 2656 blatt und auch Schnitzler war es nicht vergönnt, mit starken Wort itung")
1706 2639 3105 2689 wodurch eine Lösung zu geben. Bezeichnend hierfür mag der Leben
1715 2674 3105 2728 des In- Umstand gelten, daß ein besonders starkes Aufgebot ungen
1713 2712 2965 2777 werden von Episodenfiguren nöthig schien, um die Wirkung des
1865 2754 2967 2808 Theaterabends herauszuholen. So blieb nicht allzu viel
1865 2794 2974 2843 Raum, um das Problem an sich zu vertiefen, eine Rechnung,
1860 2829 2970 2880 die der Dichter wohl nicht unabsichtlich aufstellte. Die Dar¬
1872 2867 2974 2925 stellung des Stückes, das besonders in den beiden letzten
1874 2916 2974 2983 Akten spannende Szenen enthält, war gestern eine recht gute,
1867 2946 2976 3004 Ferdinand Gregori, zuerst als Reichtsinniger
1870 2991 2979 3044 Oberleumant etwas zu herb im Ton, wußte im
1874 3014 2972 3077 Schlußakt als Entehrter, der sich vor seiner Welt
1874 3058 2977 3115 eigenmächtig die Ehre wieder giebt, zu packen, Mari¬
1867 3096 2972 3159 anne Wulf, wenn auch nicht sensitiv genug für die
1872 3131 2974 3187 Schnitzlersche Mädchengestalt, brachte, dank ihrer reichen
1867 3175 2977 3224 Kunst, stimmungsvolle Wirkungen zu Wege, und auch Georg
1877 3210 2976 3264 Parschke, der sich nur die Angewohnheit der steifen
1874 3252 2983 3307 Nackenhaltung abgewöhnen müßte, verstand es, als junger, reicher
1874 3292 2974 3346 Maler, der sein Leben nicht der Duc der zum Opfer bringen
1874 3335 2976 3393 will und deshalb vom Gegner als Freiwild niedergeschossen wird,
1886 3363 2979 3423 Sympathien zu erringen. Max Pategg als siebenfach
1879 3410 2983 3468 gesottener Theaterdirektor, Alfred Schmasow als welt¬
1888 3447 2976 3498 schmerzlicher Komiker der Schmiere, Friedrich Holz¬
1882 3477 2974 3534 haus als ehrlicher Freund des Malers, mit dem offenen
1882 3520 2983 3575 Blick des Lebenspraktikers, gaben zusammen mit den übrigen
1886 3557 2991 3616 Darstellern und Darstellerinnen der Aufführung lebhaftes
1879 3597 2979 3679 Kolorit. Das Publikum applaudirte stark und rief die
2792 3629 2902 3699 R. H.
1891 3641 2590 3720 Künstlerschaar häufig vor die Rampen.
