3436 4224
787 181 1201 279 box 14/2
94 192 526 279 8. Freiwi
247 237 359 299 .
104 1153 2894 1275 hichten ganz besonders hart ja selbst nicht ihre Verbreitung den Verlegern behördlicherseits Stadt Berlin außer dem Kaufpreise noch für die Brunner¬
104 1240 2904 1330 ungsfähigen Philiste denn verboten ist, sondern daß letztere vom Revier=Polizeibureau in haltung und Beleuchtung, die Kanalisation u. s. w. zu machen
104 1278 2894 1358 Kampfe gegen die Sozial der Elisabethstraße sogar den Bescheid erhalten haben, sie haben würde Eine besondere Beschleunigung dieser auch von
1762 1355 2904 1442 Revolutionär sagen, der ängstlich nach dem Beifall der „Wohl¬
609 1390 1738 1452 nur so thue, zum gemeinsamen Souper mitzubringen. Paul Rönning
1759 1424 2897 1487 gesinnten schielt. Als ob es nur einen physischen Muth gäbe und
104 1407 435 1494 senschaft.
599 1438 1734 1487 der dem Mädchen in aufrichtiger Verehrung ergeben ist, hat die
592 1466 2908 1532 Genugthuung, daß der übermüthige Kavallerie=Offizier mit seinem als ob es nicht lebensmuthiger wäre, sich und dem Theuersten,
136 1466 467 1543 Arthur Sch
602 1497 2897 1567 rechen Ansinnen abgewiesen worden ist. Er lächelt und das was man hat, ein gesundes, kräftiges Glück zu ertrotzen
146 1525 456 1581 Theater zum
1766 1539 2897 1595 Es ist möglich, daß unter den heutigen Zuständen — und da¬
599 1546 1741 1602 Lächeln erbittert den Oberlieutenant; der Offizier verlangt ein
111 1560 439 1619 suchte für sein We¬
1766 1581 2901 1633 ist die herbste Lehre in Schnitzler's Drama — Paul Rönning
602 1588 1741 1640 Erklärung für dies Lächeln. Die verweigert der Zivilis¬
111 1612 428 1672 ste Beleuchtung
602 1619 2904 1686 und es kommt zum Skandal. Wäre Paul Rönning dem Mordgeschoß des Offiziers nicht entgangen wäre. Das ist
1766 1654 2904 1710 aber nicht gewiß; und um einer im höchsten Grade selbst¬
784 1661 1741 1717 der überlegene Mann, er hätte jetzt schon
606 1672 742 1727 wirklich
108 1658 439 1741 at, dem „Lokal¬
609 1692 2908 1762 seinen Muth schwerlich an einem höchst Gleichgiltigen thätigen Eitelkeit willen versucht es Rönning nicht einmal,
115 1706 477 1776 de erbauliche Bei¬
609 1738 2915 1800 bewiesen, der unverkennbar Raufhändel suchte. Im Rauf wie sich und das Glück seines Mädchens anders zu behaupten,
111 1759 449 1818 Der Artikelschreib¬
613 1776 2901 1839 im Duellkomment wird die Frage persönlichen Muthes nicht ent= als daß er auf die brutalste Gewalt vertraut; und
125 1807 470 1863 könnte bei uns nie
1773 1811 2908 1874 so wird er zum Verräther an dem Bertrauen, das seine Ver¬
609 1825 1741 1877 chieden. Aber Herr Rönning will Leuten imponiren, an derer
108 1832 470 1898 müthliche Bonhon
609 1849 2904 1929 Meinung einem wirklich Freien nichts gelegen wäre; und als lobte ihm entgegengebracht hatte. Der Oberlieutenant ist es,
104 1874 407 1936 Schauspiel wir
606 1884 2911 1957 der Lieutenant die Mädchen vom Theater wie Freiwild be der den verhaßten Rönning niederschießt; für ihn ist der Duell¬
150 1915 418 1964 Simpelei ein
1762 1929 2908 1982 verweigerer ebenfalls „Freiwild". Mit diesem pessimistischen Ge¬
602 1936 1731 2002 trachtet und das Fräulein Riedel als „Bühnenmensch
108 1943 460 2009 Geist an sich zu
606 1971 2904 2034 beschimpft, wird er von Rönning geohrfeigt. Von seinem danken und mit der verzweifelten Frage von Anna Riedel: „Was
111 1992 456 2055 Wirkungen; und
613 2002 2908 2069 Temperament kann sich der gelassenste Philosoph hinreißen wird nun mein Loos?" schließt das Stück. Ein trübseliger Kampf,
122 2020 474 2093 Kastengesetz unter
1769 2041 2908 2103 ein trübseliges Ende. Vom echten, revolutionären Muth, der
602 2062 1752 2121 lassen; und Rönning brauchte nicht geduldig zu fragen: Kann
115 2058 512 2142 ht nur in unwesen
609 2083 2904 2177 ein bübischer Vorwurf ein braves Mädchen an seiner Ehre zukunftsfreudige Perspektiven eröffnet, ist in dem Drama nicht
1766 2124 2911 2180 die Rede. Schnitzler's seine Genrekunst gab sich poesievoller
111 2124 770 2201 pörersinn freien Menschenränken
683 2142 2911 2222 Der Offizier, der nach österreichischem Brauch im Bade als in dem Drama Liebelei. Dieser Kunst ist der Verfasser
115 2190 585 2250 ssengesetze abwägen, so
1853 2197 2904 2253 der Schilderung österreichischer Offizierstypen, des
609 2194 1745 2271 dienstfreier Mann nicht den Degen zu tragen braucht, ist nun
115 2222 585 2285 am. Die Personen, die
143 2246 2911 2319 sich nirgend auf Neuland mit einem Spazierstock bewaffnet. Er kann die Züchtigung, die wienerischen Treibens in einem Badeort, in einer kernigen
616 2274 2911 2344 ihm widerfahren, nicht mit einem Säbelhieb beantworten. Er Liebesszene treu geblieben. Der Hauptsache nach hat er
125 2302 592 2358 ben gelegentlich aber in
1769 2312 2908 2375 aber nicht ein tiefgründiges Seelengemälde geschaffen, sondern
613 2330 1518 2392 will sein anrüchiges Ansehen im Zweikampf heilen.
150 2347 592 2403 schwanken zwischen zwei
683 2340 2915 2420 Dies Duell lehnt Rönning und und entschieden ab. Sein vielmehr ein klug zugespitztes, sauber gearbeitetes Theaterstück
157 2382 575 2445 Teufel überwunden
606 2396 2915 2466 Leben hat neuen reichen Werth; er hat sich mit Anna Riedel ver= gefertigt, das durch den Schein von Aktualität noch besonders
122 2420 258 2483 Kragen.
129 2441 2058 2507 held ist Paul Rönning in lobt und beschließt, mit ihr nach Wien zu reisen, und der Ver- wirksam wurde.
1849 2462 2915 2535 Durch eine Fülle prächtig geeigneter Wiener Typen glänzte
613 2487 1661 2546 achtung der Kreise, in denen er bisher verkehrte
125 2493 592 2567 sch verlangter Vorurtheils
122 2483 2911 2594 rtheil befangen. Er wird trotzen. Aber er entrinnt diesem Kreise nicht. Zuviel diesmal die Darstellung. So treffenden Episodenfiguren, wie sie
1780 2553 2918 2615 Haus Fischer in der Gestalt des Wiener Halbkretins und
132 2556 1748 2629 und regairt andererseits von dem Blute der Menschen, die er zu verachten
1769 2598 2918 2654 „Hausherrnsohn" Poldi Grehlinger, Hermann Müller
620 2594 1738 2661 glaubt, lebt in dem seinen. Aller eitle Egoismus des Klassen
160 2615 596 2692 jener Klasse, aus der er
1773 2626 2922 2685 als gutmüthig=beschränkter ungarischer Lieutenant, Gisela
609 2643 1745 2695 befangenen bäumt sich in ihm auf. Man hat ihm gedroht
620 2664 2918 2737 Karinski lauert ihm wie ein sprungbereites Raubthier auf. Man Schneider als leichtblütige Soubrette ausarbeiteten, be¬
118 2671 596 2755 bt es ein Sommertheater,
132 2702 2918 2779 Grundsätzen des diederen hat seinen physischen Muth bezweifelt und der „überlegene gegnet man in Berlin kaum irgendwo anders, als auf dem
2180 2744 2918 2800 Herr Thielscher allerdings wußte
125 2751 2145 2821 itet. Die Herren Offiziere Mönning" lebt auf einmal wieder in abgethanen Welten. Er Deutschen Theater.
1773 2779 2922 2842 mit der grell satirischen Studie eines Theaterdirektors nichts an¬
122 2789 1745 2852 Theater, nur die Raine, will vor dem wilden verzweifelten Lieutenant stand halten
125 2824 2915 2904 hare von Prostitution noch und wenn der ihn mit dem Säbel überfällt, will er ihn zufangen. Seiner Possenkomik fehlen Witz und Schärfe. Wohl
613 2856 2915 2936 mit dem Revolver niederknallen. So grausam die Logik zu sehr norddeutsch legte der treffliche Sauer den Ober¬
167 2887 589 2946 Größenbewußtsein auf
613 2897 2915 3002 des Offiziers, so kraß das System ist, noch dem er handelt, so lieutenant Karinski an. Durch warmen Ton gewannen Rittner
118 2904 585 2985 Hitzig, verwegen, wie er ist
460 2946 2184 3047 die doch liegt doch Methode darin. Was aber soll man zu einem geistigen (Rönning) und Nissen.
125 2971 387 3033 te ein, die Spe¬
