3392 4224
214 161 440 259 8. F.
471 166 741 268 wild
358 217 443 268 .
192 626 282 710 ron.
186 660 708 755 a wurde also, in dieser Gesell¬
194 713 778 806 — das ist nicht zum sagen. Diese
285 778 775 843 nein, bei einem Genossen des
200 823 778 905 icht in die Schule gegangen. Sie
192 863 784 944 politisirt und über ganz mittel¬
194 922 778 989 r Pippich und Genossen agiren
240 964 781 1029 kümmern sich ja, nur um die
200 1009 778 1065 diese Herren im „Burggräfler
214 1116 530 1218 leton.
194 1232 406 1328 Theater.
197 1268 786 1370 un erstenmale: „Freiwild“, Schau¬
197 1359 629 1412 in Arthur Schnitzler.)
189 1378 778 1454 ivilist beleidigt, zieht den Säbel
197 1435 789 1497 in Gegner um die Ohren und die
203 1480 789 1550 bischen Lärm, den die Zeitungen
231 1522 798 1581 Wird aber der Civilist vom
206 1564 798 1638 er seinen Zorn meistern, denn er
200 1604 792 1669 gegenüber. Er muß seinem auf¬
200 1649 792 1722 halt anthun und die Beleidigung,
200 1691 795 1753 s, einstecken. Das ist aber das
197 1731 803 1804 te des civilen Standes, welche
197 1773 798 1852 heit gerathen, mit ihren mili¬
254 1812 801 1880 collidiren, haben sich oft
268 1863 798 1931 Was fange ich an, wenn
189 1883 795 1976 cirt? Man befindet sich da
189 1951 803 2013 n Situation. Will man dem
197 1984 803 2046 ungeschickten Hände gegenüber¬
217 2027 809 2097 Chance, den Muthwilligen für
186 2063 801 2128 gibt man sich aber nicht auf den
237 2111 801 2176 seinen Zorn hinunterschlucken,
200 2156 806 2232 stando und an das Bezirksgericht
220 2196 806 2266 dann nach langwierigen Pro¬
217 2235 809 2303 Geldbuße zahm genug endigt,
211 2286 812 2351 Schreibereien und Redereien das
189 2320 809 2402 it davon nehmen könnte. Die
209 2371 815 2430 ungleich, und wo der ewige
192 2404 812 2483 en, das Weib, in Betracht kommt,
192 2458 815 2520 die verzweifelte Zwangslage ge¬
254 2495 812 2554 ein junger Mensch speist mit
197 2512 817 2599 dem Mädchen in einem öffentlichen
209 2579 826 2636 her fixirt irgend ein übermüthiger
200 2621 817 2681 den gewissen Blicken, die so zu¬
214 2658 820 2726 beleidigend für den Mann sein
220 2703 826 2774 der einen harmlosen, vergnügten
197 2740 826 2816 dachte, sieht sich durch die Laune
197 2779 820 2850 arschaft dem schwersten Conflict
197 2824 820 2886 chheit im zweifarbigen Tuch gerade
200 2872 823 2937 lute oder mit seiner Ehre bereit sein,
200 2915 826 2982 heidiger aufzuwarten. Schlägt sich
192 2965 840 3050 ert also kurzweg, dann stellt er sich
896 163 1316 268 box 14/3
806 679 1136 767 reichischen Stun¬
809 705 1607 801 der orientalischen Bahnen in Uestus war
1962 741 2204 823 Frün.
812 778 1612 843 goldene Verdienstkreuz mit der Krone verliehen.
1965 767 2712 857 beiden Vicepräsidenten Grafen zung
910 798 1936 877 Olga Dworschak 1.] Heute um halb 7 Uhr Morgens
1962 801 3067 899 Helene Oettl und dem Vereinsvorstande: Herren Dr. Johann
815 857 1934 922 ist die Soubrette des Josephstädter Theaters, Fräulein Olga
1970 877 3070 947 Bruck, Franz Hochedlinger, Franz List und Karl J. Müller
817 908 1934 964 Dworschak, einem längeren Siechthum erlegen. Fräulein
1965 916 3067 981 empfangen. Erzherzogin Maria Josepha interessirte sich sehr
817 941 1928 1009 Dworschak begann ihre künstlerische Laufbahn am Badener
815 956 3075 1051 Stadttheater. Nach kurzen Engagements in Berlin und im über das Treiben in der Volksküche, besonders über die
1965 1049 3078 1116 wäre verloren, wenn dieser Schimpf ungeahndet bliebe. Aber
815 1077 1934 1147 eben in der „correcten", landläufigen Weise dem Säbel
1979 1088 3070 1161 Paul beharrt auf seinem Entschluß. „Er hat sich benommen
823 1111 1922 1184 seines Gegners zur Verfügung. Schlägt er sich aus körper
1970 1133 3075 1201 wie ein Bube, und ich hab' ihn wie einen Buben behandelt,
823 1156 1931 1229 lichen oder principiellen Gründen nicht, dann muß er die
1973 1175 3072 1235 damit ist die Sache erledigt." Karinski's Kamerad wird
823 1198 1934 1266 demüthigende Provocation in seinen besten Empfindungen
1973 1226 3081 1294 dringender, aber Paul entgegnet: „Ich kann ihm keine Ehre
817 1240 1936 1322 wühlen lassen. Reißt ihn aber die Entrüstung fort, dann kann
1976 1266 3078 1325 nehmen, wie ich ihm keine geben kann." Da schlägt Nohn¬
829 1283 1942 1356 er sicher sein, mit blutendem Schädel in irgend eine Ecke zu
1979 1299 3081 1373 stedt, andeutungsweise und voll tiefer Scham, einen Ausweg
829 1325 1934 1398 taumeln. Wenn irgendwo die Klinge eines Officiers aus der
1973 1345 3084 1407 vor. Paul solle keinerlei Gefahr laufen bei diesem Duell.
832 1370 1942 1440 Scheide fliegt, um einen allzu temperamentvollen Bürger
1973 1384 3072 1449 Aber das Duell müsse stattfinden. — „Ah, Ihr Kamerad
826 1421 1939 1480 niederzustrecken — man nennt das jawohl „züchtigen" — dann
1973 1429 3081 1494 begnadigt mich also.“ Die Verhandlungen scheitern, aber
834 1457 1948 1531 fällt die öffentliche Meinung über den Einzelnen her, da
1982 1469 3075 1536 Paul hat mit seiner Freundin beschlossen, den Ort zu ver¬
826 1491 1936 1587 man doch gegen das Princip, welches den Säbel dirigirte
1973 1514 3081 1581 lassen. Da wird er gewarnt und zur Eile getrieben. Karinski
829 1550 1412 1624 kräftige Stellung nehmen sollte.
1979 1556 3081 1621 werde sich die verweigerte Satisfaction aus Eigenem nehmen.
1979 1598 3078 1663 Nun wäre seine Abreise Flucht, und er bleibt, bleibt trotz
910 1567 1939 1660 Das Schauspiel von Arthur Schnitzler „Freiwild“
1979 1632 3092 1711 der Abmahnungen des Freundes, trotz der Bitten der Braut
823 1635 1942 1708 behandelt diese Frage mit der nöthigen künstlerischen Objectivi¬
1982 1680 3092 1742 als Freiwild für den beleidigten Officiersgedanken. Im dritten
829 1686 1945 1750 tät und mit dichterischer Lebendigkeit. Ein junger Maler,
1979 1734 3095 1807 Act geschieht dann, was geschehen muß. Karinski schießt den
834 1725 1948 1801 Paul Rönning, sucht nach schwerer Krankheit Erholung in
834 1767 1948 1838 einem Badeort. An dem kleinen Sommertheater findet er eine
1979 1781 2517 1838 unglücklichen Paul zusammen.
2072 1781 3101 1880 Die lebendigste Figur in diesem merkwürdigen Stück, in
837 1810 1945 1877 Bekannte aus der Stadt, ein junges, braves Mädchen, für
1979 1858 3095 1914 dem alle Theile Recht behalten, ist der Karinski. Er ist der
832 1849 1945 1922 das er sich interessirt. Die Officiere aber, welche hier den
1984 1897 3098 1962 Typus des verlumpten, durch die Misere elender Garnisons¬
840 1900 1953 1967 Urlaub verbringen, betrachten natürlich das Theater als ihr
1979 1945 3092 2004 nester zu tollen Ausschweifungen verleiteten Soldaten, der,
832 1939 1951 2015 ureigenstes Revier und sind entrüstet, daß Fräulein Riedel
1987 1970 3095 2044 im Grunde ein guter Kerl, nach und nach zum gefährlichen
834 1982 1953 2046 alle Einladungen zu den flotten Soupers consequent ablehnt.
1984 2018 3095 2083 Desperado wird. Fast in allen europäischen Armeen gibt es
837 2030 1953 2086 Anna Riedel sieht sich in ihrer Stellung schwer bedroht. Der
1987 2058 3101 2137 solche Existenzen. Ihr bloßes Vorhandensein schafft trotz
840 2058 1953 2131 Director sendet ihr die Kündigung, die Colleginnen ziehen
1984 2100 3095 2165 aller besseren und vorzüglichen Elemente unter den Officieren,
843 2103 1956 2176 sich von ihr zurück. Sie erfährt eben, daß man ein freies
1996 2145 3101 2210 eine permanente Gefahr. Ausgerüstet mit allen Vorrechten
840 2148 1953 2224 Wild wird, für Jedermanns Jagdlust, wenn man zum Theater
1990 2187 3101 2249 ihres Standes, übermüthig und herausfordernd durch ihre
848 2190 1936 2269 geht. Der Lieutenant Karinski stellt ihr am meisten nach.
1996 2221 3101 2294 stete Bewaffnung sind die Karinski immer von einer schicksals¬
840 2232 1956 2311 wittert in Paul den Nebenbuhler und provocirt ihn am
1998 2272 3103 2342 schwangeren Atmosphäre umgeben. Mit großer dramatischer
846 2297 1133 2365 Kaffeehaustisch.
1990 2314 3101 2385 Kraft hat Schnitzler gezeigt, wie von Karinski Ereignisse provocirt
933 2292 1962 2413 Paul aber schlägt bei dem ersten unfläthigen Wort, das
1993 2356 3098 2430 werden, die dann lediglich durch die besondere Art Rönning's
840 2379 1959 2449 Karinski über Fräulein Riedel gebraucht, dem Herrn
1998 2399 3103 2464 einen anderen als den typischen Verlauf nehmen. Es ist ein
848 2421 1962 2492 Lieutenant mit der Haud in's Gesicht. Mit einem lauten
1998 2438 3103 2503 ungemein feiner Zug, daß Paul Rönning weder ein
848 2466 1962 2534 Schrei fährt der geprügelte Officier nach seiner Linken —
1996 2483 3103 2548 Principienser, noch ein programmmäßiger Gegner des Duells
843 2500 1967 2568 der Säbel fehlt, denn man ist auf dem Lande und die
2001 2523 3106 2590 ist. Er will ein Mensch sein, weiter nichts, und er will sich
851 2551 1973 2616 Officiere gehen mit leichten Spazierstöckchen umher. Mit
1996 2565 3106 2630 weder durch die Karinskis, noch durch die Grehlingers
857 2588 1959 2661 diesem Auftritt schließt der erste Act. Im zweiten Aufzuge
2001 2610 3101 2695 darin hindern lassen. Das Schnitzler ihn als Reconvale¬
846 2633 1973 2703 hat Paul die Secundanten Karinskis abgewiesen — er schlägt
2010 2647 3109 2723 scenten darstellt, als einen, der vom Tode auferstanden ist
863 2669 1965 2745 sich nicht. Seine Freunde kommen und bieten ihm ihre
1996 2698 3109 2754 und nun erst recht den köstlichen Werth des Lebens erfaßt
857 2720 1965 2785 Dienste an, er dankt, er braucht diese Dienste nicht, weil er
2004 2743 3112 2799 hat, macht ihn uns begreiflicher und besser. Rönning hat den
860 2757 1970 2827 keine Lust hat, sich erschießen zu lassen. De kommt ein
2007 2776 3112 2841 Lieutenant Karinski geohrfeigt. Er hätte es im Ballsaal, im
863 2796 1973 2869 Kamerad Karinski's noch einmal. Er will als Mensch mit
2013 2813 3103 2892 Privatsalon, überall gethan, wo der Lieutenant einen Säbel
860 2844 1976 2912 Paul reden; als Officier darf er es ja nicht mehr, und er
2004 2861 3109 2926 nicht zur Hand hat, aber auch überall da, wo er ihn gehabt
860 2889 1979 2957 bittet den jungen Maler darum, Karinski die verweigerte
865 2912 3106 3039 Genugthuung zu geben, Karinski damit zu retten, denn er hätte. Wäre Karinski bewaffnet, so würde er drein¬
