3436 4256
168 171 282 282 8.
870 171 1277 271 box 14/2
339 175 703 285 Freiwild
3075 977 3164 1060 e
2822 1010 3336 1106 Debatte angenom
1648 1006 2797 1145 gung natürlich ist, daß Schwarz auch die favorisirte Farbe
1060 1056 1616 1167 -
2818 1095 3321 1167 zu teuer Gewerbe=Novelle
1648 1102 2786 1181 überall ist, wo die Regierung ihren Einfluß kann gelten
2818 1138 3336 1202 Glanz zu Ende des vor
471 1085 1613 1224 unterwerfen müsse wie die Minorität in Oberösterreich, hier
1652 1152 2783 1231 machen. Das Märchen, daß die Compromisse im Groß
2818 1184 3332 1256 Weihnachtsferien ging, ein
474 1170 1627 1259 es: Ja, Bauer, das ist ganz etwas Anderes: Die nieder¬
1648 1192 2790 1281 grundbesitze geschlossen wurden, um Interessen des Groß¬
2818 1238 3332 1306 großen Theiles der Abgeor¬
474 1217 1616 1306 österreichischen Clericalen lehnten jede Verhandlung ab= und
1652 1245 2783 1324 grundbesitzes zu schützen, ist gut genug für unmündig
474 1274 1616 1349 verlangten bedingungslose Aufnahme in die Candidatenliste
471 1277 3346 1452 Vernünftigerweise hätte damit das Compromiß gescheitert Kinder. Die Wähler des Großgrundbestes selbst sind gar aus der gegenwärtigen 8.
2833 1377 3353 1452 hingeben, zumal die beiden Pa¬
1655 1388 2800 1473 zuzuschreiben sein; Jener setzte den ganzen Reichthum seines
2833 1427 3325 1498 und Rosa Poppe mit echtem
1652 1438 2793 1530 Temperaments und Humors, Frau Sorma ihre ganze An
853 1427 1266 1555 Feuilleton.
2843 1473 3350 1548 Schalkspaar durch Vollmer
1659 1488 2797 1566 muth und Leidenschaft an die drei so verschiedenen Aufgaben
2850 1523 3332 1591 Humor gespielt wurden.
375 1438 742 1609 en
1662 1545 2479 1623 die ihnen an Einem Abend gestellt waren.
785 1530 1341 1620 Berliner Theaterbrief.
2829 1563 3346 1630 behauptet worden ist, diese
1762 1563 2800 1662 Im königlichen Schauspielhause hielt die neue Romanti¬
603 1577 1498 1712 van de Namen und Hrn. Die Dauer der Uhr)
2836 1605 3332 1687 ebensogut auf spanischen
1666 1623 2786 1720 zuerst ihren Einzug mit Rudolph Lothar's „Königsidyll
1181 1637 1595 1730 Berlin, 8. November.
2843 1662 3350 1730 spielen können. In der
1666 1684 2804 1759 und später mit einem vom Heldenliebhaber der Hofbühne
2836 1705 3314 1777 Oertlichkeit steht Lothar
578 1687 1630 1784 Auf dem Theater war es in der bisherigen Spielzei¬
1673 1727 2800 1812 für diese bearbeiteten Drama des Spaniers de Rojas, des
2836 1745 3353 1823 Boden, hat er sichtlich sor¬
485 1769 1630 1844 nichts mit der Armeleut=Geschichte und der unerbittlichen
1670 1777 2800 1855 bedeutendsten Nachfolgers Calderons, dem „Grafen von
2847 1794 3343 1873 schöpft und in den Volks¬
485 1812 1627 1877 Schilderung menschlichen Elends, wie sie im October au
1666 1827 2800 1898 Castañar", auf den wir in anderem Zusammenhange zurück
2840 1852 3353 1905 Auftritten der Gemeindew.
485 1855 1630 1944 dem Gothaer Socialisten=Congresse von der Partei Steiger
1666 1873 2808 1951 kommen wollen. Das Stück Rudolph Lothar's, des jungen
2843 1898 3343 1962 Volkes treu geschildert. An
492 1901 1634 1984 als die wahre Aufgabe der Kunst hingestellt wurde. Viel¬
1670 1919 2800 1994 vor Kurzem nach Berlin übersiedelten deutsch-ungarischen
2840 1944 3361 2016 Millenniumsfeste und eben
492 1948 1634 2026 mehr hat es ganz den Anschein, als kehrten alte romantische
1666 1966 2800 2037 Schriftstellers, behandelt in zierlichen, wohlgeformten Verse
2843 1987 3328 2058 Wahlen, hätte er vielleich
496 1998 1637 2076 Neigungen zurück. Mit Freuden wiegte man sich auf den
1670 2019 2811 2087 den lustigen Verkleidungsroman, in welchem der Ungarn¬
2843 2037 3332 2101 Berlin, wo das Lustspiel
492 2044 1641 2116 melodischen Rhythmen Halm's, als im Berliner Theater
1677 2062 2804 2137 könig Mathias Corvinus als schlichter Jägersmann die
2833 2087 3350 2162 erfolg hatte, während die
492 2091 1630 2187 die liebenswürdige Teresina Geßner — die Gattin Sommer
1684 2101 2804 2190 schöne Beatrice von Neapel gewann. Durch Stellvertretung
2843 2133 3361 2215 auf Herz und Nieren prüf
496 2137 1630 2215 storffs — von einem auf der Bühne erlittenen Bein
1673 2155 2804 2233 war sie ihm vermält, ihm, dem heißblütigen Helden, grau
2932 2176 3339 2258 Nichts mit Romantik
496 2183 1641 2255 bruch geheilt, mit geraden Gliedern und unverminderter An¬
1673 2201 2811 2276 vor dem fremden Weibe, welches die Staatsraison an seine
2847 2230 3350 2312 haben Franz v. Schönthan
499 2233 1641 2308 muth seelenvoll die schmelzenden Liebesverse im „Sohn
1677 2248 2808 2319 Seite ketten will. In wilder Gluth entflammt er für ein
2854 2280 3336 2351 thun, aber auch sie ziehen
831 2276 1645 2369 sprach. Ein Stück Romantik ist das
499 2297 803 2369 der Wildniß
1677 2290 2815 2372 herrliches, lebensprühendes Bauernmädchen, welches in dem
2843 2326 3311 2401 kehrenden Geschmack an
510 2319 1637 2412 Hervorholen des spanischen Dramas und das Wieder
1677 2340 2804 2419 Dorfe, wo er als Fremdling einkehrte, ihm begegnet ist
2847 2376 3357 2444 Herr v. Schönthan, der
503 2369 1645 2447 aufleben des Verses, geschichtlicher Gestalten, Stoffe und
1684 2387 2815 2469 seine Neigung erwidert, seinem stürmischen Verlangen aber
2850 2415 3368 2490 verbunden hat, brachte be¬
503 2412 1637 2522 Darstellungsweisen in der modernen Production. Suder
1691 2444 2815 2508 standhaft widersteht, bis er, den sein verschmitzter Diener
2847 2465 3361 2536 Stücke auf den Markt, in
674 2469 1648 2554 der seit dem Beginn seiner Laufbahn eine
503 2497 646 2558 mann
1680 2483 2822 2561 Tibor ihr längst verrieth, in der schönen Bäuerin die
2854 2515 3368 2597 Handlung durch den gese
521 2515 1645 2597 feine Spurnase für die zeitgenössischen Neigungen bewies
1680 2533 2822 2608 Gemalin erkennt, die ihm in der Ferne vermält worden
2847 2561 3368 2636 So präsentirte sich „Comte
503 2565 1645 2647 hat in zweien von seinen neuen drei Einactern, dem
1680 2583 2822 2654 war. Neben diesem Königsidyll geht, gleichsam ein Satyr¬
2850 2608 3393 2683 Groß, welche mit einer glä¬
521 2608 1645 2686 „Ewig-Männlichen" und dem „Teja", dort mit dem
1691 2622 2818 2704 spiel im Stücke selbst, die heitere Liebesgeschichte des
2847 2654 3364 2722 und Routine auch die
510 2661 1655 2733 Verskleide für die Satire, hier mit der Wahl des ge¬
1677 2668 2822 2747 Schalks Tibor einher, der einst des Bauers Michael Töchter¬
2847 2704 3361 2776 kleiden, verbindet) im C
510 2697 1648 2786 schichtlichen Stoffes Zugeständnisse gemacht, ohne dabei im
1677 2718 2822 2790 chen Irmula liebte, aber als Pferdedieb gehenkt, vom Galgen
2850 2743 3343 2822 vorigen Jahre und gefiel.
514 2754 1648 2825 mindesten seine Individualität zu verleugnen. Im „Ewig¬
1684 2772 2825 2847 in räthselhafter Weise verschwunden war und nun unerkannt
2854 2797 3307 2865 Berliner Theater von
510 2797 1652 2879 Männlichen" spielt seine leichtfließende Beredsamkeit geschickt
1684 2811 2822 2886 als sein eigener Doppelgänger zurückgekehrt ist, jedoch durch
2861 2843 3378 2922 „Renaissance" und am 4
510 2843 1652 2915 und kokett mit den Problemen der Liebe, während die
1698 2858 2818 2943 seine Schlauheit und in der Sonne der Königsgnade Brau
2854 2886 3350 2961 wieder mit Jenny Groß,
510 2890 1652 2968 düstere Heldengestalt des todtgeweihten Gothenhelden Tejo
1687 2904 2822 2982 und Leben gewinnt. Für Leute mit erzogenem literarischen
2854 2936 3296 3011 und Franz Schönfeld
514 2936 1652 3011 neben der rührenden, an seiner Seite im Angesichte des
1695 2961 2822 3032 Sinn und prüfendem Auge stört die unverkennbare litera
2861 2986 3336 3043 Gewand der italienischen,
510 2975 1652 3057 Unterganges vom Kinde zur Heldin werdenden Bathilda
1691 3000 2818 3075 rische Herkunft des Stückes. Man sieht, wie die zweipaarig
2858 3040 3339 3107 immer das gleiche Recep¬
510 3025 1652 3104 würdige Gegenstände für seine vorwiegend pathetisch ange¬
1695 3047 2822 3132 Handlung dem älteren spanischen Schauspiele, der Vers der
2858 3089 3328 3157 libers in alterthümelnden
514 3075 1655 3161 legte Begabung boten. Daß Sudermann mit diesen Werken
1691 3093 2822 3172 modernen retorischen Romantik Doczischer Manier nach
2861 3125 3339 3200 der gleiche äußere Erfolg
514 3125 1652 3207 wie mit dem „Fritzchen" hier im Deutschen Theater stärken
1695 3132 2825 3229 gebildet ist, der komische Apparat mit allen Mitteln arbeitet
2861 3175 3375 3239 leichten Waare die Lacher
514 3172 1652 3246 einschlug als an demselben Abend in Wien, wird, abgesehen
1691 3189 2833 3261 Der unbefangene Zuschauer konnte sich dagegen gern der heiteren
514 3225 1666 3293 von örtlichen und persönlichen Umständen, vor Allem der
521 3214 3378 3378 gerialen Künsterschaft von Joseph Kainz und Agnes Sorma Verschlingung der Fabel und dem leichten Flusse des Verses Sache ein besseres Aussehen
