3484 4384
181 168 498 281 8. Frei
544 173 684 274 il
876 151 1273 252 box 14/3
2184 354 2920 423 Oberlieutenant Rohnstedt ihn ansteht, in
2194 406 2924 466 das Duell, wenn auch nur zum Schein, zu
2190 445 2926 516 willigen, da Karinski sonst schimpflich sei¬
2194 483 2920 546 nen Abschied nehmen muß und vernichtet
2194 535 2922 595 ist, bleibt Könning kalt ablehnend. Mag
2194 570 2924 626 Karinsik mit seinem Leben anfangen, was
2199 609 2924 671 er will, sich erschießen, flüchten — ihn sicht
2194 654 2932 712 es nicht an. Er bleibt seinem Prinzip treu.
2194 690 2930 762 Mit Anna, der er Herz und Hand anträgt,
1599 703 2009 779 Theater und Musik.
2199 732 2932 805 will er den Ort verlassen, er ist unabhängig
2190 779 2928 865 und reich, und Beide wollen das Leben ge¬
1614 800 2007 872 Irving Place Theater.
2199 829 2333 885 nießen.
1480 841 2179 910 Die Duellfrage scheint auf die deutschen
2238 841 2930 915 Jedoch er verläßt den Ort nicht, denn
1446 900 2166 954 Autoren noch immer eine wahre Faszina¬
2201 898 2934 962 Karinski lauert ihm auf. In dem Garten
1444 941 2177 995 tion auszuüben; in dieser oder jener Form
2205 943 2937 1010 des Sommertheaters, wo der erste Akt sich
1450 982 2939 1040 taucht sie nahezu bei jedem auf, ob er nun abspielt, treffen die Beiden wieder zusam¬
1452 1025 2179 1087 für die Bühne schreibt oder seine Lorbeeren
2201 1021 2928 1087 men und der Officier, der in eine Sackgasse
1450 1062 2177 1122 auf dem Gebiet der Novellistik sucht. Paul
2205 1064 2934 1137 getrieben ist, fordert den Gegner noch ein¬
1450 1113 2177 1167 Heyse, Alexander von Roberts haben sie
2205 1105 2934 1167 mal auf, sich mit ihm zu schlagen. Als wie¬
1450 1148 2175 1202 dramatisch behandelt, Spielhagen berührt
2201 1146 2934 1206 derum die Antwort verneinend lautet, er¬
1457 1189 2179 1254 sie zu wiederholten Malen in seinen Ro¬
2205 1185 2934 1252 greift Karinski seinen Revolver und schießt
1513 1230 2175 1286 en, und auch der Modernsten einer, Ar¬
1450 1228 2935 1325 thur Schnitzler, hat ihrer Behandlung sein Rönning, der sich ihm im Duell nicht stellen
2214 1284 2453 1347 wollte, nieder.
1450 1312 2181 1364 dreiaktiges Schauspiel „Freiwild gewid¬
2246 1303 2945 1374 Diese einfache Handlung hat Schnitzler
1456 1364 2192 1411 met. Das interessante Stück hat gestern
2210 1346 2948 1416 mit großer Natürlichkeit entwickelt und fol¬
1459 1398 2181 1454 Abend vor einem in Anbetracht des sint¬
2210 1396 2941 1463 gerichtig durchgeführt. Freilich erscheint
1459 1433 2181 1498 fluthlichen Wetters wohlgefüllten Haus¬
2210 1437 2947 1519 Rönning wohl zu sehr als das personificirte
1461 1478 2188 1536 seine amerikanische Première im Irving
2216 1476 2954 1539 Princip gegen das Duellwesen, und hier
1459 1528 2186 1582 Place Theater erlebt und hat die Theil¬
2214 1526 2952 1594 hätte Schnitzler entschieden feiner motiviren
1461 1558 2186 1640 nahme des Publikums in starkem Maße ge¬
2214 1558 2950 1625 müssen. Rönning ist zu sehr nur Raisonneur,
2220 1608 2956 1664 und wandelt zu sicher auf seiner Bahn, als
1459 1612 1582 1674 fesselt.
1506 1642 2945 1703 Es ist dies immerhin ein Beweis, daß daß er ganz den Eindruck der Naturwahrheit
2216 1683 2950 1744 machte. Das schmeckt doch etwas nach Prin¬
1461 1690 2188 1746 Schnitzler sein Thema mit großem Ge¬
1476 1722 2948 1791 schick behandelt hat, denn wir stehen ja that¬ cipienreiterei, und wenn man auch innerlich
2220 1767 2952 1832 auf seiner Seite steht, so weiß man doch,
1476 1774 2190 1841 sächlich dieser ganzen Frage platonisch ge¬
2220 1817 2956 1873 aus wie vielen Widersprüchen selbst die
1474 1815 2192 1877 genüber. In Amerika giebt es keine Duell¬
2223 1845 2954 1923 festesten Charaktere zusammengesetzt sind,
1476 1858 2192 1923 frage, schon seit Jahrzehnten nicht mehr
2220 1886 2965 1953 als daß man sich ganz von diesem jungen
1470 1907 2192 1961 und viel mehr als bei anderen Stücken vor
1465 1935 2956 2000 allgemein menschlichem Interesse muß der Menschen könnte überzeugen lassen, der ohne
2229 1985 2958 2037 innere Kämpfe unentwegt die ihn umringen¬
1474 1985 2192 2043 Zuschauer sich in Verhältnisse zurückversetzen
1469 2011 2960 2080 die einst vielleicht volles inneres Leben für den Verhältnisse überwindet. Ein glänzen¬
1470 2052 2961 2117 ihn hatten, die aber jetzt jede Aktualität für des Stück wahrer Charakteristik dagegen ist
1469 2097 2958 2154 nen haben. Det einem deutsch=amerin, under Revolverschuß im letzten
1470 2138 2969 2201 rikanischen Publikum darf man nun aller¬ ist nur die letzte und zugleich wahrhaf¬
1469 2184 2784 2244 dings immer noch eine tiefere Theilnahme teste Kundgebung seiner Natur.
2268 2212 2975 2292 Neben diesen kurzfkizzirten Hauptcharak¬
1469 2242 2207 2287 voraussetzen, denn unsere Empfindungen
2229 2264 2960 2324 teren hat Schnitzler noch einige humorvolle
1469 2276 2199 2326 wurzeln ja noch zum großen Theil im Bo¬
2229 2304 2965 2367 Typen aus der kleinen Künstler=Bohème
1470 2313 2195 2374 den des alten Vaterlandes; wir versteher
1469 2345 2960 2410 noch die Empfindungen, die eine gewisse gezeichnet, namentlich der eifersüchtige Ko¬
1474 2384 2963 2455 Klasse dem Zweikampf entgegenbring, auch miter Enderle, die Soubrette Pepi Fischer
2225 2428 2958 2496 und Direktor Schneider sind höchst gelun¬
1469 2442 2195 2518 wenn sie für uns gewissermaßen nur Re¬
2235 2484 2971 2561 gene Gestalten voll humoristischer Wirkung.
1459 2484 1776 2550 miniscenzen sind.
2270 2512 2969 2579 Den Karinski gab Herr Strobl vielleicht
1515 2499 2207 2576 Schnitzler stellt in Paul Rönning einen
1476 2555 2975 2620 Charakter in den Mittelpunkt der Hand=was zu düster im Kolorit, doch führte er
2238 2606 2969 2661 die Rolle einheitlich durch. Man glaubte
1484 2613 2207 2660 lung, der über das Duell genau die vorge¬
2238 2641 2971 2710 ihm vollauf den Revolver Schuß.
1489 2654 2207 2704 schrittenen Gedanken hegt, wie zweifellos
1474 2678 2969 2738 der größte Theil des Publikums, das seine Herr Faber gab den Rönning im Ganzen
1484 2721 2973 2779 tapferen und vernünftigen Worte gestern mit gutem Gelingen, nur sollte er seiner
1480 2768 2973 2838 Abend oft stürmisch applaudirte. Rönning Neigung zum Posiren mit unerbittlicher
1484 2811 2969 2870 geht sogar noch einen sehr beträchtlichen Strenge entgegenarbeiten, sie verleiht seinen
1480 2853 2214 2915 Schritt weiter: er hält das Duell, soweit
2238 2853 2975 2913 Charakteren etwas Eiles und Unaufrich¬
1484 2896 2210 2943 er selbst in Frage kommt, nicht allein für
2238 2900 2984 2956 tiges. Fräulein Braga fand für die brave
1476 2937 2214 2988 einen vollständig überwundenen Stand¬
2294 2935 2978 3006 na die schlichten Töne und die überzeu¬
1484 2982 2212 3029 punkt, er zeigt auch den vollen Muth seiner
2244 2982 2975 3044 gende Herzenswärme. Ein guter, würde¬
1480 3021 2216 3068 Meinung durch die That. Für seine Ueber¬
2242 3019 2975 3081 voller Rohnstedt war Herr Senius und als
1480 3055 2207 3118 zeugung wird er das Opfer eines Mordes
2238 3064 2975 3122 Wiener Gigerl, der aber für das Duell
2246 3105 2978 3167 schwärmt, brachte Herr von Seyfferlitz in
1590 3099 2203 3243 sen
2244 3150 2980 3215 der Rolle des Poldi Greßlinger die Lacher
2240 3193 2969 3245 auf seine Seite. Eine treffliche Charge
2238 3234 2975 3286 war der Enderle des Herrn Hanno, voll
2238 3275 2975 3327 komischer Nuancen, und Frl. Estrée als
2238 3312 2975 3377 Pepi bot eine gute Studie einer kleinen
2238 3358 2975 3407 Schmieren=Soubrette. In den übrigen
2238 3411 2986 3463 Rollen sind noch Herr Ascher, Herr Heber
2246 3442 2984 3515 als Dr. Wellner, Herr Horwitz und Herr
2244 3487 2626 3552 Müller hervorzuheben.
2279 3528 2978 3582 Das Publikum nahm das Stück mit
2244 3571 2978 3632 großem Interesse entgegen, applaudirte
2246 3614 2976 3666 mehrfach sogar bei offener Scene und rief
2246 3651 2982 3713 die Darsteller nach allen Aktschlussen wie¬
2244 3703 2676 3754 derholt vor den Vorhang.
2289 3733 2978 3787 Heute gelangt als volksthümliche Vor¬
2255 3778 2982 3834 stellung das reizende Lustspiel „Mauer¬
2250 3826 2984 3901 blümchen" von Blumenthal und Kadelburg
2244 3865 2538 3942 zur Aufführung.
