3436 4448
356 168 715 262 Freiwild
195 165 314 255 8.
887 161 1299 266 box 14/3
2216 782 3167 869 tout wird, sondern wenn man in dem Flugblatt
300 794 2186 876 og Mersburg erforderlich. Der bisherige beschloß: Die Vereinigung „Vorwärts“ ist aufzu
2213 850 3163 917 auch auf nachstehenden im Druck ebenfalls hervor¬
1262 857 2186 921 lösen, ihr Organ „Der Sozialdemokrat" geht ein
172 850 1235 925 om Vertreter Abg. Stephan (Reichspartei) ist an
195 906 2628 988 Etat Dienstag plötzlich gestorben. Bei der Wahl von die Sektionen sollen der Arbeiterunion beitreten gehobenen Satz stößt:
2287 925 3156 1011 „Deshalb bekennt sich jeder Eisen¬
1258 962 2198 1022 und von dieser sofort wieder aufgenommen werden.
180 966 1232 1030 Frage 1893 wurde Stephann mit 8229 Stimmen gewähl¬
1265 992 3160 1067 Nach dieser Aufnahme sind Vorstand und alle bahner durch den Eintritt in den Ver¬
303 1018 1239 1074 während 5212 auf den Kandidaten der Freisinnigen
180 1030 281 1089 sischen
2213 1037 3163 1108 ein als Gegner der sozialdemokratischen
180 1056 2190 1153 Ackerei Volkspartei und 2242 auf den sozialdemokratischen Komitees der Arbeiterunion neu zu wählen. An
2213 1093 3175 1161 Grundsätze und Bestrebungen und ver¬
1265 1108 2190 1168 1. Juli 1897 hat dieselbe darüber abzustimmen
180 1119 651 1198 Erden. Kandidaten fielen.
2216 1138 3167 1232 pflichtet sich, getreu nach den im Statut nieder¬
468 1138 2179 1235 (Zur Affaire Tausch.) Der langsame ob Mar vorläufig Redakteur der „Tagwacht
180 1176 281 1235 inu
2220 1187 2853 1269 gelegten Grundsätzen zu handeln.
176 1198 2194 1265 wesen Verlauf der Untersuchung gegen den Kriminal bleibt oder nicht; in ersterem Falle gilt die Wah
2295 1220 3163 1314 Die Zentrumsabgeordneten Dr. Pichler,
165 1250 2194 1325 ung, kommissar v. Tausch hat an „maßgebender Stelle bis 1. Januar 1898, auf welchen Termin ein¬
172 1273 3171 1385 at der Anlaß gegeben, eine möglichste Beschleunigung ordentliche Wiederwahl des Redakteurs vorzu Dr. Schädler, Staatsanwalt Söldner,
303 1374 3175 1453 der Widerspruch, in dem der Ehrbegriff einer bestimmten menen Menschen. Die Erfolglosigkeit seiner Bewerbungen des Stückes entscheiden. Es fragt sich zunächst, ob die
303 1415 3156 1498 Klasse zu dem Rechtsbewußtsein des Volkes steht, so klar reizt ihn dazu, in der Wuth schmähliche Ausdrücke über Personen seines Stückes, die zu der ritterlichen Ehr¬
187 1456 3160 1554 Januar zu Tage getreten, daß er zur Erörterung zwingt, und die Dame zu gebrauchen in Gegenwart ihres Freundes Stellung nehmen, wirkliche Menschen sind. Ein Offizier
172 1490 3156 1610 Arthur unsere Dramatiker sind auch Menschen, an denen der Paul Rönning (Otto Pahlau). Die Beleidigung trägt steht im Banne der Anschauungen seiner Klasse und kann
1269 1546 3163 1602 ihm eine Ohrfeige ein. Nun heißt es natürlich: Duell, so lange er nicht aus ihr ausgetreten ist, auch nicht aus
311 1561 1056 1625 Streit des Tages nicht spurlos vorübergeht.
2231 1580 3171 1632 ihren Anschauungen heraus. Schnitzler hat Karinski,
382 1576 2209 1662 Der Titel „Freiwild“ ist nicht eindeutig, und es tritt Aber Rönning hat nicht das mindeste Verlangen, sein
195 1595 296 1670 Stü=
191 1621 3171 1707 seinen nicht mit voller Klarheit hervor, wie ihn der Dichter ge¬ Leben auf's Spiel zu setzen, und ist gewillt, die Folgen der nur in seiner Klasse möglich ist und unmöglich wird,
2228 1658 3160 1715 sobald er aus ihr ausgestoßen wird, ebenso verständniß¬
180 1673 2201 1748 rektion meint hat. Das Wild, das die Herren Offiziere in dem seines Schrittes zu tragen. Es kümmert ihn wenig, da
1273 1696 3171 1763 einige seiner Bekannten den Verkehr mit ihm abbrechen, voll gezeichnet wie den Lieutenant Rohnstedt, der sich
180 1730 1250 1786 so sehr Stücke zunächst jagen, sind Schauspielerinnen, und dan
1273 1730 3171 1804 da er satisfaktionsunfähig geworden sei. Er ist taub über den Werth der Offiziersehre klar ist und als Mensch
311 1767 1247 1819 wird ein Zivilist, der sich zum Beschützer der einen Schau
1273 1775 3167 1846 gegen die Bitten eines Kameraden des Karinski, des ein anderer ist denn als Offizier. Er hat die Gecken
180 1786 1247 1857 die ver= spielerin aufwirft, gesagt und zur Strecke gebracht. E
2231 1808 3167 1879 Poldi Grehlinger vorzüglich hingestellt, den den Ge¬
1277 1823 2209 1879 Oberlieutenants Rohnstedt (Robert von Lenor), der ein
172 1853 1254 1906 In der fragt sich, ob unter Freiwild die Schauspielerinnen zu
172 1849 3171 1943 Erfolge verstehen sind oder der Zivilist. Das Stück spielt in Scheinduell vorschlägt, damit wenigstens äußerlich die sellschaftsmenschen, der nie korrekt ist. Als zum min¬
195 1887 3175 1992 Folge einem kleinen Badeort in der Nähe von Wien, offenbar Form gewährt und Karinski nicht in der Armee un desten uninteressant ist Paul Rönning gezeichnet, der
318 1936 3175 2018 in einem Modebad mit seiner Atmosphäre des Nichts=möglich werde. Aber ebenso starrköpfig handelt Karinski Gegner des Duells. Er soll eine Künstlernatur sein, aber
1273 1965 3167 2040 nach den Anschauungen seiner Kaste. Wird ihm Genug- wir erfahren so wenig über ihn, das wir kaum die
180 1984 1254 2055 Theil thun und Vergnügens. Zur Erheiterung der Bade
180 2003 3171 2096 danken, gäste trägt ein Sommertheater bei, dessen Pesonal uns thuung nicht gegeben, so will er sie nehmen. Er will Umrisse seines Wesens erkennen. Er wird uns nie so
180 2037 3175 2149 Haufen auf das ergötzlichste vorgeführt wird. Der Herr Direktor Rönning um jeden Preis stellen. Nun geschieht das recht lebendig wie die Personen, die ihn umgeben, und
1280 2082 3175 2153 Merkwürdige, daß Rönning nicht zu bewegen ist, der hier ist die Achillesserse des Stücks. Vorzüglich ist die
318 2119 1254 2175 (Max Neumann), der sein Theater gern ein Kunstinstitu
176 2134 292 2183 Für ein
176 2134 3178 2216 dien be¬ nennt, spekulirt stark in Beinfleisch. Er sieht es gern, Gefahr aus dem Wege zu gehen. Er hat sich mit der Schilderung des Schauspielervolkes gelungen, und vor¬
168 2160 3171 2254 erregt, wenn seine Künstlerinnen dem Logenpublikum gegenüber Schauspielerin verlobt und sieht, reich und unabhängig züglich wurde das Völkchen gespielt. Die HH. Neumann,
2231 2201 3175 2254 Martini, Sieder und die Damen Nebauer und Hebbel
1280 2216 2213 2269 wie er ist, ein glückliches Leben vor sich. Aber die Bitter
322 2239 1258 2295 sich gefällig erweisen und es erregt sein äußerstes Mißfallen
180 2246 288 2299 Säbe
172 2239 3167 2336 Stück daß seine Naive, Anna Riedel (Frl. Behrens) nicht in der Braut und des Freundes, die Stadt zu verlassen, hatten ihren großen Tag und verdienten den reichen
1284 2276 3171 2347 sind vergebens. Er zeigt seinen Muth, indem er wie Beifall, den sie ernteten. Angenehm überraschte Herr
183 2310 1254 2374 freilich den Spuren der Soubrette (Frau Nebauer) und de
322 2317 3182 2415 zweiten Liebhaberin (Frl. Hebbel) wandelt, die mit den bisher sich öffentlich zeigt. Karinski hat ihm aufgelauert, v. Lenor als Lieutenant Rohnstedt, der sich diesmal dem
2246 2355 3178 2415 Zusammenspiel vortrefflich einfügte und nicht ins Publi¬
161 2370 300 2433 ange
142 2374 2220 2475 Bar, als Offizieren die Nacht hindurch beim Champagner sitzen, stellt ihn, verlangt zum letzten Male „Genugthuung
2243 2400 3178 2448 kum hineinspielte. Herr Klein=Rhoden erzielte als Poldi
172 2415 2216 2490 chen der Er chikanirt in Folge dessen die junge Schauspielerin und und schießt Rönning über den Haufen, als er sie wiede
2243 2433 3175 2490 Grehlinger einen verdienten Heiterkeitserfolg. Als Anna
1284 2448 2220 2508 verweigert. Die Schauspielerin steht an seiner Leich¬
172 2467 1262 2527 valiers gibt ihr den Abschied, d. h., indem er ihr mit Entlassung
168 2471 3171 2568 odernen droht, will er sie dahin bringen, daß sie ihm für die und fragt verzweifelt: „wohin?" Vor ihr liegt nun Riedel trat Frin. Behrens zum ersten Male auf und
1284 2508 3182 2583 wieder ein Leben wie früher; sie wird wiederum als führte sich vortheilhaft ein. Herr Pahlau spielte den
168 2549 1262 2621 Raum halbe Gage spielt, für eine Hungergage von 25 Gulden
326 2549 3182 2654 die sie schon zwingen wird, die Wege ihrer Kolleginnen Freiwild behandelt werden, nachdem ihr Beschützer ge= Rönning routinirt, ohne die Figur recht lebendig ge¬
2243 2591 3175 2651 stalten zu können, wofür er nicht allein verantwortlich
180 2602 300 2651 „Ehre
172 2613 1468 2692 geleuchtet zu gehen. Verfolgt so der edle Direktor das Wild, so storben ist
1359 2624 3178 2710 Der Dichter hat sich bemüht, wie es als Künstler gemacht werden kann. Hr. Schmidt-Häßler spielte den
326 2666 1269 2722 jagen nicht minder eifrig die Herren Offiziere, allen voran
2246 2669 3182 2722 Karinski verständig und wirkungsvoll, eine Lieutenants¬
172 2684 300 2725 wie ein
168 2681 2224 2763 Hartleben der Oberlieutenant Karinski (Herr Schmidt=Häßler). Ka- seine Pflicht ist, mit seiner Meinung im Hintergrund¬
180 2710 3182 2797 Ansicht rinski steht auf schiefer Ebene. Er hat kein großes Ver¬ zu bleiben, sie nicht aufdringlich vorzutragen, wie es Figur macht er freilich kaum. Beifall gab es die Hülle
176 2748 3182 2845 geschickte mögen und viel Bedürfnisse. Spiel und Weiber haben Sensationsdramatiker gewöhnlicher Sorte thun, und und Fülle. Das Stück wird jedenfalls lange Zeit volle
3025 2785 3156 2856 G. M.
180 2800 2512 2879 schauer ihn ruinirt, und er ist in Gefahr, seiner Schulden wegen mancher wird wohl fragen, welche Stellung Schnitzler Häuser machen.
333 2853 2228 2924 gemaßregelt zu werden. Er stellt der jungen Schau= zu dem Duell nehme. Wie die Antwort auf die Frage
172 2868 307 2931 chtigung
161 2890 2246 3006 Allmählich spielerin nach mit der niedern Leidenschaft eines verkom¬ ausfallen mag, sie wird nicht über Werth oder Unwerth
