3436 4384
137 181 256 276 8.
839 169 1246 272 box 14/3
427 174 651 284 wil
825 899 958 997 .
805 1027 1145 1132 Telefon 12801.
503 1122 1420 1212 Unternehmen für Zeitungs-Ausschnitte
1511 1148 1619 1219 Ausse
690 1214 1253 1328 OBSERVER
1466 1207 1630 1331 Nr. 2
247 1315 1616 1394 1. österr. behördl. concess. Bureau für Zeitungsberichte und Personalnachrict
546 1385 1383 1468 Wien, IX. Türkenstrasse 17.
281 1474 1450 1554 — Filiale in Budapest: „Figyelö", VIII. Josefsring 31a.
256 1607 702 1712 Ausschnitt aus:
750 1625 967 1731 Münch¬
1210 1634 1452 1763 Leitung
556 1763 875 1893 von
1088 1925 1470 1994 sa.
473 1978 1522 2044 Wien, 6. Febr. Arthur Schnitzlers Schauspiel
396 2033 1523 2087 „Freiwild“ ist geraume Zeit nach den ersten Aufführungen
393 2078 1516 2142 der Komödie im Reich in der Vaterstadt des Autors ge¬
400 2115 1527 2170 geben worden. Die Vorzüge und Gebrechen dieses Thesen¬
409 2163 1527 2213 stückes sind wiederholt auch in der Allg. Ztg. beredet worden,
409 2204 1527 2257 so daß mir nur erübrigt, ein Wort von der Darstellung im
393 2250 1529 2295 Carl-Theater zu sagen, die weit hinter derjenigen im Berliner
400 2291 1530 2336 Deutschen Theater zurückblieb. Gut war in den Hauptrollen
396 2330 1532 2393 nur Hr. Reusch als Karinski und Korff als Gigerl. Tewele
393 2369 1530 2439 als Schmierendirektor kann sich mit Tilscher in Berlin nicht
402 2421 1532 2473 messen. Und von den Frauenrollen reden wir lieber gar
396 2458 1532 2504 nicht. Daß das Stück gleichwohl Eindruck machte, zeugt für
400 2497 1532 2552 die dramatische Schlagkraft der ernsten und die satirische
396 2547 1541 2600 Laune der heiteren Scenen. — Max Dreyers schwache
402 2584 1530 2632 Anti=Emanzipations=Komödie „In Behandlung" ist kürz¬
402 2629 1532 2691 lich nach der Berliner und Münchener Premiere eingehender
400 2673 1532 2732 an dieser Stelle beurtheilt worden. Im Deutschen Volks¬
400 2714 1541 2787 theater hatte das Lustspiel gestern in recht mäßiger Besetzung
396 2766 825 2842 rechtmäßigen Erfolg,
642 3009 1298 3105 Bezugs-Bedingungen.
247 3079 1209 3168 Für 50 Zeitungsausschnitte (Artikel oder Notizen):
1330 3096 1413 3150 7.50
1477 3116 1618 3185 inclusive
1315 3143 1397 3191 14.—
1495 3176 1598 3212 Porto.
331 3171 411 3217 200
1306 3178 1385 3228 25.-
1479 3201 1612 3244 Zahlbar
1306 3215 1386 3269 55.—
1459 3233 1626 3292 im Voraus
270 3247 414 3320 „ 1000
1266 3256 1390 3324 „ 100.-
363 3269 1641 3352 Im Gegensatze zu anderen Bureaux für Zeitungsausschnitte ist die
244 3329 1262 3397 Abonnement durch keine bestimmte Zeitdauer begrenzt;
1298 3349 1642 3399 auch steht es de
244 3384 1571 3439 Abonnenten frei die aufgegebenen Themen zu ergänzen oder zu ändern.
2245 962 2581 1066 Telefon 12801.
1962 1043 2862 1134 Unternehmen für Zeitungs-Ausschnitte
2949 1088 3128 1145 Ausschnitt
2908 1132 3123 1260 Nr. 22
2126 1146 2693 1269 „OBSERVER
1705 1241 3128 1333 1. österr. behördl. concess. Bureau für Zeitungsberichte und Personalnachrichten
2007 1315 2835 1397 Wien, IX/1 Türkenstrasse 17.
1952 1401 2901 1474 Filiale in Budapest: „Figyelö", VIII. Josefsring 31a.
1714 1546 3136 1703 Ausschnitt aus eigliche Ranskan
2528 1662 2796 1825 Julin
2017 1733 2195 1808 vom
1982 1882 2956 2009 Aus Wien schreibt unser Berichterstatter: Am
1921 1961 2960 2048 4. d. M. gelangte im Karltheater Arthur
1925 2003 2956 2085 Schnitzlers „Freiwild“ zur ersten Aufführung.
1920 2053 2960 2145 Obgleich sein Thema mit Rücksicht auf die in letzter
1932 2090 2965 2186 Zeit vorgefallenen Zusammenstöße zwischen Studenten
1927 2131 2967 2240 und Offizieren geradezu aktuell erscheint, konnte es doch
1929 2179 2974 2279 nicht mehr als einen Achtungserfolg erringen. Beifall
1937 2218 2972 2321 und Widerspruch wechselten; schließlich überwog
2584 2265 2972 2337 neue Stück so¬
2041 2289 2542 2366 Meinung, daß das
1939 2304 2984 2421 wohl in Anlage als Durchführung hinter der
1950 2359 2974 2448 „Liebelei" und anderen Arbeiten des begabten Schrift¬
1941 2400 2981 2494 stellers erheblich zurückgeblieben ist. Die Darstellung war
1950 2439 2984 2538 gut. — Das Theater in der Josefstadt
1946 2481 2986 2574 nahm den Schwank „Aschermittwoch von
1953 2526 2990 2620 Fischer und Jarno in seinen Spielplan auf. Die
1955 2572 2990 2670 zumeist schon bekannten „fliegenden Witze und Kalauer
1952 2629 2981 2704 vermochten Niemanden über die Aermlichkeit der Hand¬
1957 2666 2992 2755 lung hinwegzuräuschen, und da auch die Darstellung
1961 2709 3004 2800 hinter dem solchen Schnurren zum Leben unentbehrlichen
1959 2752 2999 2885 Blitempo dreinhumpele, blieb der erwartete Erfolg
1955 2837 2065 2904 aus.
2113 2960 2778 3025 Bezugs-Bedingungen.
2746 3006 2897 3080 fl. 7.50
1744 3018 2677 3089 Für 50 Zeitungsausschnitte (Artikel oder Notizen)
2958 3027 3107 3111 inclusive
2794 3064 2874 3116 14.—
2979 3096 3089 3130 Porto.
2736 3105 2880 3180 „ 25.—
2967 3118 3100 3164 Zahlbar
2743 3146 2876 3205 „ 55.—
2940 3155 3121 3217 im Voraus.
1756 3155 1902 3210 " 500
2750 3184 2904 3237 „ 100.—
1762 3192 1895 3260 „ 1000
1865 3215 3164 3292 Im Gegensatze zu anderen Bureaux für Zeitungsausschnitte ist das
1744 3262 3169 3331 Abonnement durch keine bestimmte Zeitdauer begrenzt; — auch steht es den
1746 3306 3068 3372 Abonnenten frei die aufgegebenen Themen zu ergänzen oder zu ändern.
