3436 4256
170 204 1279 321 8. Freiwild box 14/3
708 1089 1480 1189 Wien, 1. Juni. Die heutige Sitzung
615 1096 3086 1239 hauses begann mit Protesterklärungen gegen die Handhabung rede und sich nicht immerfort von der Mehrheit ver¬
618 1149 3283 1303 der Geschäftsordnung seitens des Präsidiums. Namens der lasse. Graf Badeni muß gegen die entfesselten deutschen Leiden=Truppen
3116 1303 3323 1376 wagen¬
1874 1309 3090 1379 eine Reise machen, die Alles bietet, einen Welt egler weit
618 1333 1840 1420 Civilisten aus purer Zanksucht — denn Nichts ist ihm Frön
3116 1359 3277 1420 gleiteten
1877 1353 3093 1443 schweifigster Art zu befriedigen, einen Ruhebedürftigen zu er¬
615 1383 1840 1463 lein Käthchen Schütz — brüskirt und umbringt. Herr Schnitz
1880 1413 3290 1490 quicken und den Bädersex zu zerstreuen vermag! Eine Perle wandten,
621 1433 1857 1523 ler ist gegen das Duell. Aber er hat sich's leicht gemacht
3213 1453 3317 1510 Aber
618 1453 3096 1573 gegen das Duell werden auch Duellanhänger sein. Denn die muß der Ort sein, den man erwählt, und die Hauptstadt de¬
3126 1486 3320 1563 seine Fer¬
1877 1496 3096 1576 vielgepriesenen Schlaraffenlandes darf sich an Wohlzeilheit in
628 1526 1850 1613 schlaffen, ziellosen Charaktere, die hier aufeinanderstoßen, sin
1877 1543 3327 1627 des Lebens Nothdurft und Nahrung nicht von dem erwählten und Neste
3126 1593 3317 1663 gankelte
618 1593 1182 1690 keinen Schuß Pulver werth
1880 1597 3096 1677 Monatsparadies unterscheiden! Sterbliche von strafbar guter
3116 1647 3323 1710 mit Najat
721 1607 1857 1717 Wie viel von den Dialogst kungen und Wortwieder
1877 1647 3096 1723 Vermögensverhältnissen sind mit ihren Sommerplänen bald au
618 1690 1857 1774 holungen auf das unfertige Lien der P. T. Darstelle
1877 1687 3270 1777 dem Trocknen oder im Nassen, wie sie gerade lieben, aber Natur
621 1733 1857 1834 kommen, kann man nicht wisse Die Damen waren nich
1880 1737 3323 1824 die armen Dutzendsassa's, denen es nicht vergönnt ist, in einem Ihr Gefü¬
3123 1790 3320 1850 Menschen,
621 1780 1854 1874 glücklich besetzt, Frl. Stehlet unangenehm scharf, Fr.
1887 1794 3096 1870 Lexikonbande von Tausendmarkscheinen zu blättern, schauen
625 1830 1860 1927 Garnow nichtssagend, und Frl. Lührssen als Käthchen
1884 1847 3327 1920 den kleinen Daniel oder großen Kiepert mit dem geheimen, Arme Ker
625 1880 1860 1967 nicht sympathisch genug, freilich nicht direkt schlecht. Wei¬
1884 1887 3313 1974 wundersamen Wunsch, doch die billigsten und schönsten Breiten aus Lebe
3130 1941 3317 2004 das Herz
631 1927 1857 2011 besser steht es um die Herren. Herr Carl Friese, de
1884 1941 3103 2017 grade durch besondere Anmerkungen gekennzeichnet zu erblicken
3130 1987 3317 2044 daran ge¬
631 1974 1850 2067 erfreulich Zurückgewonnene. Herr Janda und Herr Dr. Mannin
1887 1991 3106 2064 Alle die Ferienträume sind von der Fata Morgana einer fabel
638 2031 1864 2108 (sehr mangelhaft memorirt.) sind gute Kräfte. Besonders aber
635 2031 3317 2161 die drei Offiziere gaben die Herren Witt, Treptow und Martini haften Billigkeit in Dingsda oder von dem urplötzlich zufallen überdrüs
3130 2084 3270 2144 achten
638 2101 3079 2218 sehr acceptabel. Herr Carl Witt als stichelnder wie als den Hauptgewinn einer geheim gespielten Lotterie erfüllt
3140 2134 3273 2194 Wohin
1887 2131 3113 2218 zwecks der Reise hochwilkommen! — Ja, das Weltumsegelt
3140 2174 3323 2241 keine der
645 2174 1864 2254 aufbrausender Beleidiger bringt eine prächtige Figur zu Stand¬
631 2184 3113 2305 Herr Martini war im Sühneversuch vortreflich. Herr in den Ferien — mit den Gedanken die Gefilde der Seliger
3140 2224 3320 2281 dem alle
1890 2231 3110 2308 erschließen, aber mit den irdischen Gliedern sänftiglich die Heer¬
3130 2275 3317 2338 böhmisch¬
635 2271 1864 2355 Burmester war als junger Paul Rönning zu gut, das heiß
1890 2291 3063 2351 Wald= und Wiesenstraße zum nachbarlichen Dorf pilgern
3136 2325 3323 2388 schwebt
641 2315 1867 2395 das Unbestimmte, Haltlose, Ausweichende der Figur, fand ga¬
1887 2328 3110 2401 das heißt Ferienschicksal, groß un düster in Ernst und Scherz
3136 2371 3323 2435 Nest, dür
635 2365 1670 2452 keinen Rückgrat in einer etwaigen Individualisirung
1994 2388 3113 2458 Für Alle, deren gesammte Moleküle schon mit dem Rund
3146 2425 3317 2488 für unse¬
738 2401 1874 2508 Daß „Freiwild einwandfrei mit großem Beschick inszenir
1894 2411 3106 2502 reisebillet in innigster Verbindung stehen, denen die Nutz
3160 2468 3320 2535 „Ant=
645 2478 1797 2568 war, dafür bürgt der Name des Regisseurs, Karl Rotter.
1897 2468 3113 2552 anwendung des Sprichworts gelungen: Wenn Jemand ein
748 2495 1874 2592 Soll man nun der Direktion Karl Regenwetter wünschen
648 2528 3323 2649 oder den Pilgern zur Bastei und Pillnitz Sommertage? Gehen Reise thur, so muß er Gelder zählen — ist die Route für eine Nest, red
3146 2565 3320 2629 sich dar¬
648 2572 3120 2719 wir unter die Veristen. Wünschen und hoffen wir gar nichts. Weltumsegelung en detail vorgeschrieben, die Leute sind ver¬
1900 2612 3323 2702 sorgt; sie reisen mit Gott, Kind, Kegel und geordneten Ver¬ Nußscha¬
3146 2665 3317 2725 Stelle de
651 2672 1393 2772 Es kommt doch wie es kommen soll!
1894 2679 3123 2742 hältnissen! Um diese Großmogule unter den Ferienfahrer
3146 2705 3317 2779 zu still¬
1894 2722 3120 2789 will ich mich auch den Teufel kümmern, sie sind daheim, wo
1900 2766 3320 2849 sie wollen, selbst im Centrum der Kanalisation würden sie sich greuende
1102 2752 1430 2856 Ahrenshoop.
3143 2816 3303 2872 Morgen
1897 2812 3116 2886 wohl fühlen, falls dies mit einigen unerläßlichen Bequemlich
1009 2812 1526 2919 Ein Sommeridyll.
3146 2862 3280 2922 Augen
741 2846 3123 2963 Die Weltumsegler unter den Berlinern sind in Aufregung keiten familiaren Wohlbefindens, als da sind Konzert, Tänzchen
3153 2909 3320 2966 einer mi¬
648 2916 3126 3026 Der Mai geht zu Ende und der Urlaub wirft seine Sonnen= mit Verlobungsaussicht rc. ausgestattet ist! Nichts über die
658 2959 3323 3116 set, das Portemonnaie seine Schatten voraus. Es heißt Glückseligkeit eines seßhaften Reisenden, eines von Kinder bald der
