3436 4224
221 167 400 275 8.
431 173 604 255 rei¬
431 221 519 284 .
925 176 1330 289 box 14/3
547 1030 777 1120 „Kniffe kam.
545 1072 1251 1166 eines Käufers. Weiter ist es unwahr,
1719 1100 1818 1171 -
1344 1100 1685 1171 .. September
2927 1106 3381 1180 gen. Herr Direktor
1713 1163 2825 1262 durch, daß er den Schlag bekommen, dadu, daß er ihn verdien
2859 1217 3367 1268 ist das einfach die Anschauung
1707 1259 2819 1310 hat, hat er sie verloren. Gerade dieser Mensch, der so viel au
2859 1262 3375 1319 die immer in den modernen
757 1203 1478 1350 Feuilleton.
1713 1296 2814 1361 Ehre hält, hat die Ehre eines anderen Wesens leichtfertig besudelt.
2859 1305 3375 1361 nun beinahe entrüstet, weil de
1707 1347 2828 1410 Rohnstedt entfernt sich mit einer angedeuteten Warnung. Rönning
2862 1353 3350 1410 als Menschen handeln läßt.
959 1353 1276 1444 „Freiwild.
1707 1398 2825 1449 hatte kurz vorher beschlossen, mit Anna den Badeort zu verlassen
2856 1410 3367 1464 unserem Wiener Bürgerthum
542 1421 1679 1500 Schauspiel in drei Akten von Arthur Schnitzler. Erste Auf¬
1707 1444 2825 1509 und sie zu seiner Frau machen, um sie aus dem verderbenden
2859 1446 3369 1512 dem Militarismus und seinen
706 1481 1529 1543 führung am Carl-Theater am 4. Februar 1898.
1707 1481 2825 1551 Milieu des Theaters zu retten. Die Warnung Rohnstedt's bewegt
2859 1492 3386 1551 die Herren allerdings recht ha
664 1500 1673 1588 Der junge Maler Paul Rönning ist eben von einer
1710 1534 2822 1600 Rönning's Freund Wellner, ihn zur schleunigsten Abreise, zu
2862 1534 3361 1600 Kameraden bitten geht und
547 1549 1679 1637 schweren Krankheit genesen und will jetzt nur leben, gar nichts
1716 1580 2822 1645 Flucht vor Karinski, zu treiben. Wellner nennt das die Konsequenz
2859 1585 3381 1648 gibt es nicht. Die feine psych
547 1614 1679 1702 Anderes, und spüren, daß er lebt. In dem kleinen Badeorte, in
1707 1634 2825 1688 der Anschauungen Rönning's. Aber dieser zieht die Konsequenz
2862 1634 3378 1702 durch Rohnstedt's Verhältniß
547 1676 1679 1727 dem er Erholung sucht, findet er eine Bekannte aus der Stadt,
1716 1679 3372 1741 seiner Ansichten dahin, daß er bleibt, bleibt auch trotz der Bitten würdiger. Aber welchen Hieb
547 1716 1671 1775 die Naive des Sommertheaters Anna Riedel, ein anständiges
1713 1724 2825 1781 seiner Braut Anna. Was nun geschieht, ist vorauszusehen. Wohl
2856 1727 3367 1793 dem Militarismus mit seinem
545 1764 1676 1821 braves Mädchen, das im Gegensatze zu ihren Kolleginnen sowohl
1707 1775 2822 1835 wappnet er sich gegen den Angriff Karinski's mit einem Revolver
2856 1773 3381 1841 indem sie die Unmöglichkeit der
550 1812 2831 1875 die Liebeswerbungen ihres Direktors wie die Einladungen zu den aber Karinski kommt ihm bei der Begnung zuvor und schießt
2859 1827 3367 1878 weisen wollen, damit zugleich
550 1858 1671 1914 Soupers der Offiziere ablehnt. Diese, die die jungen und schöner
1707 1866 2828 1920 Rönning nieder. Dieser stirbt als „Freiwild" für die eingebildete
2859 1866 3386 1949 Armee jedes menschliche Fühlen
553 1903 1671 1971 Mädchen des Theaters als „Freiwild“ betrachten, sind darob nich
1707 1914 2314 1977 Ehre eines Lumpen im Waffenrock.
2975 1923 3389 1974 Das Schauspiel Schni¬
547 1963 1673 2014 weniger empört als ihr Direktor, der ihr kündigt, weil sie ihm
1824 1929 2828 2011 Das Schauspiel Schnitzler's hat, wie schon berichtet, einen
2859 1940 3372 2022 aufs eindringlichste gegen das
547 2005 1676 2059 „keine Leute ins Theater zieht und seinen verehrten Freunden,
1713 1994 2825 2059 starken und verdienten Erfolg gehabt. Es bietet zunächst eine
2853 2011 3381 2070 die Brüsewitzereien wahnwitzige
545 2048 1679 2113 den Herren Offizieren gegenüber „unliebenswürdig ist. Sie hat
1707 2053 2822 2113 köstliche und doch tiefernste Schilderung des Lebens der Kunst¬
2862 2062 3384 2119 Freiwild erblicken. Um so einde
550 2099 1673 2161 keinen ... Anhang, und ihr fehlt der künstlerische Ernst, der
1705 2104 2825 2158 proletarier beiderlei Geschlechts. Der Direktor des „Kunstinstituts,
2856 2113 3384 2161 nie pathetisch werdenden Spra¬
550 2139 1673 2204 darin besteht, mit den Offizieren bis in die Nacht hinein zu
1705 2156 2825 2201 der die Herren des Chors einfach hinausschmeißen will, denn in
2853 2158 3384 2215 überaus spannenden Szenenfüh
547 2190 1668 2252 champagnisiren. Unter den Offizieren stellt Anna am meisten der
1713 2192 2831 2258 der Operette brauchen wir absolut keinen Herrn; die Ritter, die
2859 2207 3386 2269 Ein Stück sozialen Elends ein
545 2238 1676 2297 Lieutenant Karinski nach, ein Spieler und Schuldenmacher, der
1707 2241 2825 2300 Verschwornen, die Gondoliers können alle von Damen gegeben
2853 2243 3375 2303 wahns auf der anderen Seite
550 2283 2822 2343 schon einen Zivilisten niedergehauen, weil ihn dieser, ohne es zu werden", auch sehen die Kerle so hungrig aus, daß sie das
2859 2300 3381 2363 selbst Partei zu ergreifen, zieh
550 2331 1676 2388 wollen, angerempelt hat. Als er erfährt, daß sich Paul für Anna
1707 2337 3378 2405 Publikum verstimmen — und der die Entlassung der Anna Riedel der Gegner eines barbarisch
547 2385 1673 2439 interessirt, provozirt er ihn beim Kaffeehaustisch aufs frechste und
1713 2382 2819 2436 sofort zurücknimmt, weil sie eine „Zugkraft" geworden, nachdem
2853 2394 3389 2453 Dazu kommt, daß das Schau
545 2428 1671 2493 läßt ein gemeines Wort über Anna fallen. Dafür schlägt Paul
1713 2431 2822 2482 sich „das Publikum für sie, eine Naive, duellirt“, dieser Direktor
2853 2431 3372 2499 Die Phantasie=Uniformen des
547 2479 1679 2527 den Wüstling mit der Faust ins Gesicht. Karinski würde nun
1710 2479 3381 2538 wird in zahllosen Exemplaren zu finden sein. Aber auch das, was den Wiener Erdgeruch so wen
550 2524 1671 2581 Paul sofort niederschlagen, wenn er seinen Säbel bei sich hätte,
1702 2527 2822 2584 den eigentlichen Konflikt in diesem Schauspiel ausmacht, der
2850 2527 3381 2612 die aus dem Buche sorgfäl¬
553 2572 1662 2626 aber in dem Badeorte gehen die Offiziere ohne Säbel. Di
1702 2572 2822 2632 Kampf gegen das Duell und den Wahn der sogenannten Offiziers¬
2853 2578 3029 2652 hinweist.
547 2618 1339 2689 Kameraden Karinskis halten ihn auch zurück.
1705 2621 2822 2677 ehre, ist, wie wir finden, durchaus natürlich und lebenswahr dar¬
2967 2592 3372 2689 Die Aufführung war,
655 2638 1665 2723 Nun soll es natürlich zum Duell kommen. Aber Rönning
1710 2669 2822 2726 gestellt. Manche Rezensenten haben gemeint, daß Rönning
2850 2652 3381 2726 vorzügliche. Herr Reuschs¬
545 2689 1668 2774 hat gar keine Lust, sich erschießen zu lassen, und weigert sich trotz
1707 2711 2825 2771 inkonsequent handle, weil er nicht fliehe, da er doch wisse, was
2856 2720 3386 2782 charakterisirten Lieutenant Ka¬
550 2760 1668 2816 alles Zuredens seiner Freunde, das Duell anzunehmen. Auch die
1707 2760 2825 2822 ihm bevorstehe. Ja, gewiß wäre es klug gewesen, aber hätte der
2853 2765 3389 2831 Klein als Rönning wußte
553 2805 1671 2859 Bemühungen des Oberlieutenants Rohnstedt, der zu Rönning
1707 2805 2814 2862 Dichter Rönning als Tendenzpuppe auf die Bühne stellen sollen
2850 2808 3375 2873 größte Wirkung zu erzielen.
550 2848 1671 2910 nochmals, obwohl er es nicht dürfte, „als Mensch“ kommt und
1707 2856 2816 2913 die ihre Reden gegen das Duell ableiert, oder hat er uns nicht
2859 2862 3381 2916 Tewele als Theaterdirektor
542 2901 1673 2953 nicht als Offizier, sind vergebens. Rohnstedt weist darauf hin, daß
1705 2901 2822 2964 vielmehr einen Menschen, einen Mann zeigen wollen? Wir halten
2853 2904 3375 2970 ohne jedoch seiner Rolle zu
550 2947 1668 3006 Karinski ruinirt sei, wenn er nicht Genugthuung für den ihm an¬
1707 2947 2816 3001 es für sehr begreiflich, daß er nicht fliehen und den Vorwurf der
2853 2947 3350 3018 Duellhanswurst, der, wenn
542 2989 1668 3046 gethanen Schimpf erhalte; er müßte ehrlos quittiren. Aber Paul
1705 2998 2814 3052 Feigheit auf sich laden will, obwohl er, von schwerer Krankheit
2848 2989 3372 3057 Buckerl macht und ihm seine
545 3040 1665 3089 Rönning bleibt bei seinem Entschlusse: „Was ist mir denn dieser
1710 3043 2816 3092 genesen und als Bräutigam das Leben nun doppelt gern hat
2850 3049 3375 3128 übrigen Künstler, einzeln und
542 3086 1673 3140 Mensch, den ich um jeden Preis retten soll! Ich kann ihm so
1707 3086 2819 3143 Und wenn ein siebenmalweiser Kritiker erklärt hat, als Gegner
545 3137 1679 3213 wenig seine Ehre geben, als ich sie ihm nehmen konnte. Nicht da¬
1707 3134 2831 3219 des Duells hätte er den Offizier selbst nicht schlagen dürfen, so
