3344 4352
905 210 1318 310 box 14/4
214 211 736 287 8. Freiwild
275 495 980 596 fen. Der an
270 500 1233 638 ne
244 643 1208 764 „Theater und Kunst.
363 728 1244 815 Stadttheater. Zum erstenmal „Freiwild von
272 773 1245 854 Acker Schnitzler. Das war eine Zeit, wo noch
284 824 1245 907 ehrfurchtsvolle Schauer die Menschheit umfingen,
278 873 1250 947 wenn von Ehrenrat der Offiziere die Rede war.
287 918 1256 986 Alt und abgestaubt wie Schatten der Vergangenheit
292 958 1258 1031 muten diese Menschen, die von Aeußerlichkeiten ab¬
289 1001 1258 1076 hängen, an. Dem trefflich gebauten Stück brachte
292 1043 1256 1116 das Publikum kein sonderliches Interesse entgegen.
290 1084 1256 1161 Die Darstellung durch Fräulein Rosenquist,
295 1133 1261 1208 die sich als allererste Kraft erweist, und die Herren
293 1167 1265 1289 Strobl und Beska war ganz vortreflich.
1119 1214 1244 1273 de
666 1234 765 1303 A.
890 2018 1551 2122 (Wiener Stadttheater.
1009 2088 1843 2167 Schnitzlers „Freiwild" in einer saube¬
916 2147 1860 2214 ren und runden Aufführung, die nur in einer
925 2198 1849 2253 Anzahl kleinerer Rollen versagt. Am besten
925 2246 1855 2304 Herr Strobl, der den Karinski scharf und
928 2288 1855 2343 sicher konturiert, einfach und natürlich Herr
925 2332 1855 2394 Richter und Herr Norfolk in Horatio¬
925 2372 1863 2425 rollen, lustig Herr Böhm, der nur das gewisse
925 2420 1852 2473 tierische „Armeedeutsch", das er doch wahrschein¬
922 2462 1865 2520 lich glänzend kopieren könnte, etwas zu schich¬
919 2509 1861 2565 tern anschlägt; Herr Zeska in der Hauptrolle
925 2551 1863 2607 sympathisch, aber ohne Profil. Fräulein
925 2607 1857 2652 Rosenquist, wunderschön anzuschauen, ar¬
922 2635 1865 2698 beitet zu stark mit Atemtechnik und anderen Er¬
932 2677 1869 2734 rungen haften der Routine, die gerade in dieser
922 2723 1868 2785 Rolle leich zu entbehren wären. Herr Marich
928 2767 1852 2819 gibt einer Episode etwas von seiner wohltuenden
924 2810 1858 2869 Menschlichkeit. Die anderen haben zumeist Mit¬
932 2858 1861 2911 glieder einer kleinen Sommerschmiere darzu¬
1776 2900 1866 2953 gen
938 2900 1729 2956 stellen, Rollen, die ihnen zum Teil besser
932 2939 1861 3004 als unbedingt nötig wäre. Als das Stück im
928 2984 1861 3043 Jahre 1905 im Volkstheater gespielt wurde,
1633 3030 1863 3091 rung war
935 3027 1580 3089 schrieb Hermann Bahr: Die
941 3074 1858 3128 stark wie in einer Volksversammlung klatschen
932 3114 1869 3170 die Leute den verwegenen Reden der gesunden
932 3166 1826 3215 Vernunft begeistert zu. Da sichst du. Artur,
928 3206 1751 3265 geht's: Vor acht Jahren, als du sie schrieb
938 3246 1865 3301 es Frechheiten gewesen, die man die gar nicht
977 3291 1865 3343 reihen wollte, und jetzt sind's schon Wahr¬
928 3333 1871 3392 heiten für die kompakte Majorität geworden,
932 3377 1861 3431 und noch zehn Jahre, und es werden Banali¬
928 3422 1866 3479 täten sein, hoffentlich, gegen die sich dann eine
938 3465 1868 3537 neue Jugend wieder ingrimmig empören muß
1000 3507 1871 3555 das ist der Lauf der Wel. Die Welt hat
933 3549 1865 3624 aber nun, glücklicherweise, einen anderen Lauf
938 3591 1865 3655 genommen; einen viel rascheren Lauf. Denn den
944 3634 1871 3693 gefährlichen Punkt, wo es als Banalität wirken
941 3676 1897 3752 könnte, hat das Stück offenbar übersprungen:
1026 3802 1514 3906 Der Morgen Wien
2040 230 3020 337 Stadttheater. Arte Schulers „Freiwild
2029 306 3015 376 nicht zu den besten Stücken des Dichters. Das Stück trägt
2021 363 3007 424 er die erschalen des künftigen Siegers und
1765 335 3012 466 erschien al fresco aufgetragenen Tendenz
2048 430 3020 514 eltsam. Um so mehr als all das kaum mehr existiert, was
2028 475 3030 543 Schnitzler den Vorwurf für sein Thema gab. Offiziere,
2038 592 3026 650 und insbesondere solche Exemplare wie der Nowy
2035 627 3029 689 Karinski, gibt es heute kaum mehr, und das Duell ist
2045 669 3020 727 eine überwundene Sache. Die Aufführung dieses Tendenz¬
2051 706 3021 767 stückes, dessen Wert nur in der großen Auseinandersetzung
2038 745 3021 800 über den Unsinn des Zweikampfes liegt, ist also heute ein
2042 784 3007 838 Gefecht gegen Windmühlen. Im Stadttheater bemühte ma¬
2042 820 3013 877 sich den Staub, der über diesem Schauspiel liegt, durch eine
2034 868 3007 927 möglichst gute Aufführung zu verwischen. Aus dieser stad
2038 900 3017 963 vor allen die wunderbare Einfachheit des Herrn Zeske
2037 936 3034 1003 in der Rolle des Malers Rönning heraus. Dieser junge
2042 977 3024 1045 Schauspieler bedeutet eine Zukunft für die deutsche Schau¬
2032 1009 3010 1081 spielkunst. Ein wirksames Gegenstück dat Herr Stroh,
2026 1070 3017 1126 in der Rosse des brutalen Raufbaldes in Offiziersuniform.
2034 1090 3027 1154 Zwischen diesen beiden Gestalten stand die in ihrer
2038 1136 3024 1191 Herzensnot gut gezeichnete kleine Schauspielerin des
2042 1167 3015 1231 Frl. Rosenquist und die Herren Nerz, Norfolk,
2032 1213 3013 1264 Richter, Böhm und Marich sowie Frl. Schlitter
2023 1254 3018 1307 schlossen sich den Erns genannten in verdienstvoller Weise
2028 1301 3023 1355 an. Das Publikum lohnte die Leistungen der Schauspieler
2023 1332 2534 1411 durch wiederholte Hervorrufe,
1877 1560 2815 1621 heute wirkt es bereits, und zwar het reiwoll,
1889 1607 2813 1664 als Kuriosität. Das Duell ist für keinen
1877 1650 2810 1712 Menschen mehr ein Problem, Schauspielergagen
1879 1697 2810 1745 von fünfundzwanzig Gulden zahlt nicht einmal
1875 1737 2810 1815 mehr Herr Krones, daß ein Direktor seine Mit¬
1892 1784 2824 1847 glieder dazu zwingt, mit Kavallerieoffizieren
1886 1835 2812 1889 anzuhändeln, ist im Zeitalter Karl Forests end¬
1886 1866 2810 1927 gültig unmöglich geworden, und sollte es wirk¬
1896 1908 2826 1972 lich noch irgendwo Verworfene geben, die so
1892 1953 2826 2006 etwas ohne höheren Zwang nun, so ist ihnen
1889 1997 2816 2057 dies durch die Auflösung unserer Front erheb¬
1886 2037 2824 2093 lich erschwert. So erscheint heute „Freiwild“ als
1899 2087 2818 2142 interessantes kulturpichologisches Gemälde, als
1899 2125 2813 2180 ethnologische Studie, als Kostümlick, etwa
1899 2172 2810 2223 Leben und Treiben der Eingebornen Oesterreich¬
1896 2211 2813 2268 Ungarns im Jahre 1897. Es ist aber abseits
1899 2259 2821 2315 von aller sozialen Problematik, die ja immer
1892 2307 2821 2364 veralten muß, ein ausgezeichnetes Theaterstück,
1891 2343 2819 2403 und an diese Qualitäten hält sich das Publikum
1896 2386 2822 2442 an den blitzblanken Dialog, in dem jedes Wort
1899 2431 2826 2487 sedert und sit, an die farbigen, glücklich er¬
1905 2481 2829 2532 schauten Typen und an jene gesunden kräftigen
1908 2513 2835 2572 Ingredientien, von denen nun einmal die
1905 2560 2827 2616 Dramatik lebt: Ohrfeigen, Pistolenschüsse und
1914 2600 2832 2658 die erfrischende Volke „Mensch“ (als
1930 2645 2832 2700 centrum). Jenes Jahr 1897 war überhaupt
1902 2697 2826 2749 recht fruchtbar an Gesellschaftssatiren, denn es
1896 2745 2827 2796 brachte außer „Freiwild auch die Uraufführung
1894 2779 2794 2836 des „Lumpen" von Leo Feld und des „Dreieck
1896 2826 2832 2883 von Oskar Friedmann. Infolgedessen halten sich
1896 2864 2812 2923 in meiner Jugenderinnerung diese Kei Werk¬
1911 2917 2728 2967 so untrennbar zu einem Blumen vermisch¬
1894 2954 2616 3007 ich nicht mehr genau wüßte: war da¬
1902 3003 2532 3063 von Schier, war er
1911 3043 2659 3125 er der hat Herr Peter Fried¬
1908 3086 2267 3155 frigen bekommen.
