3344 4352
200 200 739 315 8. Freiwild
889 204 1300 315 box 14/4
243 374 1389 473 nachmittags anberaumte Sitzung der Bezirksvertretung
245 427 1386 519 Neubat, wurde auf Donnerstag den 23. d.
235 475 1375 571 um 5 Uhr nachmittags verschoben. — Die Bezirks¬
235 531 1383 620 vertretung Meidling tagt Dienstag den 21. d. um
240 569 655 636 5 Uhr nachmittags.
964 605 1184 702 1919
478 609 1038 731 E
1609 694 2610 788 Wenn im literarisch gewordenen Stadttheater
1603 772 2604 828 eben Gerhart Hauptmann, August Strindberg, Henrik
229 692 1372 896 Feater, Kunst und Musik.
1600 813 2607 875 ben und Karl Schönherr schon durchaus auch Artur
1603 858 2614 917 Schnitzler vertreten sein mußte, warum dann gerade
376 831 1369 942 Stadttheater. Freiwili von Artur
1591 898 2604 958 nit seinem Tendenzstück „Freiwild, dessen Proble¬
225 872 1365 997 Schnitzt. Damit wir den Werdegang unserer mo¬
1594 942 2610 1000 mal durch die Ereignisse der Zeit gründlich überholt und
219 955 1366 1031 dernen Klassiker nicht etwa vergessen, muß manchmal
1597 985 2614 1051 hinfällig geworden ist? Der militärische Duellzwang besteht
220 997 1355 1078 auf Werke aus ihren früheren Schaffensperioden zurück¬
1594 1025 2620 1088 nicht mehr und damit erscheint allem, was für Sozialetik
225 1040 1365 1111 gegriffen werden. Weshalb uns heute — welcher sonstige
1594 1074 2609 1143 genommen werden möchte, der Been entzogen. Was soll
223 1082 1363 1159 Grund wäre denkbar? — das alte, in Wien schon mehr¬
1588 1116 2604 1176 uns noch die Ohrfeige, die ein Zirl. em Offizier ver¬
225 1121 1362 1199 fach gespielte „Freiwild“ wieder vorgesetzt wurde. Man
1588 1159 2610 1221 abreicht, und was der Pistolensch durch den sich
219 1168 1355 1242 hat Gelegenheit zur Beobachtung, daß Herr Schnitzler in
1585 1202 2610 1260 dieser an rächen muß, um seine Ehre wiederherzu¬
216 1210 1356 1289 jüngeren Jahren seine Liebesgeschichten gerne mit einer
1600 1248 2607 1307 stellen? J. Zeitalter der glorreichen Volkswehr ist ma
216 1261 1350 1337 forscheren Note, am liebsten mit einem Revolverknall be¬
1588 1288 2601 1353 über derlei hoch erhaben, und ein reaktionärer Schurk¬
210 1309 1350 1383 endete, während er sie jetzt, langsam zu Goethescher Ab¬
1585 1300 2675 1408 wer noch an alten Ehrbegriffen hängt. Was aber sonst no¬
207 1356 1349 1414 geklärtheit vordringend, viel ruhiger und am liebsten im
203 1389 1371 1470 Lustspielen zu erledigen pflegt. Auch wird seine Kunst
2523 1374 2651 1470 -
204 1428 1355 1508 immer konzentrierter, immer exakter. Denn während er
1575 1440 2647 1517 in dem Stücke nebenher läuft, das bißchen Psychologie und
201 1467 1346 1553 damals noch so nebenbei gegen die Unsitte des Duells
1575 1479 2648 1539 Milieu hilderung aus dem Leben und Treiben einer Pro¬
201 1523 1346 1591 wettern und gegen das Unwesen dieser blutrünstigen
1575 1523 2650 1585 vinzschmiere, verlobte wahrlich nicht die Musen der sorg¬
198 1562 1346 1647 Offiziere losziehen konnte, kreisen jetzt seine Gedanken¬
1582 1565 2604 1643 fältig vorbereiteten Wiederaufführung, über deren Un¬
1573 1613 2610 1687 zeitgemäßheit die einandfreien Leistungen der Herren
203 1612 1344 1692 gänge immer enger und ausschließlicher eigentlich nur
1575 1655 2598 1736 Böhm, Marich, Nerz, Norfolk, Richter,
195 1659 1340 1735 mehr um das Schlafzimmer, seiner Frauengestalten.
1576 1692 2598 1763 Strobl und Zesta sowie des Fräuleins Rosen¬
200 1698 1340 1767 „Freiwild", ein schlauer, mit geschickter Berechnung zu
1566 1726 2598 1814 quis nicht hinwegzuräuschen vermochte. Gleichwohl gab es
200 1740 1340 1816 starker Theaterwirksamkeit hinausgeschleuderter Wurf,
1570 1780 2606 1875 lebhafter Beifall für die gegenstandslos gewordene Ge¬
201 1785 1334 1854 fand ja auch diesmal wieder seine Schätzer Den etwas
1569 1820 2064 1881 sellschaftssatire von gestern.
185 1822 1340 1908 kultivierteren Theatergast aber wird es letzten Endes doch
189 1874 1331 1946 immer wieder abstoßen müssen. — Das Stück ist gestern
189 1914 1340 1999 von Herrn Strobl, Herrn Zeska, Frl. Rose
189 1961 1344 2070 quist und einigen anderen Mitwirkenden recht gut ge¬
188 2001 470 2088 spielt worden.
484 2116 1671 2239 Kunst, Wissenschaft und Leben.
657 2209 1670 2288 Stadttheater. Die freundliche Aufnahme, die an dieser
537 2237 1664 2348 Bühne Arthur Schnitzlers nun schon 20 Jahre altes
541 2298 1652 2381 Schauspiel „Freiwild" fand, bedeutet einen Sieg des
543 2348 1646 2433 Theatralischen, des sicher Handwerklichen. Das Stück ver¬
540 2403 1659 2483 tritt eine ohne weiteres eingängige Tendenz (gegen die Un¬
534 2452 1646 2539 vernunft des Duells und gegen die unentwegt auf ihren
538 2502 1647 2570 Kodex pochenden Grundsätzlichen), stellt die drei Gruppen:
537 2543 1647 2623 Militär — Zivil — Schauspielervölkchen farbig nebeneinander
534 2597 1649 2669 und ist obendrein sehr nett gebaut: ein Aufzug im Zimmer
538 2648 1649 2719 zwischen zwei Akten im Freien, im Kaffeehausgarten, vor
537 2699 1655 2776 dem Sommertheater. Alles das wirkt volksstückartig und, be¬
543 2734 1650 2826 sonders, da der von seinen Standesbegriffen übelgeleitete
528 2799 1637 2870 bankrotte Oberleutnant schließlich Mörder wird, mehr in der
528 2833 1646 2923 Nachfolge Anzengrubers, als es bei dem ersten Erscheinen
528 2885 1637 2971 des Stücks ausgesehen haben mag. Jedenfalls verbürgen
529 2944 1638 3017 diese Eigenschaften eine gewisse Haltbarkeit. Mit diesen äußeren
528 2986 1649 3064 Maßen stehen leider die inneren nicht in Einklang; Dialektik
535 3037 1640 3111 führt die Handlung, anstatt daß feierliche Kraft des Wachs¬
526 3088 1643 3167 tums sie triebe; der Umschwung in der Selee des Helden,
522 3133 1631 3219 zu bleiben und dem Verfolger, dem er die Satisfaktion
523 3182 1631 3258 verweigert, zu trotzen, überzeugt nicht von einem klaren
526 3227 1637 3301 Rechtsgefühl, sondern nur von Starrköpfigkeit, wirkt klein
525 3287 1635 3349 und degradiert so die Katastrophe zu einem bedauerlichen
523 3336 1634 3409 Unglücksfall. Geburt der Tragödie aus dem Geist der
518 3377 1646 3457 Dialektik — notwendig bleibt sie schwachfüßig und findet nicht
529 3420 1638 3514 ins Frei. Soweit aber das Lebendige durch das Theatralische
523 3484 1628 3558 zu ersetzen ist, ist es hier erreicht. Die Schauspieler des
522 3522 1630 3596 Stadttheaters haben sich die günstige Gelegenheit nicht ent¬
523 3577 1628 3650 gehen lassen und haben flottes Theater gespielt. Am besten
519 3621 1625 3706 Julius Strobl als der Desperado von Oberleutnant; er
522 3670 1625 3746 hatte Haltung und Charakter. Das Liebespaar gaben Thea
519 3712 1621 3797 Rosenquist, der es zwar nicht an Hübschheit, leider
513 3766 1625 3843 aber eben so sehr an Wohlklang als an Herz gebricht, und
515 3817 1624 3885 Philipp Zeska, der sich an dieser Bühne sehr erfreulich
513 3868 1622 3941 entwickelt; doch schien auch bei ihm die Gemütskraft in der
515 3907 1624 3976 Liebesszene nicht auszureichen. Unter dem Theatervolk fiel
513 3954 1616 4038 die Natürlichkeit des Komikers (Alexander Marichs) auf, und
510 4013 1619 4092 herzhaft bei der Sache waren auch die Herren Norfolk,
501 4067 1633 4163 Richter, Walter, Böhm und die Damen Schütter und Geßner,
2718 1248 2802 1337 .
