3344 4352
185 134 709 212 8. Freiwild
878 140 1286 231 box 14/5
493 608 1358 696 mehr, als man von manchem Berufsschauspieler
496 649 719 719 sagen kann.
550 681 1348 753 Der Film selbst (von Hella Moja und Heinz
491 712 1351 784 Paul), volkstümlich, ausführlich, mehr biogra¬
493 772 1349 824 phisch als dramatisch, auf das rein Stoffliche
490 809 1345 858 des bekannten Bomela=Buches eingestellt, legt
486 852 1348 908 mit richtigem Takt das Schwergewicht nicht auf
462 881 1342 946 die Hochstapelei, sondern auf den Begriff Ver¬
461 921 1343 971 irrte, durch den Krieg entwurzelte Jugend. Der
494 962 1340 1017 Schluß mit seiner Schar von Spießern, die
488 999 1345 1056 nicht leben können, ohne blind schwärmend zu
496 1042 1342 1083 verehren, hat weder Verletzendes noch scharf Sa¬
494 1068 1340 1131 tirisches, sondern wirkt nur possenhaft komisch.
491 1106 1337 1173 Von den vielen bewährten Darstellern werden
486 1152 1336 1211 besonders belacht Bendow als betulicher
486 1192 1339 1252 Hoteldirektor und Trude Lehmann als
488 1223 625 1280 Köchin.
1140 1231 1289 1299 R. Sch.
719 1304 1106 1445 Petronella
727 1429 1108 1510 Im Beba=Palast
540 1489 1330 1565 Und wieder wird der Streit der Meinungen
484 1527 1327 1601 entfacht werden. Die einen werden sich an der
484 1576 1330 1632 Romantik und den landschaftlichen Reizen dieses
484 1618 1324 1670 Werkes erbauen, die anderen werden bemängeln,
475 1654 1334 1732 daß ein Film ohne starke Handlung überhaupt
484 1689 918 1761 kein Film sei, daß der
2289 619 3141 708 nicht gleich sein, was den Millionen allabendlich
1415 612 1974 752 Die Volksbühne
2289 691 3147 742 vorgesetzt wird..." Lebhafter Beifall bejaht sein
2303 727 3141 784 Bekenntnis. — Leitet über zum nächsten Redner,
2300 769 3140 819 Stössinger, der ebenso offen, ebenso dog¬
1614 740 2233 870 drängt zum Film
2295 811 3143 862 menfrei, Piscators Bühne für einen Anfang er¬
2297 843 3141 896 klärt, für den ersten Versuch, nicht nur das
1448 844 2238 918 Das Fazit des Diskussions=Abends, den die
2295 878 3134 937 Individuum, sondern gleichzeitig in unmittel¬
1399 881 2238 961 Volksbühne diesen Montag zum Thema
2288 912 3146 972 barer Beziehung die es umgebende Umwelt zu
1402 940 2238 1005 „Theater und Film" veranstaltet hat, ward hier
2300 959 3140 1006 zeigen. Schöpferisches Künstlertum mischt die
1401 980 2239 1042 schon in Kürze gezogen: der Gemeinschaftswille
2291 995 3140 1042 Kunstformen. Was anderes sei die Oper?! Film
1396 1028 2238 1081 der Volksbühnen=Bewegung drängt mit aller
2283 1030 3140 1087 und Theater, in unendlichen Mischungen, werden
2292 1065 2859 1114 die neue Bühnenkunst bringen.
1393 1070 2235 1134 Macht zum Film hin. Das durch Piscator
2344 1099 3144 1165 Es war ein Abend, an dem mehr Probleme
1387 1114 2235 1174 praktisch aufgeworfene Problem des Film-Sprech¬
2300 1142 3146 1198 gesät als Lösungen geerntet wurden. Wichtig
1396 1153 2235 1205 Theaters ist in dieser Entwicklung nur ein Teil¬
2297 1181 3144 1246 für die Volksbühne, nicht unwichtiger für den
1386 1201 2241 1262 problem. Die drei Referenten, die den Abend
2292 1214 2401 1281 Film.
2731 1214 3096 1295 Hans Wollenberg.
1386 1249 2241 1323 einführten, setzten sich mit dem Fragenkomplex
1380 1281 2042 1346 zunächst nur akademisch auseinander.
1445 1329 2239 1383 Als Theatermann sprach zuerst Heinz Hil¬
1383 1349 2239 1430 pert. Seine Formel: der Film-Träger sinn¬
2481 1302 2957 1455 Film-Allerlei
1384 1415 2232 1473 licher, das Theater — Träger geistiger
1382 1449 1760 1518 Erlebnisvermittlung.
2361 1430 3068 1537 Das Deutsche Lichtspielsyndikat
1792 1462 2238 1520 Beide zusammengespannt
2551 1495 2867 1564 als Tierfreund
1382 1514 2242 1570 erschlagen einander. Und seien nur denkbar im
1383 1557 2238 1612 gemeinsamen Rahmen einer Bühne, die, wie
2338 1517 3134 1602 In dem Lily Damita-Film „Die berühmte
2297 1582 3134 1643 Frau“ war eine Stierkampfszene zu
1382 1590 2239 1649 Erwin Piscators nicht Kunst im letzten Sinne,
2292 1632 3135 1685 sehen, die bei Tierfreunden starkes Aergernis
1386 1626 1683 1696 sonda: Aktuali
1919 1638 2235 1698 sei. Als zweiten
2283 1671 3122 1718 erregen mußte. Der Verband der Tierschutz¬
1910 1682 2222 1738 ten durchdachtesten
2285 1707 3128 1766 vereine von Berlin hat sich deshalb an die Her¬
1919 1723 2229 1783 pu Pick vorge¬
2289 1742 3131 1795 stellerin des Films, die F. P. S. Filmgesell¬
1927 1761 2219 1830 ft durch das Auge
2292 1789 3131 1829 schaft, und an die Verleihgesellschaft, das
1924 1813 2226 1870 heater und Film,
2283 1826 3129 1886 D. L. S., mit dem Ersuchen gewandt, die an¬
1958 1845 2226 1935 Krankheit: dem
2286 1860 3128 1908 stößigen Szenen zu entfernen. Erfreulicher¬
2280 1907 3131 1945 weise waren diese Bemühungen erfolgreich. Es
2047 1898 2220 1955 der Kunst¬
2279 1935 3128 1992 wäre aber sehr zu wünschen, daß in Zukunft
2044 1941 2222 1998 jede nur
2280 1974 3135 2041 derartige Szenen erst gar nicht gedreht werden.
2066 1980 2219 2038 Ziel aber
2089 2023 2222 2079 In der
2511 2026 2903 2111 Preisausschreiben
2042 2067 2222 2120 se mit dem
2336 2067 3138 2152 Im Kampf gegen die Lustbarkeitssteuer
2064 2111 2222 2167 zu selten
2276 2130 3137 2205 bringt die Spitzenorganisation der Deutschen
2047 2148 2219 2208 m Theater
2277 2175 3122 2222 Filmindustrie e. V. augenblicklich eine Bro¬
2038 2185 2213 2264 venig Bil¬
2276 2216 3122 2272 schüre in einer Auflage von 1½ Millionen Exem¬
2272 2257 3131 2303 plaren an sämtliche deutsche Lichtspieltheater zur
2047 2258 2217 2357 iter noch
2277 2294 3129 2345 Verteilung, die in den Berliner Theatern am
2076 2326 2216 2382 kritischer
2272 2333 3125 2383 Sonntag den 4. Dezember d. J., und in den
2272 2372 3125 2419 Lichtspieltheatern im Reiche am Sonntag den
2052 2354 2219 2428 Spielfilms
2275 2408 3122 2461 11. Dezember d. J. an das Publikum verteilt
2060 2411 2210 2469 renwollen
2277 2448 3129 2495 werden soll. Die Broschüre bringt unter dem
2054 2457 2220 2528 tinuskunst
2275 2483 3126 2544 Titel „Fort mit dem Unrecht! Helft uns die
2266 2529 3125 2572 Lustbarkeitssteuer zu beseitigen, schlagendes
2058 2525 2213 2611 lare Kon¬
2267 2566 3115 2620 Material gegen die Unbilligkeit der Lustbar¬
2060 2585 2210 2645 aatte, ge¬
2270 2597 3118 2659 kesteuer. Um dem Publikum einen Anreiz
2072 2629 2207 2688 Sprech¬
2267 2645 3122 2698 zum Aufbewahren der Schrift zu geben, ist in
2094 2670 2208 2726 abge¬
2272 2682 3116 2726 ihr ein Preisausschreiben von 3500 M. Bar¬
2089 2714 2213 2773 Voigt
2275 2720 3126 2766 reisen und weiteren Trostpreisen in Form von
2269 2757 3115 2804 Kinofreikarten enthalten, zwecks Erlangung eines
2097 2757 2217 2816 in dem
2272 2797 3116 2876 treffenden Kernspruchs gegen die Lustbar¬
2064 2797 2207 2862 rium des
2267 2828 2460 2887 keitssteuer.
2083 2845 2211 2895 und die
2074 2887 2205 2942 geistiger
2077 2931 2208 2985 zeichnete
2498 2925 2876 3016 Sepp im Film
2077 2970 2208 3026 it das
2320 2987 3109 3069 In den Kronenlichtspielen in der Rheinstraße
2072 3013 2210 3069 ne als
2269 3041 3101 3100 in Friedenau ist jetzt ein sehr hübscher und
2077 3056 2210 3110 gehend
2267 3087 3115 3154 lehrreicher kleine Hundefilm zu sehen. Sein
2086 3098 2210 3150 Myste¬
2267 3126 3115 3188 Star und Hauptsteller ist der prächtige
2066 3138 2207 3193 Bühne
2260 3160 3115 3216 Schnauzerrüde „Benno Schröder, genannt
2060 3184 2207 3246 dualisti¬
2269 3210 3109 3263 „Seppl", der auch schon durch seine Rennsiege
2051 3219 2157 3275 lität
2264 3244 3103 3304 bei Veranstaltungen des Berliner Hunde=Renn¬
2045 3266 2201 3324 twendig¬
2257 3275 3109 3331 klubs bekannt geworden ist. Hier zeigt er sich
2039 3319 3126 3375 uß sich in allen Polizeihund Künsten bei Verfolgung
2054 3356 3157 3413 ann ihr eines Verbrechers und beim Training, und es
2851 3775 2945 3852 mit
2038 3884 3218 4015 Boyd, Mary stor und
3182 743 3269 789 Tier¬
3184 783 3272 830 auf
3187 819 3265 865 plar
