3484 4384
2780 173 2952 251 Nr. 176.
2043 166 2397 257 12. Februar 1898.
1636 192 1857 261 Die Zeit.
1071 201 1385 268 Wien, Samstag,
529 192 739 279 Seite 106.
1768 290 3003 371 punkt unbedingt im Recht; das kann niemand, auch kein Anhänger des
986 331 1229 416 Freiwild.
1768 360 3003 419 Duells, leugnen. Niemand kann ihm das Recht streitig machen, sich
1769 402 2997 457 nicht schlagen zu wollen. Theoretisch also, als Thesenstück, wäre „Frei¬
484 388 1721 480 (Schauspiel in drei Acten von Arthur Schnitzler. Aufgeführt im Carltheater.)
1776 449 3000 504 wild damit zu Ende. Allein — da ist auch schon eine neue, andere Ahnung
507 465 1700 532 Es ist bekannt, dass im zweiten Act von Schnitzlers „Freiwild
1776 490 3000 543 in uns aufgestiegen: dass Rönning in seiner Situation mit dem theoretischen
490 512 1716 571 die Duellfrage discutiert wird. Duellfrage! Das ruft mit einem
1776 535 3003 595 Recht nicht bestehen wird, dass seine Freiheit, seine Vernunft — und mag
484 564 1710 628 Schlage alles wach, was an Journalistenweisheit und Kannegießere
2220 578 3014 634 in Fesseln geschlagen werden können von einer
1771 587 2190 647 er zehnmal recht haben —
487 612 1722 666 in uns schlummert. Theater, Spiel und Illusion sind mit einem
1776 623 3011 683 brutaleren Macht. Er hat einem Officier auf seine Attaque geantwortet, hat
496 652 1716 710 Schlage vergessen. Die Wiener Kritik und das Wiener Publicum haben
1776 666 3000 722 er nicht schwere Rache zu befürchten? In dieser Linie entwickelt sich das Stück
493 694 1710 755 verrathen, dass es ihnen mit „Freiwild" thatsächlich so ergangen ist
1774 711 3007 768 auch thatsächlich weiter. Rönning wird bedroht, aber er verschmäht
493 741 1713 805 Sie haben zu diesem Stücke verstandesmäßig Stellung genommen, wie
1771 755 3014 815 es, zu fliehen. Der Officier trifft ihn auf der Straße und knallt ihn
493 783 1716 851 zu einer Parlamentsdebatte; sie haben nichts anderes darin gesehen
1776 801 3005 856 nieder. Dass dieser Schluss die richtige Consequenz ist, wird nur
487 827 1718 889 oder gesucht als Gründe und Gegengründe, Rede und Widerrede, Logik
1776 838 3003 896 derjenige nicht einsehen, der sich von der Duelldiscussion im oben¬
487 878 1719 937 und Unlogik, Gerechtigkeit und Eigensinn. Was aber hat sich dabei
1776 887 3003 942 bezeichneten Sinne vollständig blenden ließ. Was ist nun gegen das
496 918 1711 980 herausgestellt? Dass das Schnitzler'sche Stück mit einer solchen Prüfung
1774 929 3000 991 Duell bewiesen? fragt so ein hartnäckiger Missversteher am Schlusse.
490 959 1722 1016 der Ansichten über das Duell nicht abzuthun ist. Dass die Rechnung
1782 973 3005 1031 Gar nichts, aber um das Duell hat es sich im Grunde auch gar nicht
487 1016 1721 1066 mit a und b, mit Plus und Minus, die man in diesem Stück sehen
1776 1022 3005 1088 gehandelt. Wenn überhaupt etwas bewiesen werden sollte, so ist das
493 1052 1721 1107 will, nicht aufgeht; dass vielmehr noch etwas übrig bleibt, etwas nicht
1774 1058 3010 1126 etwas ganz Anderes, Höheres: — dass Vernunft und Freiheit bei uns
490 1093 1721 1152 Verstandesmäßiges, nicht Discutierbares, nicht zu Berechnendes. Daraus
1774 1105 3007 1165 nicht zu ihrem Rechte kommen. . . Ein Stück Weltanschauung liegt
491 1135 1716 1195 haben voreilige Leute geschlossen, dass „Freiwild“ zwar ein Tendenz¬
1774 1152 3005 1209 in diesem Schlusse. Eine Weltanschauung, die für Schnitzler durchaus
501 1179 1725 1245 stück sei, aber ein unausgeführtes oder nicht folgerichtiges. Ich schließe
1776 1192 3003 1253 charakteristisch ist: der Pessimismus des Verstandesculturmenschen.
496 1225 1722 1286 besser: „Freiwild“ ist nur scheinbar stellenweise Tendenzdrama, in
1779 1240 3003 1324 Und neben diesem höheren Gesichtspunkte verflüchtigt wohl alles von
496 1269 1722 1330 Wirklichkeit aber ein Theaterstück, ein Theaterstück, das allenfalls mit
1779 1295 2388 1352 selbst, was wie „Tendenz" aussah.
496 1313 1721 1372 einer Tendenz spielt. Alle Fragen und Ansichten, alle Discussionen sind
1903 1319 3003 1391 Schnitzlers Charakterisierungsmanier, mehr ein Zeichnen als
493 1353 1724 1419 darin etwas Höherem untergeordnet, der Illusion, der Wirkung. Mit
1782 1369 3007 1433 Malen, ist bekannt. Sein Dialog ist nicht naturalistisch abgestuft,
495 1402 1716 1459 dem Verstand — oder gar mit einer verstandesmäßigen Polemik —
1788 1410 3014 1482 sondern nur leicht und oberflächlich schattiert. Die Motive und Charakter¬
498 1437 1732 1504 kann man diesem Stück nicht beikommen. Ueber kein Werk, das mit dem
1779 1471 3014 1528 züge seiner Menschen schließen sich nicht zu runden, plastischen Formen
498 1490 1732 1554 geheimnisvollen Gürtel der Kunstform, und zwar der gemeisterten
1777 1502 3018 1578 zusammen, sondern sind sozusagen in der Ebene nebeneinandergesetzt,
490 1540 1733 1598 Kunstform, geschützt ist, hat ja die Controle der Logik irgendwelche
1779 1548 3010 1606 addiert, nicht multipliciert. Das ist seine Art. Von der temperament¬
496 1575 1729 1648 Macht. Ein solches Werk aber, geheimnis umgürtet ist „Freiwild". Die
1785 1589 3021 1652 volleren und elementareren Gestaltungsart Hauptmanns unterscheidet
496 1617 1729 1702 packende, über alles sieghafte Wirkung im Theater lässt darüber
1785 1648 3014 1710 sie sich wesentlich. Ein Vorwurf lässt sich selbstverständlich nicht da¬
498 1677 757 1740 keinen Zweifel.
1785 1680 3014 1744 gegen erheben, am allerwenigsten bei „Freiwild", wo diese Eigenart
612 1681 1733 1766 Die Macht über die technische Kunstform, die dramatische in
1788 1722 3014 1787 so überaus glücklich verwertet erscheint. Den Darstellern dieses Stückes
496 1747 1732 1807 erster Linie, fängt in unserer Generation an, neu gelernt, verstanden
1788 1776 3016 1832 ist es überdies anheimgestellt, die Contourengestalten desselben mit
498 1799 1729 1864 und gewürdigt zu werden. Unsere künstlerische Entwickelung treibt da¬
1788 1807 3014 1875 Farbe und unzweideutiger Persönlichkeit zu füllen. Die Möglichkeit
496 1840 1729 1901 hin, und auch in unserem Urtheil könnten wir uns dem Einfluss dieser
1785 1854 3018 1917 dazu — auch damit beweist ein Dichter Gestaltungskunst! — wird
496 1882 1727 1952 Richtung nicht entziehen. Da kommt uns gerade Schnitzler überaus ge¬
1780 1898 3013 1980 ihnen von Schnitzler gegeben. Ganz gelungen ist das im Carltheater
498 1925 1729 1995 legen und wird uns als Lehrmeister doppelt wertvoll und sympathisch,
1788 1942 2870 2002 eigentlich nur der Darstellerin des Mädchens, Fräulein
495 1973 1722 2038 nun gar mit diesem Drama. Den gewissenhaften, in der Form rein¬
1779 1978 3040 2049 Mit ihrer dürftigen und doch liebenswürdigen Erscheinung, ihrer de¬
501 2016 1733 2098 lichen, selbstkritischen Künstler schätzen wir schon lange in ihm. Mit
1791 2030 3010 2104 scheidenen und dabei eindringlichen Redeweise und ihrem augenscheinlich
506 2060 1735 2130 „Freiwild" aber hat er ein Werk geschaffen, das vielleicht als Muster¬
1779 2088 3016 2141 großen Talent war sie ein vollendetes Bild dieser Rolle. Glänzend
501 2104 1732 2160 beispiel für österreichische Dramentechnik vom Ende des 19. Jahrhunderts
1779 2129 3019 2182 und überaus wirksam war aber auch die Darstellung der anderen
510 2149 1736 2220 fortgelten wird. Seine Technik schwebt glatt und geräuschlos dahin wie
1788 2170 3021 2229 Hauptrollen. Herr Klein als Rönning beherrschte den Dialog im
504 2193 1736 2255 auf Fußschwingen; sie verbindet Kunstform und Inhalt eines Werkes
1788 2206 3021 2270 zweiten Acte mit einer künstlerischen Feinheit und Verstandesschärfe,
501 2234 1732 2291 organisch, so dass eines im andern selbstverständlich, nothwendig und
1788 2253 3019 2316 die einem nicht alle Tage unterlaufen. Raffinement geradezu lag darin,
496 2281 1732 2350 doch zufällig wird ganz wie ein freigewachsenes Ding der Natur. Das
1788 2305 3025 2360 wie fast jeder Satz scheinbar als Selbstverständlichkeit weggeworfen
504 2325 1736 2393 zu können, ist immer das Alleinrecht der Künstler gewesen und wird es
1791 2339 3024 2402 wurde und dadurch nur umso stärker wirkte. Herr Reusch als Officier
507 2364 1722 2437 stets bleiben: etwas, was einen sehr sicheren Instinct, einen sehr empfind¬
1785 2383 3027 2441 war nicht minder gut. Von den übrigen Darstellern schienen mir am
501 2416 1719 2476 lichen Geschmack und sehr weise Concentration verlangt. Das ist etwas
1798 2427 3029 2496 ehesten die Herren Martin und Czasta ihren Aufgaben zu entsprechen.
504 2468 1038 2536 was Reife und Seele verräth.
2757 2466 2988 2540 Alfred Gold.
606 2482 1730 2564 .. Ein Mann schlägt nach einem Officier, der ihn in herausfor¬
504 2545 1738 2614 dernder Absicht schwer beleidigt hat, verweigert dann die sogenannte
499 2595 1735 2667 ritterliche Genugthuung und wird von dem deshalb verzweifelten Gegner
2239 2590 2576 2685 Burgtheater.
504 2638 1736 2699 erschossen. Das der Inhalt des Schnitzler'schen Stückes. Der erste Act
507 2689 1736 2744 bringt eine ausgezeichnete Verwickelung und Spannung, der dritte den
1809 2656 3038 2777 Der verantwortliche Redacteur der „Zeit" hat eine Zuschrift er¬
507 2727 1740 2793 interessanten kleinen Umweg zur Katastrophe. Ein wahres Kunststück
1878 2735 2248 2802 halten, welche lautet:
507 2771 1738 2826 aber ist der zweite Act. Paul Rönning verweigert die Annahme der
1988 2787 2840 2842 Sr. Wohlgeboren Herrrn Dr. Heinrich Kanner,
501 2823 1735 2873 Heraus orderung. Mit den Gesprächen nun, die sich daraus ergeben,
1947 2834 2857 2895 verantwortlicher Redacteur der Wochenschrift „Die Zeit
507 2862 1740 2920 bestreitet Schnitzler scheinbar — mit guter Absicht, scheinbar! — den
2876 2879 2988 2939 Wien.
510 2900 1741 2967 größten Theil der dramatischen Steigerung seines Stückes. Die Fäden
1945 2926 3024 2997 Als bevollmächtigter Vertreter des Herrn Dr. Anton Bettelheim
513 2942 1736 3010 seiner eigenartigen, von Klugheit und Laune schimmernden Conver¬
1829 2975 3022 3051 ersuche ich Sie auf Grund des § 19 des Pressgesetzes anruhende Be¬
513 2986 1740 3057 sationskunst flicht er zu einem Netz, das sich um uns zusammenzieht
1824 3025 3027 3094 richtigung in die nächste Nummer Ihres Blattes in der gesetzlichen Form
510 3035 1738 3102 und uns nicht mehr recht loslässt bis ans Ende. Wir sind entzückt,
507 3083 1735 3148 einem interessanten, pointenreichen Meinungsstreit beizuwohnen und ver¬
1831 3082 2983 3154 aufzunehmen und mir den Empfang der Berichtigung zu bescheinigen.
510 3124 1735 3195 gessen fast schon an das Thatsächliche. Und doch, ohne dass wir's vor¬
2272 3131 2547 3203 Hochachtungsvoll
507 3175 1744 3233 erst wissen, gehen wir dem unaufhaltsamen Fortgang eines Dramas
2481 3151 3002 3259 Dr. Edmund Benedikt.
1831 3176 2281 3258 Wien, am 5. Feber 1898.
504 3214 1746 3270 nach. Ich habe nie ein wirksameres dramatisches Kunstmittel gefunden
2234 3220 2580 3303 Berichtigung.
507 3258 1744 3313 als die Täuschung an dieser Stelle des Stückes. Wir glauben den
1911 3275 3035 3346 In Nr. 175 der „Zeit" vom 5. Februar 1898 ist in dem
510 3303 1743 3358 Dichter sich in Argumenten für und gegen das Duell erschöpfen zu
1801 3330 3033 3396 „Burgtheater" überschriebenen Artikel ein meinen Clienten Dr. Anton
513 3347 1744 3408 sehen und alles Interesse darauf concentriert — die Voreiligen lächeln
1801 3371 3021 3434 Bettelheim betreffender Passus enthalten, welcher durchaus auf Unwahr¬
513 3386 1744 3451 sogar schon: ein Thesenstück! — mit einem Male aber öffnen sich uns
1795 3415 3038 3473 heit beruht. Der Inhalt der von Herrn Dr. Anton Bettelheim an die
507 3435 1740 3493 die Augen. Und wir sehen, dass der Dichter längst nicht mehr im
1791 3468 3040 3529 Frankfurter Zeitung geschickten Berichtigung des in der „Zeit" vom
510 3481 1746 3536 Kampf der Meinungen drinsteht, und dass er ihn nur spielend gestreift
1798 3500 3033 3572 22. Jänner 1898 erschienenen Artikels „Burgtheater“ ist unrichtig,
517 3520 1740 3584 hat, vielleicht um uns einen halben Act lang zu beschäftigen, vielleicht
1795 3558 2346 3611 weil verstümmelt wiedergegeben.
510 3565 1746 3617 um seinem persönlichen Gerechtigkeitsdrang in ein paar hübschen Sätzen
1911 3589 3035 3653 Diese von Herrn Dr. Bettelheim der Frankfurter Zeitung tele¬
507 3620 1741 3669 Luft zu machen, vielleicht, um seinen Helden, den Duellverweigerer,
1798 3633 3029 3705 graphisch zugesendete und von dieser vollinhaltlich abgedruckte Be¬
513 3657 1740 3713 schärfer hervortreten zu lassen. Wir glaubten, dem Kampf zweier ver¬
1795 3691 2112 3760 richtigung lautete:
517 3697 1747 3763 schiedener Principe beizuwohnen. Aber das ist nur ein vorgeschobenes
1911 3702 3038 3787 „Ich habe niemals und mit niemandem zum Sturze Burckhards
510 3743 1746 3814 Scheingefecht, und während dessen hat der wirkliche Kampf auf einem
1799 3765 3043 3831 mich verbündet. Geradezu absurd ist die Behauptung, dass Excellenz
507 3792 1747 3853 ganz anderen Feld begonnen; zwischen dem Princip des Helden und
1801 3810 3036 3875 Bezeny mir die Hand gereicht zur Verschwörung. Ich habe niemals
523 3832 1746 3900 seinem Leben! Paul Rönning verweigert das Duell und vertritt in
1795 3854 3036 3917 die Intendanz betreten und seit länger als einem Jahrzehnt weder
513 3872 1744 3936 mehreren Gesprächen seinen Standpunkt. Keinen Moment lässt er sich
1795 3897 3044 3988 direct noch indirect mit Baron Bezeny oder Regierungsrath Wlassak
513 3917 1744 3977 darin beirren, und wir selber kommen keinen Moment in die Lage,
1798 3952 2174 4021 ein Wort gewechselt."
523 3958 1746 4024 seine Ausführungen anders als vernünftig zu heißen. (Scheinlogik und
1920 3967 3036 4046 Es ist daher unwahr, dass Dr. Bettelheim nicht dasjenige be¬
517 4005 1747 4058 Scheinargument, vom Dichter sehr fein hergerichtet, ist alles, was seine
1799 4029 3043 4095 richtigt hat, was Herr Bahr in dem Artikel vom 22. Jänner 1898
515 4051 1740 4135 Partner vorbringen.) Rönning ist ja von seinem Individualitätsstand¬
