3436 4256
119 206 647 318 8. Freiwild
801 203 1221 298 box 14/3
1021 822 1980 897 Bösendorfer=Saale der einzige Liederabend des kön¬
800 856 1987 935 m.) Der lich sächsischen Kammersängers Carl Scheidemantel sie
813 930 992 995 vatsekretär
1113 926 1998 995 Jung=Wien hatte Sonntag zu wohlthätigem Zw.
821 979 992 1035 mit seinen
1032 982 1998 1038 seine besten Truppen ins Feuer geschickt und obendrein an
811 1030 2011 1077 en in allen von auswärts Hilfsmannschaft requirirt; kein Wunder als
808 1069 2012 1138 ich im Ab- daß der Bösendorfer=Saal gesteckt voll war und daß das
811 1111 2022 1177 ie Blätter Publicum literarische Sensationen von einer bei Akademien
808 1159 988 1227 lichen Fest¬
1026 1166 2025 1229 selten vertretenen Art erwartete. Diese Hoffnungen wurden
813 1209 990 1272 bemerkt,
1021 1216 2029 1267 nur zur Hälfte erfüllt, da von den vier Treffen, in denen
814 1253 992 1321 lege willen
1024 1266 2016 1322 ämpen anrückten, gerade nur die Hälfte ihren bereits,
814 1305 2016 1359 möglich und zumeist mit Recht, über das Café Griensteidl, seligen
1019 1351 2016 1419 Angedenkens, hinausgedrungenen Ruf bewährt hat. Daß Georg
811 1351 990 1413 gerecht¬
835 1395 993 1453 zu be¬
1024 1404 2033 1458 Hirschfeld, der Verfasser der „Mütter", welcher zuerst
829 1448 2016 1504 Aufschluß am Vorlesertischchen sich niederließ, nicht zu den voll
818 1492 2022 1553 orten, wer triumphirenden Siegern zählte, that uns herzlich leid. Es
811 1535 987 1595 den inter¬
1017 1540 2024 1593 war dies allerdings nicht die Schuld des so reich begabten
811 1574 2027 1635 er geheime jungen Dichters und dessen, was er las, sondern die des
821 1627 992 1693 is v. Lu¬
1024 1635 2014 1682 Vorlesers Hirschfeld. Ein sympathischer Blondkopf mit
821 1680 2022 1742 nann an breiter, freier Stirne und einem Gesicht, dessen Glätte mehr
818 1719 995 1800 chtmäßige
1022 1729 2022 1787 der Jugend als dem Rasirmesser zuzuschreiben ist; schüchterne,
1014 1772 2032 1846 nervöse, elige Bewegungen. Der norddeutsche Accent und die
1658 1893 1990 1985 Wien, Dienstag
1085 1975 1996 2041 sichtliche Befangenheit ließen die stimmungsvolle
2101 1983 2359 2045 Mann herung
1084 2035 2362 2074 zählung „Bei Beiden", die Hirschfeld las, nicht zur oft mit meinem
2101 2070 2349 2117 dem Haus auf
1082 2074 2075 2143 vollen Geltung kommen. Herr v. Hofmannsthal trug
2111 2104 2369 2158 Dr. Nitzelb¬
1088 2112 2362 2195 sein dramatisches Gedicht „Der Thor und der Tod“ um ver¬ Damals muß
1080 2156 2074 2222 schiedene Grade sicherer und — schlechter vor. Er ist so lange
2199 2177 2359 2227 Ein Ge¬
2101 2206 2359 2267 Entführen
1080 2216 2066 2274 als der künftige Goethe posirt worden, daß er schließlich
2109 2254 2359 2309 mein Mann zu
1084 2258 2067 2311 anfängt, selbst als solcher zu posiren. Aber sch goetheisch
2108 2293 2356 2341 Testament zu
1074 2311 2369 2374 anklingende Verse ohne viel Inhalt verstehen außer Herrn Sachen zu Hat
1076 2340 2077 2416 v. Hofmannsthal noch viele andere, weniger talentirte junge
2195 2362 2356 2417 Nach ei¬
2101 2383 2345 2451 befragte der
1072 2398 2074 2467 Leute zu drechseln. Arthur Schnitzler las den ersten
2099 2438 2338 2493 Werthpapiere
1084 2436 2072 2504 Act seines Schauspieles „Freiwild" in jenem leichten,
2108 2477 2325 2527 Mein Mann
1084 2486 2074 2548 seinen Conversationston, den der Dialog moderner Stücke
2112 2511 2325 2565 gezeigt, wie
1072 2535 2067 2601 gebieterisch fordert, und dank der geschickten Art des Vor¬
2101 2551 2335 2601 liegt, gehört
2104 2586 2332 2641 kleine Lose la
1072 2577 2072 2653 trages ging auch nicht eine Pointe verloren. Mit großem
2188 2620 2333 2675 Präs.:
1076 2628 2064 2688 Interesse sah das Publicum die Verhältnisse eines Sommer
2109 2656 2327 2712 Zeugin:
1067 2674 2338 2744 theaters in einem Curorte sich entrollen. Schnitzler dachten Sie si¬
1067 2720 2069 2786 konnte mit dem Erfolge des Stückes wie der Vorlesung
2104 2730 2345 2785 Sie doch Uni¬
2098 2772 2314 2823 mir gedacht,
1072 2772 2064 2838 zufrieden sein. Den Vogel schoß aber diesmal Hermann
2095 2798 2332 2864 dann nicht Ge¬
1072 2814 2067 2882 Bahr ab, der durch die „Anekdote", welche er gab, bewies,
2193 2848 2332 2896 Präs.:
1079 2864 2062 2925 daß er noch lange nicht „demonie ist. „Die schöne Frau
2108 2873 2328 2933 seinem Tode
1080 2906 2338 2972 — so lautet der Titel der Anekdote — ist geradezu ein Zeugin (le
1071 2935 2320 2999 Cabinetstück, und der Verfasser hat mit der Schalkhaftigkeit geglaubt, er
2095 2994 2312 3048 werden. —
1067 3006 2067 3062 und mit der Ironie eines alterfahren; Vortragsmeisters
2098 3032 2338 3083 zwischen seinen
1067 3041 2067 3104 all das Mißgeschick geschildert, das der Gatte einer ewige
2108 3070 2328 3135 Ist die Ges¬
1063 3094 2064 3146 Bewunderung heischenden Frau erduldet. So stark wirkte
2108 3106 2291 3154 Zeugin:
1067 3138 2066 3199 diese humor= und temperamentvolle Satire, daß Bahr, der
2095 3131 2332 3206 hundertmal se
2187 3180 2324 3230 Präs.
1067 3180 2066 3244 die letzte Nummer hatte, sogar den Wunsch des Publicums,
2095 3206 2324 3270 darüber aus¬
1066 3240 2067 3293 möglichst rasch zur Garderobe zu kommen, überwand, und
2096 3254 2324 3312 Strafprocesse,
1064 3273 1630 3331 vier- oder fünfmal gerufen wurde.
2095 3290 2319 3341 beschuldigte,
1166 3306 2325 3378 Der Wiener kaufmännische Gesang die Schenkung
1063 3364 2328 3407 verein gab am letzten Donnerstag im Saale Bösendorfer aufgeschrieben.
2098 3406 2330 3452 könne schon die
1063 3401 2064 3470 sein statutarisches Frühjahrsconcert, das sich durch die
1669 3431 2335 3514 anders auszeichnete der Schenkung
