3484 4256
198 228 733 319 8. Freiwild
894 219 1306 315 box 14/3
1033 894 2295 1004 perten Gegners vermerkt wird darin, daß den Angaben der Thier=gabe
1028 965 2319 1033 ärzte ein Werth nur dann beigelegt werden kann, wenn sie auf durchaus welche
1037 1004 2345 1083 zuverlässigen Beobachtungen beruhen und durch Aufzählung der holzsch
1037 1041 2410 1132 für die sachgemäße Beurtheilung erforderlichen Einzelheiten be= unterneh¬
2198 1080 2445 1137 Bücherfreu¬
1039 1107 1271 1178 gründet sind.
2198 1122 2358 1180 Stande
2200 1165 2404 1219 interessanten
1419 1154 1785 1243 Residenztheater.
1120 1189 2447 1280 Arthur Schnitzlers Schauspiel: Freiwild hat am Buche
1037 1247 2450 1323 Dienstag bei der ersten Aufführung entschieden einen tiefen Einliches beige¬
1041 1293 2480 1363 druck gemacht, der freilich nur spärlich bemerkbar wurde, weil das zwei inhaltlich
1046 1328 2484 1406 Haus sehr schwach besetzt war. Besonders ingressirte der zweite warks „Wege
1046 1365 2493 1447 Akt, auch der letzte fesselte. Freiwild ist eine Musterkollektion bouquet und Bi¬
1043 1423 2480 1490 moderner Tagesfragen: Hauptthemen sind modernes Sklavenleben lesen haben, der
1046 1452 2493 1530 auf der Bühne, Duell und Standesehre. Dramatisch sind nur die Interesse nimmt
2285 1493 2469 1554 Dänem
1046 1503 2187 1573 beiden letzten Themen behandelt. Das er ist loses Beiwerk in
1046 1540 2486 1621 dialogischer Form; es enthüllt traurige Zustände, man kann aber vollen Hendrik
1044 1579 2489 1670 nach den Ergebnissen der Wiener Theaterenquete nicht daran eine verständi¬
1055 1621 2476 1707 zweifeln, daß Schnitzler Thatsachen schildert. Die Damen gewisser ragende Rolle.
1048 1657 2506 1747 Theater, namentlich in kleineren Städten, sind thatsächlich Frei¬ am schärfsten die
1052 1707 2502 1779 wild, das der große Kesseltreiber, der Herr Direktor des Kunst ist Hans Tegner
1052 1742 2489 1827 institutes, der Lebewelt zutreibt, die an den Künstlerinnen Ewald für ein
1048 1799 2486 1864 nach berühmten Mustern mehr die Dame verehrt als die Kunst, geprägt wurde,
1048 1825 2510 1907 Dieses Freiwild bildet das Milien der Handlung. Eine Künstlerin, gebrannt auf hell
1057 1872 2508 1950 die sich sträubt, sich als Freiwild behandeln zu lassen, wird die ein Muster mod
1055 1914 2510 1996 unschuldige Ursache eines Streites, in dem der Oberlieutenant stilgerecht, ist der
1061 1946 2499 2042 Karinski, ein Herr, der seine kriegerischen Gelüste ebenfalls und leider farbige Mosaiks
1057 1992 2515 2072 auch nach berühmten Mustern auch im Frieden auszuleben geneigt I. L. Flyge in so
2222 2033 2515 2100 künstlerischen Ins
1061 2059 2187 2118 ist, eine veritable Ohrfeige bekommt. Er hat, was ihm gebühr
1061 2078 2489 2156 Der schlagfertige Vertheidiger aber der Ehre der angegriffenen dem ein durch
1057 2128 2499 2202 Dame weigert sich, sich mit dem Beleidiger zu schlagen. Das auf Mosaikband mit
1061 2159 2527 2235 der Bühne so oft erörterte Thema der Satisfaktion steht nun auf ausgeführt, stam¬
2232 2202 2528 2256 Maroquin, die
1063 2213 2200 2284 der Tagesordnung. Es wird außerordentlich interessant und ohne
1063 2252 2436 2321 Frage mit großer Sachlichkeit behandelt. Die Personen treten so glücklich
1061 2284 2532 2367 dabei hinter der Frage sehr zurück und die Spannung richtet sich „Aladine" desselb
1061 2326 2532 2419 mehr auf den Konflikt als auf die Charaktere. Die Kontroverse grün mit goldge
1068 2384 2382 2458 gipfelt schließlich in dem Gegensatze von Menschen= und Standes= Grunde.
2309 2389 2541 2465 Unter den ei
1063 2419 2202 2495 ehre. Gerade dadurch, daß die Folgen der Duellverweigerung
1070 2454 2538 2536 für den Fordernden in den Vordergrund der Debatte gerückt Arnoldschen Ausst
1063 2495 2539 2575 werden, gewinnt die Frage ein ganz neues Ansehen. Eine öffentlichungen de
1070 2538 2547 2614 Lösung des Konfliktes ist natürlich unmöglich, wenn beide Es liegen hier di
1070 2571 2539 2664 Gegner auf ihrem Standpunkte verharren und nur ein Mord Ruth" mit Ori¬
1067 2625 2506 2695 vermag eine scheinbare Lösung herbeizuführen. Dieser Gewaltakt Jules Laforges
2239 2645 2551 2716 The Dia¬
1070 2673 2207 2738 ist der Höhepunkt der Sensation des Stückes, zugleich aber auch
2239 2701 2547 2760 C. H. Shannon,
1076 2712 2209 2786 seine ihm von vornherein gegebene, angeborene Schwäche. Als ein
1072 2745 2551 2825 Thesenstück steht Schnitzlers Freiwild hinter seinem Schauspiele Ch. Ricketts, N.
1072 2797 2551 2859 Lieberei, das den Zug zur These freilich auch schon verrieth, zurück, dieselbe kleine Ge¬
1072 2823 2539 2907 Man kann jedoch nur bedauern, daß das interessante Werk, das sehr gute litterarische
2239 2864 2506 2925 D. G. Rosetti,
1072 2881 2211 2944 ansprechend dargestellt wurde, nicht zu günstigerer Zeit, im Winter,
1067 2909 2556 2990 auf die Bühne des Residenztheaters kam. Es würde dann gewiß anderen geziert ist.
1076 2955 2552 3026 volle Häuser gemacht haben. Die Herren Witt (Karinski), Handpresse gedruck
2243 2990 2567 3051 Die Zierleisten stel
1076 3007 2209 3076 Treptow (Rohnstedt), Martini (Vogel), Burmester (Rönning,
1081 3038 2519 3120 Friese (Grehlinger), Dr. Manning (Wellner) machten sich um bildlichen Satze
2235 3076 2562 3142 der größte Werth
1070 3085 2206 3154 die von Herrn Rotter trefflich inscenirte und geleitete Vorstellung
1081 3118 2571 3198 durch flottes und natürliches Spiel besonders verdient. Herr Bücher. Beim An
1081 3166 2567 3246 Janda kopirte einen Theaterdirektor vorzüglich, ebenso Fräulein daß auch deutsche
1081 3196 2573 3283 Stehle eine Soubrette. Fräulein Garnow spielte das Fräulein schmackvolles auf
2322 3244 2575 3298 Eine andere in
1078 3259 2219 3328 Riedel ansprechend, wenn auch etwas monoton. Der Besuch der
2243 3274 2549 3345 der ebenfalls zu
2065 3298 2194 3358 L. L.
1072 3307 1785 3393 Vorstellung kann nur empfohlen werden.
2243 3330 2567 3387 Von ihm stammen
2243 3371 2569 3426 the Lock; jeder
1183 3361 2135 3461 Kunstgewerbliche Ausstellung bei Arnold.
2237 3411 2577 3487 Randzeichnungen
