3392 4384
136 173 233 280 8.
340 181 535 252 rei
833 157 1242 265 box 14/3
1381 650 2047 757 LA VITA INTERNATIONALE
779 710 871 768 ﻿266
1759 799 2678 869 Volubilità delle folle rende prezioso - spen¬
775 824 1700 892 Anna rimane singhiozzante, affranta, vicino
1748 866 2688 934 derebbe nell'attirar l’attenzione del pubblico
737 866 1699 937 al cadavere. Il medico le dice : - Andate, andate
1744 911 2676 1000 precipuamente su di se e sull'opera sua¬
743 941 1373 998 non avete più nulla a far qui...
778 974 1684 1036 Ed essa, guardando smarrita nel vuoto, mor¬
1745 986 2692 1048 quest'uomo cosi austeramente modesto, pare
743 1032 875 1091 mora:
1752 1020 2687 1092 cordi persino d'esser l’evocatare dei tipi più
780 1078 952 1164 Dove?...
1752 1079 2687 1154 squisitamente eletti che vantino le nostre
1333 1090 1664 1192 A. GOLDACHER.
1748 1135 2684 1202 lettere contemporance, mentre va con ele¬
1738 1199 2692 1266 gante e appassionato eloquio combattendo
1746 1247 2688 1318 per la bellezza delle idée che gli hanno sor¬
749 1244 1681 1338 FOGAZZARO CONFERENZIERE
1744 1296 2687 1367 riso e sorridono, per confortare gli animi
1748 1351 2693 1417 dello stesso balsamo soave che sul suo scese
978 1357 1700 1447 ogazzaro à la mode ! Il dolce
1748 1409 2435 1478 dal momento in cui le accolse.
984 1415 1700 1502 poeta di Miranda, il narratore
1783 1460 2693 1535 Pochi apostolati furono e sono mi si
978 1470 1694 1543 appassionato di Malombra, l'i¬
1754 1514 2693 1578 consenta di dirlo - nobili e grandi quanto
760 1514 1699 1594 dealista superbo e solitario cosi
1759 1567 2696 1644 quello di questo innamorato d'ogni purezza
745 1591 1700 1654 caro a quanti amano l’arte bella, l’arte buona,
1754 1626 2700 1694 e d'ogni bontà, che le frondi d’alloro di cui
745 1632 1703 1704 l’arte sincera, magnificazione dei più alti
1754 1668 2702 1753 la gloria lo cinge impugna come armi a far
755 1692 1702 1759 sentimenti umani trovasi, ora più che
1754 1721 2702 1799 trionare una dottrina lungamente meditata
755 1760 1704 1823 mai, in quel momento solenne nella vita
1754 1778 2696 1848 e quasi tutta sua e talmente alta - la dot-
750 1798 1706 1884 d'un artista in cui sull’invidia e sui livori,
1753 1841 2704 1913 trina che vuol colmato l’abisso scavato dai
751 1861 1708 1937 come sulle partigianerie delle scuole e dei
1760 1898 2699 1958 secoli fra scienza e religione ; da sembrar
791 1916 1703 1970 cenacoli, triona indiscussa l'operosita
1759 1951 2704 2016 agli intolleranti delle due parti compromesso
757 1974 1711 2033 d'una giovinezza votata all'ideale. Trionsa
1754 1991 2705 2065 inutile, impossibile (e interessato magari) di
756 2011 1711 2093 sotto gli auspici e colla partecipazione di
1764 2046 2701 2130 persona desiderosa di restar nelle grazie si
767 2078 1716 2153 tutti i degni, di tutto un pubblico salutante,
1760 2123 2704 2178 del buon Dio che dei suoi nemici. Onde
756 2123 1705 2208 acclamante il vittorioso, con entusiasmo tanto
1764 2156 2706 2227 all’autore del saggio. Sulla teoria dell'evo¬
763 2194 1715 2261 più grande quanto maggiore fu l’asprezza
1760 2209 2708 2293 luzione nelle opere di S. Agostino e di Dar¬
763 2231 1708 2321 della lotta e la durata sua, quanto più lu¬
1764 2268 2712 2340 in qualche sinedrio scientifico concedeva
761 2279 1708 2360 minosa rifulse in essa la nobile dignità del
1760 2320 2708 2390 il passaporto d'uscita a patto che pel futuro
762 2358 1046 2428 combattente.
1760 2371 2497 2458 badasse solo a scriver romanzi....
808 2380 1718 2484 Momento bello , e pur grave pei supremi
1811 2430 2365 2512 Torni a Daniele Cortis!...
763 2444 1721 2520 doveri che addita : il venturato che tocco
1801 2498 2710 2568 Il Fogazzaro se vi torno, fu- ben inteso¬
769 2501 1714 2574 l’aspra vetta fra tanta aspettazione e con¬
1772 2536 2712 2616 quando piacque a lui e non agli altri, nè
769 2578 1720 2629 templazione di spettatori non parla e scrive
1770 2587 2708 2666 al suo apostolato altissimo di conferen¬
768 2610 1723 2690 forse come da un tripode? solo il silenzio
1770 2660 2714 2724 ziere rinunzio o rinuncier quando che sia.
775 2660 1721 2748 omai gli appartiene, non la parola, che,
1772 2694 2720 2784 Hanno delle idée fisse, sapete, qualche volta
769 2737 1715 2813 profferita a pena, si divulga e propaga ovun¬
1775 2758 2074 2850 questi artisti!
773 2771 1709 2855 que, da vicino e da lontano, a diriger l’opi¬
1807 2780 2716 2875 E che non vi rinunci lo ha pur mostrato
769 2843 1721 2908 nione del pubblico e le sue discussioni e
1770 2864 2716 2935 con tanto coraggio, determinando nella sua
779 2882 1486 2968 quasi a porgergliene la materia.
1772 2917 2718 2990 recente conferenza pariginale attitudini e
815 2924 1728 3010 Ma l'occasione è pur propizia, sublime per
1782 2984 2718 3040 le aspirazioni d'un grande artista dell’av¬
772 2992 1727 3078 chi l’attese e la senti sicura, inevitabile sulla
1778 3018 2722 3092 venire, quale egli lo vagheggia (ei poeti
779 3041 1723 3127 sua via e anche nelle ore più tristi in cui lo
1782 3085 2716 3155 sono profeti spesso e pur di recente par¬
774 3096 1733 3186 sconforto scende scevro d'ostacoli sull'anima
1782 3139 2719 3222 lando del progresso in relazione alla fe¬
775 3169 1730 3241 a occuparla tutta, la vagheggio presente, e
1782 3187 2719 3263 licità , nella classica aula del nostro Col¬
775 3208 1733 3293 presenti ebbe nel lucido sogno i momenti
1778 3236 2714 3313 legio Romano, dinnanzi a una folla di am¬
781 3272 1733 3338 solenni in cui dell’autorità non più discussa
1778 3289 2724 3368 miratrici che diedero al dolce poeta d'ogni
785 3312 1723 3398 del poeta nell'atto d'enunciar quelle de
1778 3343 2722 3424 gentilezza muliebre tributo altissimo d'in¬
785 3372 1728 3451 quelle aspirazioni (che solo traggono figu¬
1788 3408 2728 3479 condizionato entusiasmo - spezzò un'altra
780 3440 1733 3503 razione di realta e vita dal vivo apostolato
1788 3462 2728 3526 lancia in favore delle belle idée - cosi belle
790 3497 1727 3560 della parola) è affermazione il conscio rac¬
1784 3523 2728 3582 e cosi sue - che affascinarono la sua mente
787 3524 1727 3610 coglimento della folla e la silenziosa ammi¬
1814 3560 2728 3637 e non la sua soltanto, convien aggiungere.
787 3604 1063 3666 razione sua.
1826 3619 2728 3689 Che il Fogazzaro e la sua parola su cosi
828 3625 1741 3731 A tale momento pochi artisti si trovarono
1787 3664 2726 3751 alto soggetto fossero attesi con ansiosa cu¬
791 3694 1735 3768 come il Fogazzaro cosi degnamente prepa¬
1790 3730 2722 3796 riosita, ben lo provò lo straordinario e sol¬
787 3746 1744 3828 rati, cosi altamente consci dell'importanza
1794 3778 2729 3854 lecito affollamento della sala delle confe¬
791 3809 1740 3892 suae dei doveri che impone. E, mentre
1787 3832 2736 3936 renze. E come il poeta apparve, salutato da
785 3860 1742 3954 altri il tempo , che la consapevolezza della
