3484 4224
148 151 439 236 8. Fre
547 149 630 230 il
842 148 1249 251 box 14/4
707 1180 1068 1282 Telephon 1191.
327 1237 1431 1365 Alex. Weigls Unternehmen für Zeitungs-Ausschnitt
520 1343 1255 1470 „OBSERVER
330 1435 1422 1554 Lösterr. behördl. konz. Bureau für Zeitungsberichte u. Personalnachrichten
506 1512 1255 1609 Wien, I., Concordiaplatz 4.
742 1591 1005 1658 Vertretungen
323 1628 1413 1715 in Berlin, Budapest, Chicago, Genf, London, New-York,
315 1682 1416 1760 Paris, Rom, Mailand, Stockholm, Christiania, St. Petersburg.
592 1733 1138 1807 (Quellenangabe ohne Gewähr
318 1743 1406 1900 Ausschnitt TRAPOST, WIEN
315 1918 471 1990 vom
524 1897 816 1994 30.05
484 2009 1182 2117 Kunst und Literatur.
341 2138 1444 2196 (Deutsches Volkstheater.) Schnitzlers Schauspiel
251 2190 1431 2242 „Freiwild“ hat gestern die Probe auf seine Bühnenfestig¬
260 2230 1431 2276 keit abgelegt. Wenn ein Tendenzstück von so gefährlicher Fär¬
260 2272 1434 2323 bung Jahre nach seiner Entstehung solch einen durchschlagen
260 2311 1440 2356 den Erfolg hat, dann muß ihm viel Bühnentechnik, noch mehr
263 2356 1444 2406 dramatische Wirkung eigen sein. In der Tat ist ja der Stand¬
261 2387 1431 2441 punkt Schnitzlers in bezug auf das menschliche „Freiwild
260 2421 1440 2483 durch seine spätere literarische Tätigkeit wesentlich verrückt
263 2469 1443 2518 worden; dem Dichter des „Reigens wird man die Rönning¬
254 2508 1443 2556 Wellnerschen Thesen von den verschiedenen Moralgattungen
257 2547 1446 2601 nicht mehr glauben wollen. Aber der Dramatiker versicht
260 2587 1443 2644 seinen, ja nicht ganz präzisierten Standpunkt mit ebensoviel
266 2626 1446 2677 Temperament als Klugheit, ohne parteiisch zu werden und
263 2666 1446 2725 seine Gestalten sind bodenständig, atmen wirklich das Milieu,
266 2702 1455 2756 in dem sie sich bewegen. Das gibt eben ein echtes bühnen¬
257 2744 1456 2796 wirksames Theaterstück, und das ist's, was den Leuten ge¬
263 2784 1443 2841 fällt. Dennoch ist mir der Dichter des süßen Mädels lieber,
269 2826 1449 2884 als der des moralischen — weil er mir wahrhaftiger dünkt.
266 2867 1444 2922 — Das Stück wird im Volkstheater glänzend gespielt: Kra¬
263 2902 1449 2959 mer, Jensen und Höfer sind brillant; besonders der
272 2941 1446 2998 letzte. Frl. Er ist von wahrhaftiger Frische, Tewele
263 2980 1458 3037 und alle anderen von frischer Wahrhaftigkeit. Sie schwimmen
269 3023 1440 3082 sichtlich in ihrem Element. Und Herr Kutschera „schwimmt
272 3055 1452 3132 im Text, was man an ihm nicht gewöhnt ist. Es gab viel
266 3108 411 3171 Beifall.
360 3125 1077 3221 Jubiläumatonta
2054 1104 2421 1204 Telephon 12801.
1695 1173 2780 1292 Alex. Weigls Unternehmen für Zeitungs-Ausschnitte
1885 1252 2604 1397 EREN
1695 1386 2786 1462 I. österr. behördl. konz. Bureau für Zeitungsberichte u. Personalnachrichten
1887 1446 2628 1543 Wien, I., Concordiaplatz 4.
2118 1513 2381 1582 Vertretungen
1701 1540 2783 1618 in Berlin, Budapest, Chicago, Genf, London, New-York,
1704 1601 2790 1670 Paris; Rom, Mailand, Stockholm, Christiania, St. Petersburg.
1985 1652 2512 1736 (Quellenangabe ohne Gewähr.)
1703 1740 2160 1846 Ausschnitt aus:
2248 1740 2952 1824 DIE WOCHE, WIEN
2124 1800 2229 1884 205
1716 1861 1876 1930 vom
1782 1888 2695 2132 Theater und Kunst.
1890 2102 2598 2212 Deutsches Volkstheater.
1809 2191 2757 2251 „Freiwild, Schauspiel in drei Akten von
1718 2230 2756 2299 Artur Schnzler soll gegen das Duell Tendenz
1719 2275 2757 2344 machen — und ist beinahe eine Apologie desselben.
1725 2321 2759 2377 Ehrenmänner, zum Teile in der Antiduelliga vereinigt,
1728 2362 2754 2421 nennen das Duell ein Uebel. Vorderhand aber ist es
1725 2405 2757 2462 immer noch ein „kleineres Uebel und man möge vor
1725 2448 2763 2502 allem Mißbrauch desselben hintanhalten! Mit billigen
1728 2481 2765 2557 Bravorufen bei Tendenzstellen wird man gewiß nichts
1728 2530 2760 2593 erreichen. Besser angebracht wären dieselben bei anderen
1728 2569 2760 2633 Stellen des Stückes. Der Schmierendirektor im
1731 2616 2754 2680 „Freiwild“ ist eine Karikatur, ist eine Verzerrung.
1725 2663 2757 2729 Das Unverzerrte aber lebt geachtet und geehrt unter
1725 2699 2763 2763 uns. Da schreibe man noch Tendenzstücke. Aber man
1737 2744 2763 2802 lasse es endlich sein, Dinge, die sich vielleicht ereignen
1734 2787 2756 2844 könnten — als schlimme Ausnahmen, welche die gute
2072 2826 2757 2881 — Vorfälle aus dem Offiziersleben
1734 2832 2042 2898 Regel bestätigen
1731 2877 2762 2938 tendenziös auf die Bühne zu zerren. Im Leben des
1737 2914 2763 2968 wohlgefällig beifallspendenden Zivilpublikums gibt es
1736 2958 2766 3019 übergenug Stoff für Tendenzdramen. Gespielt wurde
1737 3005 2765 3056 allgemein gut. Von den Herren traten Kutschera,
1734 3049 2772 3107 Kramer, Jensen und Höfer hervor. Frau
1740 3086 2766 3143 Glöckner stellte eine Theaterdemimondaine mit
2586 3129 2723 3200 Nous
1731 3132 2155 3201 großem Geschicke dar.
