3484 4256
194 163 723 266 8. Freiwild
889 167 1291 263 box 14/4
2090 70 2446 154 alle
1821 153 2958 257 Ausschnitt ausrer Volksblatt
1833 296 1996 358 vom
2286 462 2458 534 9 1904
1764 524 2316 606 Wunsche: „Aufsehen.
1859 575 2926 656 * Stadttheater. Schnitzler, der interessanteste Dra¬
1764 643 2929 709 matiker der von uns schon mehrmals gekennzeichneten Wiener
1761 699 2912 747 Richtung, hat gestern mit seinem Thesenstück „Freiwild
1773 741 2926 804 das vollbesuchte Haus in angeregteste Spannung versetzt. Ein
1767 787 2925 854 Offiziersstück, gegen das Duell gerichtet, man weiß, daß in
1770 844 2929 908 Berlin und andern reichsdeutschen Städten die Offiziere da¬
1765 889 2929 966 gegen demonstriert hatten, während sie in Prag es stürmisch
1776 941 2941 1005 applaudierten. In Graz konnte es wegen Zensurschwierigkeiten
1773 986 2926 1046 lange Zeit nicht gegeben werden, gestern traten statt öster¬
1776 1036 2929 1095 reichischer Offiziere italienische Uniformen auf, zum Nachteil
1776 1083 2935 1146 des Stückes. Abgesehen von dem nichts weniger als feschen
1779 1131 2926 1195 Aussehen — wer in Venedig oder andern italienischen Städten
1765 1180 2929 1244 war, wird sich an die bizarren Maskeraden des dortigen Mi¬
1773 1227 2932 1293 litärs erinnern — glauben wir diesen Leuten auch nicht das
1782 1277 2939 1343 schneidige offene Auftreten, das den österreichischen, den
1770 1327 2929 1384 deutschen Offizier charakterisiert. Freiwild ist das selbständige
1779 1378 2935 1443 junge Mädchen, das, weil es so schön und beim Theater ist,
1776 1432 2935 1491 von der Herrenwelt alle Frechheiten sich soll gefallen lassen,
1776 1476 2934 1536 ja Herr Schneider, der Direktor des Sommertheaters, rechnet
1782 1517 2939 1586 sogar damit, daß seine Damen in lebendigem Kontakt mit
1776 1567 2935 1627 dem Publikum bleiben, ihre Verehrer haben, die ihnen die
1776 1614 2935 1679 knappe Gage aufbessern und abends Logen und Parket füllen.
1776 1670 2934 1729 So halten es auch die Offiziere des Badeortes, die Theater¬
1773 1721 2942 1786 damen sind ihnen ein kansanter Zeitvertreib, die pricke
1779 1768 2945 1829 Gesellschaft ihrer Champagnergelage, besonders Oberleutnant
1773 1811 2945 1880 Karinski findet dies selbstverständlich und ist erbost, daß Anna
1776 1859 2947 1925 Riedel, die junge Naive, eine Ausnahme mocht. Sie hat aber
1773 1908 2950 1984 aus diesem Grunde vom Direktor die Kündigung erhalten.
1779 1958 2938 2019 Paul Rönning, ein junger Privatier, schätzt und liebt sie.
1779 2006 2939 2079 Er hört die verächtlichen Bemerkungen des Oberleuts und
1782 2052 2947 2125 ohrfeigt ihn für sein bübisches Benehmen. Mit Mühe halten
1779 2094 2932 2169 die beiden andern Offiziere den Karinski zurück, sie über¬
1780 2145 2941 2220 bringen Rönning die Duellforderung. Der lehnt sie ab, denn
1787 2207 2948 2264 er sieht nicht ein, weshalb er sein Leben auf das Spiel setzen
1784 2251 2954 2322 soll, weil er einem Unverschämten die verdiente Züchtigung
1787 2303 2947 2371 erteilt hat. Nach dem Ehrenkoder der Gesellschaft ist er nun
1783 2347 2942 2446 unmöglich gemacht, selber Freiwild geworden, das jeder be¬
1790 2445 2958 2562 leidigen darf. Aber auch der Oberleutnant muß schimpflich
1790 2537 2953 2597 quittieren, um dies zu vermeiden, suchen seine Freunde wenig¬
1795 2575 2950 2661 stens den Schein zu retten, Rönning möge auf ein harmloses
1793 2639 2948 2710 nur zum Schein geführtes Pistolenduell eingehen. Der junge
1783 2675 2950 2759 Mensch, der die Unmoral des Duells verwirft, ist für eine
1786 2719 2951 2807 derartige Gaukelei noch weniger zu haben. Seine Freunde
1786 2778 2950 2853 raten ihm, sofort abzureisen, weil er von dem verzweifelten
1786 2823 2947 2894 Offizier das Außerste zu befürchten hat. Rönning will aber
1787 2873 2947 2938 niemand über sich das Recht einräumen, sein Tun und Lassen
1786 2929 2947 3000 zu bestimmen, ihm vorzuschreiben, ob er bleiben oder fort¬
1787 2980 2953 3047 gehen soll. Noch kurz vorher wollte er Anna Riedel nach
1786 3027 2945 3102 Wien begleiten, sie hätte nie zugegeben, daß Rönning sich
1786 3069 2947 3145 ihretwegen duelliert, nun schätzt sie ihn umso höher, weil auch
1783 3121 2944 3198 sie den Duellunsinn verurteilt. Sie liebte Rönning nicht, aber
1777 3168 2947 3242 nun ist er vereinsamt, sein Herz, all seine Hoffnungen gehörten
1776 3215 2938 3293 ihr, seine edle innige Liebe überwältigt sie, sie nimmt seinen
1780 3267 2939 3340 Antrag an. In Angst um sein Leben bestürmt sie ihn, zu
1776 3306 2935 3381 fliehen, Rönning bleibt. Da tritt ihm Karinski entgegen. Noch¬
1773 3369 2941 3431 mals verlangt er Genugtuung im Duell, Rönning verweigert
1771 3402 2934 3491 sie, da kracht ein Pistolenschuß, Rönning sinkt zu Tode ge¬
1770 3466 2935 3521 troffen nieder. Das Stück wurde brillant aufgeführt, Herr
1776 3513 2934 3573 Gerhard erwies sich mit dem Oberleutnant Karinski wieder
1773 3569 2929 3636 als intelligenter, trefflicher Charakterdarsteller, mit überzeu¬
1767 3612 2932 3667 gendem Ernst gab Herr Wirth den Rönning. Herr Hauser
1767 3663 2925 3723 wird für feindurchdachte Episodenfiguren eine Spezialität wer¬
1761 3705 2926 3770 den, eine sympathische Erscheinung machte Herr Schön aus
1761 3754 2935 3830 dem Badearzt. Die Offiziere wurden von den Herren Schroth
1764 3808 2932 3873 und Beraun individuell gegeben, in humorvoller Auffassung
1771 3845 2926 3923 spielte Herr Jules den zynischen Theaterdirektor. Überrascht
1761 3898 2923 3970 durch ihr temperamentvolles flottes Spiel hat Fräulein Kü¬
1760 3948 2926 4022 stenfeld, die Anna Riedel fand durch Fräulein Sikorg
1764 4006 2932 4090 eine überzeugende, vornehme Darstellung. Noch wären die
1761 4052 2495 4127 Herren Haid und Groß zu nennen.
