3484 4384
210 176 329 259 8.
375 181 486 250 Fre
535 180 727 250 il
912 174 1319 266 box 14/3
1416 792 1493 849 sen,
1413 870 1499 934 des
1418 924 1504 970 von
1414 962 1495 1012 it &
1420 1001 1495 1050 sich
1411 1038 1503 1097 der
1414 1117 1499 1175 zeigt
1414 1155 1505 1199 die
1408 1188 1505 1246 zählt
1408 1229 1503 1283 erige
1399 1307 1503 1352 inden
1397 1337 1501 1393 1 Ge¬
1398 1378 1511 1435 chen
1408 1424 1511 1471 ieten.
1382 1461 1508 1516 cken
1405 1500 1509 1547 etons.
1393 1537 1513 1594 ihnen.
1404 1577 1511 1629 er als
1408 1609 1519 1659 chüler
1408 1650 1513 1703 leran¬
1413 1691 1514 1736 ihren
1404 1727 1522 1779 It die
1411 1767 1522 1815 ersten
1418 1806 1522 1857 g des
1408 1846 1521 1894 ich in
1410 1881 1522 1933 durch
1405 1923 1521 1970 ingen
1413 1962 1518 2007 nastik
1420 1999 1519 2049 chtig
1414 2071 1520 2127 s dem
1404 2111 1527 2163 ralopp,
1403 2149 1526 2201 ren ist
1411 2187 1529 2240 Pferde
1411 2229 1529 2278 posten
1413 2264 1526 2321 es hat
1414 2306 1530 2356 mein.
1414 2342 1530 2393 ze der
1411 2379 1530 2429 s, wie
1405 2419 1527 2471 beginnt
1413 2459 1531 2519 erwirft
1418 2497 1527 2546 unst.
1405 2538 1532 2586 it dem
1410 2571 1534 2625 ganz
1411 2608 1532 2664 d aus
1416 2693 1537 2744 ignes,
1418 2733 1531 2785 fauts.
1414 2775 1541 2822 rimerie
1411 2812 1535 2864 Pracht¬
1414 2850 1535 2902 glicher
1424 2889 1537 2936 Autor
1408 2928 1540 2976 kannten
1418 2963 1537 3017 ist vor
1411 3002 1534 3052 cichen¬
1410 3039 1538 3097 haben
1405 3078 1540 3131 enthielt
1405 3121 1537 3171 henzeit
1414 3157 1540 3204 lossen,
1411 3195 1543 3244 n. Auf
1406 3230 1535 3281 inter¬
1395 3269 1547 3325 griff von
1418 3310 1537 3357 es ge¬
1393 3343 1540 3394 alle be¬
1411 3379 1543 3435 316 an
1405 3424 1543 3474 Illustra¬
1427 3461 1545 3508 Es ist,
1410 3499 1552 3549 Werk,
1411 3537 1548 3595 nen ist,
1408 3577 1553 3625 ur. Das
1404 3615 1548 3668 che die
1414 3651 1556 3705 Terriers
1399 3693 1548 3754 fach¬
1397 3732 1550 3779 rechtigte
1397 3769 1550 3820 Hinblick
1397 3812 1552 3857 bereitet
1387 3841 1552 3896 ächlichen
1399 3885 1550 3937 Alters¬
1399 3923 1555 3969 Amateur
1393 3955 1555 4004 ächtlicher
1390 3969 1594 4058 stischen¬
1831 532 2213 643 THEATER.
1630 632 2524 709 IM CARLTHEATER gibt man jetzt wieder ein
1530 697 2519 754 hochmodernes Stück, das Freiwilde, von Arthur
1536 734 2523 788 Schnitzler. In der guten alten Zeit pflegte man dem
1542 776 2521 823 Helden eines Stückes alle nur möglichen guten Eigen¬
1536 814 2521 865 schaften anzudichten, vor Allem natürlich die schönste
1536 840 2523 898 männliche Zierde, den persönlichen Muth; je tollkühner,
1536 881 2525 938 desto besser. Inzwischen ist ein anderes Geschlecht von
1545 918 2522 975 Dichtern herangewachsen, Leute, die den Muth, den sie
1545 960 2532 1010 offenbar selber nicht besitzen, auch nicht zu schätzen
1542 1002 2523 1051 wissen, denen die Feigheit sympathischer ist, und welche
1545 1040 2525 1088 dieser bisher verächtlichsten Eigenschaft nicht nur das
1551 1067 2529 1123 Wort reden, sondern sie auch noch zu glorificiren suchen!
1551 1113 2525 1165 Man musste das erleben, um es wirklich für möglich zu
1548 1158 2539 1212 halten. — Der Held des Stückes Freiwilde ist also ein
1548 1187 2532 1253 ganz elender Kerl, eine wahre Jammerfigur, die jeder
1548 1230 2529 1291 anständige Mensch am liebsten gleich — entmann sehen
1548 1267 2523 1323 würde, ein Feigling allererster Classe oder, um uns sport¬
1551 1303 2525 1360 lich auszudrücken, ein wahrer Champion feiger Erbarm¬
1548 1341 2530 1397 lichkeit. Dabei ist aber das Stück eine grosse Lüge und
1557 1386 2533 1437 Fälschung von Anfang bis zu Ende. Der Feigling gibt
1551 1429 2529 1482 nämlich in dem Stücke einem Officier eine Ohrfeige,
1561 1457 2529 1513 dann erst kneift er aus. Ist das nicht zu läppisch. Wer
1557 1490 2532 1555 fähig ist, sich dazu zu versteigen, einen Officier zu schlagen,
1561 1538 2532 1588 der schlägt sich auch. In dem Machwerk des Herrn
1563 1572 2537 1624 Schnitzler ist das aber nicht so. Sein Held gibt zwar
1556 1610 2532 1672 zuerst die Ohrfeige, dann aber ist er plötzlich ein —
1563 1643 2544 1701 erbärmlicher Feigling, eine im Leben ganz unmögliche
1563 1691 2542 1747 Figur, die Ausgeburt einer total verkrüppelten Phan¬
1561 1721 2544 1772 tasie und Moral. Bekanntlich verkörpern die Dichter
1561 1765 2544 1815 in ihrem Helden gerne ein bischen sich selber, mindestens
1561 1801 2544 1852 legen sie demselben alle ihre Anschauungen in den Mund.
1566 1836 2543 1889 Wenn das bei dem Schnitzler’schen Stücke auch der Fall
1566 1878 2545 1941 ist — und es liegt kein Grund vor, das nicht anzu¬
1564 1915 2546 1968 nehmen — dann hat die Welt wohl das Recht, sich über
1561 1949 2538 2002 diesen Herrn Dichter ein vernichtendes Urtheil zu bilden
1569 2002 2551 2048 aber nicht blos in seiner Eigenschaft als Verfasser des
1575 2028 2546 2089 Freiwild, sondern auch als — Menschen. Man sollte
1572 2067 2554 2132 meinen, dass man selber weder besonders muthig, noch
1575 2118 2554 2160 ritterlich zu sein braucht, um wenigstens Respect vor dem
1574 2143 2550 2205 Muthe und der Ritterlichkeit Anderer zu haben. Die
1572 2186 2553 2239 neue Richtung will es anders. Was wir nicht haben, soll
1578 2227 2553 2275 auch für Andere nicht mehr gelten. Nieder also mit dem
1572 2260 2545 2315 Muthe, nieder mit der Ritterlichkeit, es lebe — die Feig¬
1572 2296 2553 2349 heit! Und gehört denn nicht auch ein gewisser, allerdings
1572 2334 2553 2397 höchst trauriger Muth dazu, mit seiner Feigheit offen auf
1582 2370 2550 2430 den Markt hinaus zu treten und zu sagen: Seht her, so
1582 2411 2554 2477 bin ich, ich kann eben nicht anders sein, ich will auch
1578 2448 2553 2511 gar nicht anders sein, und deshalb will ich — dass Ihr
1582 2487 2553 2548 Anderen auch alle so werdet!? — Der Held des Stückes
1577 2528 2553 2585 oder vielmehr die erstunkene Ohrfeige dieses erbärmlichen
1582 2566 2556 2622 Feiglings ist aber noch lange nicht das Aergste. Der
1584 2607 2559 2661 officiersfeindliche Autor hat die Keckheit, auch noch
1578 2639 2555 2692 einen Rittmeister zu zeichnen, der dem Feigling nach¬
1578 2680 2559 2739 läuft und ihm ein — Scheinduell vorschlägt! Das
1589 2718 2564 2780 wären wirklich saubere Officiere. Wo hat man je solche
1582 2764 2559 2829 gesehen? Vielleicht würde es einmal solche geben, wenn
1578 2792 2553 2852 es dazu käme, dass man Gesinnungsgenossen Schnitzlers
1590 2833 2562 2891 in das Officierscorps zuliesse — wovor der liebe Herrgott
1589 2875 2565 2934 jede Armee bewahren möge Ueberhaupt weht ein Geist
1593 2918 2561 2971 läppischer Unmännlichkeit, ein Parfum von Niedrigkeit,
1584 2949 2562 2999 ein Gestank von Erbärmlichkeit und Feigheit aus dem
1583 2983 2559 3055 Stücke, dass jedem Manne von Muth, von Selbstachtung
1587 3021 2559 3089 und Würde dabei einfach übel werden muss. Das Mach¬
1587 3058 2564 3116 werk ist eine plumpe Speculation auf die verächtlichste
1587 3099 2565 3160 Menschengattung, auf die Memmen und Auskneifer. Die
1590 3151 2565 3193 Leute, denen das gefällt, und welche die Ohrfeige be¬
1590 3176 2565 3234 klatschen, die darin der Officier erhält, sind Diejenigen,
1593 3211 2574 3269 die im wirklichen Leben — gewiss niemals Ohrfeigen zu
1590 3251 2566 3322 geben, sondern blos solche zu empfangen pflegen. Das
1590 3287 2567 3348 Alles wird nicht hindern, dass das Freiwilde ebensoviel
1590 3326 2567 3394 Zulauf finden wird wie das Neue Ghetto von Herzl.
1595 3368 2567 3427 Welches Vergnügen für so Viele, einen Officier geohrfeigt
1590 3400 2565 3458 zu sehen! Welches Gaudium für Alle, die längst gerne
1590 3443 2571 3495 einmal diesen oder jenen Officier geschlagen — gesehen
1589 3478 2574 3538 hätten, dies nun allabendlich in der Leopoldstadt um 3 fl.
1596 3522 2567 3573 in allergrösster persönlicher Sicherheit vom Parquet aus
1592 3563 2574 3617 haben zu können. Für diese Gattung Publicum ist wohl
1593 3598 2575 3653 das Freiwild wie geschaffen, und Arthur Schnitzler hat
1599 3633 2571 3691 das unbestrittene Recht, sich als der berufenste literari¬
1595 3677 2579 3735 sche Repräsentant dieser — — Gattung Zeitgenossen zu
2276 3712 2538 3772 Victor Silberer.
1599 3728 1795 3796 betrachten.
1673 3838 1891 4031 .
