3344 4352
247 2009 335 2085 un¬
232 2059 341 2127 vor¬
238 2121 326 2171 ung,
241 2162 335 2215 ger
244 2197 324 2253 Haß
229 2235 324 2294 r
229 2277 329 2329 mit
238 2318 332 2374 oßen
229 2400 329 2456 Herr
221 2444 324 2491 eines
244 2524 329 2571 Er¬
224 2544 326 2615 risch
226 2597 326 2656 resse,
224 2647 332 2697 ingen
221 2685 329 2732 die
221 2724 326 2782 ri, so
215 2768 324 2815 daß
221 2800 324 2853 wie¬
238 2844 326 2891 Ver¬
232 2882 335 2935 Was
224 2924 332 2977 allen
218 2959 326 3015 Lean¬
218 3009 321 3059 Tanz
221 3050 324 3097 der
218 3085 332 3138 iterste
218 3127 341 3182 tischer
215 3168 329 3215 mit
218 3203 335 3259 Köh¬
206 3247 338 3300 se Ko¬
247 3288 332 3341 sicher
238 3332 329 3382 schon
215 3371 329 3418 ander
224 3409 335 3459 tarken
226 3450 329 3497 Poli¬
238 3491 329 3544 Bor¬
229 3535 324 3588 ben
229 3571 332 3618 ut in
226 3609 338 3662 Stück
241 3653 335 3700 Bei¬
250 3694 335 3744 hät¬
232 3730 332 3797 dem
238 4018 341 4091 tarb,
256 4082 335 4132 vingt
250 4121 350 4162 spiel
912 159 1327 259 box 14/5
229 165 726 262 8. Freiwil¬
791 618 1091 815 a
2368 788 2550 865 Seite 3
1862 782 2194 865 13. Feber 1928
688 791 1121 865 Tagesbote
450 924 2688 1041 begriff rückfällig werden. Paul hört, daß ihm Karinski auflauer,
1538 1009 2697 1053 und rennt ihm, um seinen Mut zu beweisen, auf der Straße
1535 1050 2694 1094 direkt vor den Lauf des Revolvers. Aller Reformatoraufwand
444 1003 897 1144 Schrifttum.
1541 1091 2694 1132 ist umsonst vertan, Karinskis „Ehre" ist gerettet, Paul tot und
1535 1129 2703 1176 Anna der Willkür der Wirtschafts= und Sexualausbeuter aus¬
1550 1174 2694 1224 geliefert. Auf jeden Fall aber ist „Freiwild“ — der Titel bezieht
394 1179 1512 1244 inger den Anforderungen oßer Partien und des großen
1553 1209 2700 1259 sich auf Anna und auf Paul — ein die Spannung und das In¬
388 1232 1512 1279 auses standhalten würde. Ein Gutes hatten wir diesem Probe¬
1550 1247 2697 1294 teresse des Zuhörers bis zur letzten Szene fesselndes Drama —
379 1274 1515 1324 stspiel zu danken — eine von Temperament getragene, mit
1553 1288 2703 1338 seit langen Monaten bekamen wir kein solches zu hören — und
368 1315 1518 1362 lektrischer Hochspannung geladene Aufführung der beiden
1541 1329 2694 1382 erzielte daher gestern im ausverkauften Haus einen starken, ja
356 1356 1515 1403 Operneinakter, die Kapellmeister Mihalovits, dem Nach¬
1541 1374 1897 1444 begeisterten Erfolg.
356 1391 1515 1444 mittag trotzend, wie in Neuaufführungen erstehen ließ. „Caval¬
1638 1391 2694 1462 Spielleiter Dr. Guido Glück gab allen Szenen bewegtes
353 1438 1515 1482 leria" brachte wieder Herrn Pazals burschikos verfaßten, zu
1544 1438 2706 1503 Leben und wußte sowohl dem Offiziers, wie dem Schauspieler¬
353 1479 1515 1524 schönem Gefühl gesteigerten Turiddu. Frau Rantzau entbot
1544 1497 2703 1541 milieu die charakteristischen Seiten abzugewinnen. Bloß die
350 1521 1518 1574 diesmal alle Kraft des Affekts, das Duett mit Triddu gewann
1541 1535 2709 1585 Ohrfeige muß nächstens prompter erfolgen und darf nicht zu
356 1562 1521 1609 glaubhaften Ausdruck. Die Krone des „Bajazzo“ war der Titel¬
1547 1579 2706 1624 einem Brustschlag werden. Peter Widmann war gestern zum
347 1600 1521 1650 held selbst — Herr Barton erfang sich einen endlosen Bei¬
1544 1618 2697 1665 erstenmal in einer tragenden Aufgabe zu sehen und erwies sich
359 1635 1512 1694 fallsturm, der sich auch nach der Wiederholung der Arie noch
1544 1659 2706 1709 ihr aufs beste gewachsen. Sein Paul war eine sympathische, über¬
347 1685 1512 1729 nicht legen wollte, Fräulein Steiner hat ihre Nedda zur pa¬
1550 1700 2697 1744 zeugende Gestalt und der Dichter hätte sich keinen wärmeren
356 1729 2700 1785 tenden Charakterfigur ertüchtigt. Prächtig klangen die Chöre. Anwalt für seine Weltanschauung wünschen können. Hoffentlich
359 1765 1518 1815 Der erfreulich volle Saal wollte sich auch nach Schluß nicht
1541 1779 2703 1832 bleibt uns Widmanns zukunftsreiche künstlerische Kraft noch für
347 1800 1521 1850 leeren, und den sich immer erneuernden Beifallskundgebungen
1544 1821 2706 1874 nächstes Jahr erhalten. Gustav Wehrles Karinski war scharf
347 1847 1512 1894 konnte nur durch Verfinsterung des Saales ein Ende bereitet
1541 1862 2706 1909 profiliert und als Gegenpol Pauls trefflich herausgearbeitet.
347 1888 1512 1944 werden. Anerkennenswert jedenfalls das Bestreben unserer Büh¬
1535 1900 2709 1953 Dem vernünftigeren Rohnstedt gab Hans König, namentlich in
347 1924 1512 1997 nenleitung, auch den auswärtigen Besuchern gute Opernauffüh¬
1541 1938 2700 1991 der Szene mit Paul in 2. Akt, die bei uns in ihrer ursprüngli¬
350 1971 768 2035 rungen zu vermitteln.
1544 1979 2703 2029 chen, das nochmalige Erscheinen des Unterhändlers viel besser
1535 2027 2703 2071 begründenden Fassung gespielt wurde, während die spätere, in
826 2006 1053 2094 Freiwila.
1544 2062 2706 2112 der Gesamtausgabe der Werke Schnitzlers enthaltene den An¬
400 2059 1415 2171 Schauspiel in drei Arten von Arthur Schnitzler.
1538 2100 2706 2153 trag auf ein Scheinduell beseitigt, ausgezeichnete Haltung. Eine
1538 2147 2712 2191 Sondersensation war unseres lyrischen Tenors Julius Patzak
609 2132 1268 2209 Erstaufführung im Schauspielhaus.
1541 2182 2703 2232 köstliches wienerisches Codex-Idioterl. Selbstsüchtig wünscht man
447 2191 1518 2259 J. J. — Man muß dem sonst verehrungsfreudigen und
1544 2221 2709 2274 beinahe, er möge über Nacht seine Stimme verlieren; unsere
353 2247 1506 2297 liebevollen Interpreten der Welt und der Seele Schnitzlers
1550 2265 2709 2312 leidige Bonvivantfrage fände mit einem Schlage eine fabelhafte
353 2294 1503 2341 Josef Körner „Arthur Schnitzlers Gestalten und Probleme
1550 2312 2715 2362 Lösung! Mit breiter, sonorer Wucht, umspielt von allen Humoren
350 2321 1518 2388 entschieden widersprechen, wenn er gerade für „Freiwild nichts
1550 2350 2718 2397 eines Theaterdirektorlebens, schuf Ernst Wurmser den
353 2374 1500 2427 übrig hat und es des Dichters „uninteressanteste Leistung
1553 2382 2718 2438 Schmierenchef. Anna Riedle theatralischer und menschlicher
353 2418 1515 2462 nennt. Uninteressant ist dieses auch theatralisch packende und cha¬
1544 2429 2706 2474 Leidensweg hätte innigerer seelischer Resonanz bedurft als sie
356 2453 1529 2503 rakterologisch fesselnde Sittengemälde aus dem letzten Jahrzehnt
1556 2465 2706 2521 Friedericke Heilinger zur Verfügung stand. Immerhin gab
353 2491 1521 2544 des verflossenen Jahrhunderts nicht, auch heute noch nicht, wo
1556 2506 2706 2562 sie ihr Bestes. Die kleineren Aufgaben waren bei Alfred Im¬
356 2529 1515 2588 der wesentliche Faktor seiner Geschehnisse, der Kreis der Ka¬
1535 2544 2709 2600 mendorf (Vogel, Gerda Ortens und Maria Warden
356 2574 1518 2627 rinski, Rohnstedt, Vogel und Konsorten, in Österreich wenigstens,
1550 2585 2709 2635 den beiden Schmieren=Flitschern), Siegfried Holger, Karl
356 2618 1518 2677 glücklicherweise der Vergangenheit angehört, Springlebendig hin¬
1547 2627 2709 2674 Schroth, Karl Kalwoda, Guido Wilhelm, Moritz Ma¬
362 2653 1515 2718 gegen ist noch der zweite Kreis, der des Schmierendirektors
1547 2668 2709 2718 luschinsky und Toni Kuhlmann in guter Hut. Stuck und
353 2709 2718 2765 Schneider, einer österreichischen Variante von Zolas Bordenave, Darstellung werden gewiß noch eine Reihe ausverkaufter Häuser
362 2735 1512 2785 an dem auch der eiserne Kehrbesen spurlos vorübergesegt ist. Im
1544 2753 1709 2818 erzielen.
359 2774 1518 2827 Mittelpunkt der in lebhafte Handlung umgesetzten Diskussion
1671 2774 1974 2877 Ursinin
353 2815 1521 2865 des Schauspiels steht die Frage des Duellunfugs, der wohl heute
359 2850 1521 2906 nur noch wenige Verteidiger haben dürfte, zur Zeit jedoch, als
359 2894 1518 2944 Schnitzler sein Stück schrieb, 1896, in der Blüte seiner Barbarei
368 2935 1518 2988 stand, so daß des Dichters Stellungnahme, zumal er damals noch
359 2974 1521 3027 Reserveoffizier war — seine Ausstoßung erfolgte erst auf Grund
359 3015 1521 3071 der Novelle „Leutnant Gustl“ im Jahre 1900 — einen nicht ge¬
356 3059 1518 3106 ringen Mut bewies, als ihn des Schauspiels Held, der Maler
368 3097 1521 3150 Paul Röning, aufbringt, der einen Tagedieb und Schuft, den
368 3135 1518 3197 syphilitischen Oberleutnant Karinski, wegen einer Schurkerei —
353 3171 1518 3229 Beschimpfung eines anständigen Mädchens — öffentlich ohrfeigt
359 3215 1518 3271 und sich trotz der angedrohten Verachtung der sogenannten „Ge¬
371 3262 1515 3309 sellschaft" weigert, Karinski mit der Waffe Genugtuung zu ge¬
359 3297 1518 3359 ben, in der völlig richtigen Erkenntnis, daß die Ohrfeige die
359 3341 1521 3394 einzig gebührende Reaktion auf ein Individuum solcher Art ist
359 3377 1518 3438 und daß das Leben für ihn nicht so gering im Kurse steht, um
359 3418 1521 3474 es den an der Sachlage nichts ändernden Zufälligkeiten eines
359 3462 1518 3515 dummen Geschießes auszusetzen. Bis hierher folgt man der Be¬
365 3500 1512 3556 weisführung des Dichters mit, restloser Zustimmung, weil durch
1538 3497 1627 3562 Mit
365 3544 1518 3597 Paul Rönings Vorgehen endlich ein mal ein Exempel statuiert
359 3582 1635 3644 werden könnte, die lächerlichen Vorurteile von einer Sonder¬ „Lei
362 3621 1629 3697 ehre irgendeines Standes, sei es der des Offiziers oder der der mie
362 3665 1638 3718 Schauspielerin, des Freiwilds, als nichtig zu erweisen. Denn die „Die
1547 3709 1635 3759 „Un
359 3703 1518 3756 Lebensauffassung Karinskis verdient absolut keine Duell=Rein¬
365 3747 1632 3812 waschung. Entweder er sieht sein Unrecht ein und reinigt sich von nach
1547 3788 1635 3847 haus
359 3785 1521 3841 Tat und Schlag durch Umkehr in ein ehrliches Leben der Ar¬
353 3832 1524 3877 beit, und sei es auch in das eines Handlangers, oder er schießt
368 3871 1521 3927 sich selbst die ihm schon lange gebührende Kugel in den Kopf.
353 3906 1512 3977 Leider läßt Schnitzler Paul im dritten Akt selbst zum alten Ehr¬
1544 3918 1650 3988 Bur¬
1541 3982 1665 4047 Setzt.
391 4003 962 4097 Kostümaufnahmen
556 4050 1482 4138 vor den Ballen und Kränzchen der Voranmeldung
629 4124 882 4197 an
