3436 4256
832 215 1247 314 box 14/3
139 215 709 312 8. Freiwild
1171 1115 1942 1209 Infanterie=Brigade Nr. 45 seinen An¬
967 1171 1126 1260 nimmt.
126 1184 845 1245 ung der Streitfrage her¬
955 1218 1935 1307 Der Durchlauchtigste Prinz wird auf der Rei=
121 1236 769 1310 die Entschließung der Regierung
119 1287 834 1343 Mai abgegebene Erklärung des ver¬
877 1292 1942 1343 nach England von Höchstseinem Hofmarschall, dem
951 1292 1951 1442 et il ne re¬
85 1404 623 1500 und Wissenschaft.
879 1426 1949 1489 fassung, nur einem Buben die gebührende Züchtigung hat
877 1482 1951 1527 zu teil werden lassen und gar nicht einzusehen vermag,
884 1520 1942 1565 daß er für diesen Gebrauch seines vermeinten guten Rechte
220 1536 841 1628 „Freiwild, Schauspiel in drei
886 1563 1949 1615 sein Leben aufs Spiel setzen soll, das ihm schon erst sehr
130 1599 780 1664 Schnitzler. (Zum ersten Male.)
879 1610 1942 1662 köstlich erschien, und nun, nach der im zweiten Akte er¬
99 1637 848 1702 plötzlich eingetretenen heißen Sommer¬
893 1650 1946 1704 folgenden Verlobung mit Anna Riedel, doppelt lebenswer
119 1691 848 1747 Residenztheater eine ernsthafte dramatische
888 1695 1951 1745 dünkt. Er lehnt, als ihm klar gemacht wird, was für
879 1736 1942 1796 Karinski auf dem Spiele steht, jede Verantwortung für
182 1740 836 1790 in der es schwül genug hergeht
886 1785 1940 1841 den Untergang und Selbstmord des Offiziers mitleidslo¬
112 1776 845 1832 de Verfasser, der schon in seinem Drama
110 1830 848 1875 st zeigte, eine Fülle wirklicher Lebens¬
884 1828 1946 1877 ab, er will nur einem so sinnlosen Ehrbegriff, wie ihn der
886 1872 1951 1920 brave Oberlieutenant Rohnstedt und seine eignen Freunde
130 1870 845 1924 zusammenzudrängen und ein energisches
886 1915 1949 1969 Dr. Wellner und Grehlinger vertreten, ein für allemal nichts
119 1915 841 1971 in eigentlichen Kern der Handlung durch
886 1958 1951 2009 zu thun haben. Die gleiche Selbstgerechtigkeit aber, die
90 1953 850 2034 zelheiten fesselnd zu machen, bewährt
879 2000 1949 2050 den blutlosen Helden in diesem peinvollen, mit viel Scharf¬
117 1998 848 2077 ist wiederum im ersten Akt des düstern
121 2043 841 2112 wild". Wir werden in eine klei¬
897 2045 1951 2103 sinn und Debattierkunst spannend gemachten zweiten Akt
886 2088 1949 2139 erfüllt, hindert ihn im dritten, den einzigen Ausweg zu
152 2092 841 2148 geführt, in der ein Sommertheater
886 2130 1942 2191 betreten, der ihm bleibt und schleunig abzureisen. Rönning
121 2137 848 2184 fiziere der Kavalleriegarnison die Schau¬
879 2177 1946 2227 erfährt, daß der Oberlieutenant, der nur noch den Tod
119 2180 848 2234 bewußten Theaters ihnen gehörige
893 2220 1946 2276 durch eigne Hand vor sich sieht, vom wildesten Rachegefühl
117 2222 848 2272 d" betrachten, wobei sie von dem ver¬
888 2265 1951 2323 gegen ihn, seinen Verderber, erfüllt ist, und nun erscheint
112 2265 852 2325 direktor Schneider allen Vorschub ge¬
884 2308 1949 2366 es ihm als Feigheit, dieser Bedrohung auszuweichen, er
117 2308 843 2370 Ein wüster Gesell, der Oberlieutenant
893 2352 1958 2411 trotzt den Bitten der Freunde und der Braut, tritt
119 2357 848 2422 in Schulden, Händeln und Exzessen schon
886 2391 1955 2449 Karinski waffenlos gegenüber und wird von dem Wüten¬
108 2395 848 2451 en einfachen Abschied steht, versteift sich
126 2444 852 2512 Schauspielerin dieses Sommertheaters
886 2440 1247 2507 den niedergeschossen
951 2451 1960 2543 Den Selbstmord, der dem Morde folgen muß, be¬
144 2487 859 2539 die Leichtlebigkeit und Leichtfertigkeit
886 2523 1955 2579 kommen wir nicht mehr zu sehen. Aber auch so ist der
112 2532 857 2586 nicht teilt, in seinen Vergnügungskreis
1083 2572 1955 2628 mit dem das Stück schließt, grell und schrill
893 2574 1047 2633 Mißlaut
110 2572 848 2630 vollen, stößt bei dieser Gelegenheit mit
897 2615 1960 2662 genug. Und was schlimmer ist: für den Träger der An¬
119 2621 850 2669 bilisten Paul Rönning zusammen, der
901 2655 1955 2718 schauung, die der Dichter versicht, vermögen wir uns nicht
117 2657 854 2713 spielerin interessiert. Und als sich der
886 2704 1955 2761 zu erwärmen. Mags sein, daß der „Coder", von dem
130 2702 848 2763 abgeblitzte Karinski in frechster Weise
893 2747 1960 2799 Pold Grehlinger mit so komischem Pathos spricht, voll¬
135 2761 857 2808 äußert, wird Paul Rönning von Er¬
888 2790 1955 2846 kommen überlebt und sinnlos ist, gleichwohl fühlt jeder
117 2796 848 2848 des Bubenstück und vom Drang seiner
893 2839 1953 2897 Zuschauer, daß unter allen Umständen ein anderer Coder
112 2837 850 2891 unbekannten Neigung für Anna Riedel
893 2875 1955 2931 an seine Stelle treten müßte und keine Gesellschaft
119 2888 854 2949 gt den Verleumder des Mädchens in
886 2924 1955 2978 dabei bestehen konnte, wenn jeder allein Thäter, Prüfer
148 2926 852 2983 Garten. Das Duell aber, das nach
155 2967 1958 3041 Umgebungen, unvermeidlich geworden und Richter seiner eigenen Thaten wäre. Die Unbefangen¬
128 3081 668 3209 s
2005 1076 3205 1166 Zur Reichstags ersatzwahl in Königsberg hat auch
1978 1144 3220 1211 ostpreußische konservative Verein für die Stadt Königs versam
3077 1197 3220 1254 nach
1985 1204 3050 1251 berg eine Erklärung veröffentlicht, daß die konservatwe
3081 1238 3216 1298 denken,
1985 1247 3048 1296 Partei, um weitere Zersplitterung zu vermeiden, von der
3083 1285 3231 1339 festgehal¬
1976 1287 3054 1341 Aufstellung eines eigenen Kandidaten absteht, es aber für
1994 1289 3052 1444 .
3083 1402 3218 1476 Duse
1985 1417 3050 1478 an sich so begreiflichen Thuns von sich ablehnen will und
3081 1462 3211 1523 naissa
1985 1467 3050 1534 von der Welt gleichsam ertrotzen möchte, daß sie im Hand¬
3088 1509 3193 1565 deren
1989 1514 3045 1563 umdrehen seine Anschauungen teile, ihn gegen jede Folge
3092 1554 3187 1608 kein
1998 1550 3045 1612 seines Auftretens schütze, hat beinahe etwas Kindisches
1994 1601 3057 1657 Die Frage, ob man mit den Wölfen heulen dürfe, solle
3083 1639 3189 1698 Wag
1987 1644 3050 1698 oder müsse, kann doch wahrhaftig nicht mit der Forderung
3088 1684 3207 1736 Paris
1994 1695 3061 1749 beantwortet werden, daß die Wölfe singen lernen mögen.
3095 1718 3227 1781 Beifall
2056 1724 3052 1783 Aus der unorganischen Verbindung realistischer Sitten¬
1998 1776 3052 1837 schilderungen und halbabstrakter Erörterungen geht in
1987 1814 3050 1881 „Freiwild“ wohl ein interessantes, aber kein gutes, dra¬
3088 1857 3227 1908 vorruf
1989 1861 3054 1915 matisch ergreifendes, seelisch überzeugendes Stück hervor.
3086 1902 3238 1976 ist sche
1989 1906 3054 1960 Die vortrefflichen Einzelheiten, gewisse Meisterzüge der
3097 1949 3222 2003 Frau
1996 1949 3048 2000 Charakteristik, der tiefe Ernst, dem es dem Verfasser ist,
3095 1989 3225 2047 physisch
2003 1998 3048 2054 sein Bemühen, das einmal aufgeworfene Problem von
3095 2034 3209 2086 Natur
1989 2036 3057 2092 den verschiedensten Seiten her zu beleuchten, können für
3097 2079 3231 2133 Künst¬
1987 2081 3052 2144 den Mangel einer vollen, ergreifenden uns mit sich fort¬
3104 2121 3227 2171 sind be¬
1996 2119 3050 2177 reißenden Handlung, zu der immer ein Held gehört, mit
3090 2164 3229 2229 Duse
1996 2168 3050 2220 dem wir zu fühlen und zu leiden vermögen, nicht ent¬
3092 2209 3222 2265 in Le
1996 2207 3059 2267 schädigen. Nichts destoweniger hätte das Schauspiel ein
3097 2251 3229 2312 abgele¬
1996 2267 3068 2321 besseres Schicksal verdient, als vor einem klaffend leeren
3097 2296 3200 2352 Brief
1996 2301 2509 2368 Hause dargestellt zu werden.
3097 2339 3220 2393 wieder
2056 2314 3052 2395 Leider muß es gesagt sein, daß diese Leere Anlaß war,
3090 2382 3211 2438 abliest
1996 2384 3054 2447 die drei Akte im vollen frischen Zug und ohne die wider¬
3097 2429 3211 2482 Bernh.
1989 2424 3054 2487 wärtigen am Residenztheater üblich gewordenen Restau¬
3095 2471 3216 2527 gesteig
1998 2476 3050 2536 rationspausen zu spielen. Das Ensemble der Darstellung
3095 2516 3209 2572 letzten
1998 2518 3050 2572 war vortrefflich. Die Herren Carl Witt (Karinski),
3090 2559 3220 2610 aber
2007 2561 3059 2615 Friese (Pold Grehlinger), Dr. Manning (Dr. Wellner),
3097 2601 3220 2660 Flavio
2005 2606 3057 2664 I. Janda (Theaterdirektor Schneider) sowie Frl. Stehle
3090 2646 3191 2698 trieb
2007 2657 3061 2713 (Pepi Fischer) zeichneten sich in lebensvoller Verkörperung
3104 2687 3231 2754 schönen
1996 2704 3052 2752 ihrer Rollen besonders aus. Hr. Burmester (Paul
1996 2738 3059 2799 Rönning) und Frl. Garnow (Anna Riedel) kämpften
3095 2772 3231 2837 kein
1996 2781 3059 2837 mit der etwas unklaren, monotonen Anlage der von ihnen
3097 2819 3200 2877 eben,
1996 2823 3059 2877 dargestellten Gestalten, gewannen ihnen jedoch immerhin
3095 2864 3220 2917 wieder
1998 2870 3057 2924 das Möglichste ab und halfen den Eindruck sichern, den
3104 2909 3220 2967 fasser
1996 2911 3059 2996 das Schauspiel trotz aller seiner Mängel verdientermaßen
3097 2951 3231 3027 er der
2700 2956 3023 3034 Adolf Stern.
1996 2965 2193 3039 hinterläßt.
