3436 4448
205 162 325 256 8.
375 160 733 272 Freiwild
890 138 1308 254 box 14/3
905 937 2269 1053 ue, venu, previa Grad, S 1, heiter; Wald + 43 Grad,
864 1008 1191 1086 1, fast heiter.
1000 1023 2279 1116 Vorlesung von „Jung=Wien.) Im Bösendorfer=Saale gab es gestern
898 1105 2279 1179 Abends eine Augen= und Ohrenweide für alle Anhänger der „Moderne", denn
894 1157 2277 1234 nicht weniger als vier Herren dieser neuesten Schöpfung — Hermann Bahr,
901 1200 2273 1273 Georg Hirschfeld, Hugo v. Hofmannsthal und Arthur Schnitzler — traten zum
900 1247 2273 1314 erstenmale als Vorleser vor das zu wohlthätigen Zwecken versammelte Publikum
898 1293 2258 1372 Als Erster las Georg Hirschfeld, der Autor des Schauspiels „Die Mütter
894 1331 2275 1407 eine Erzählung „Bei Beiden". Hirschfeld ist ein bartloser, überaus zaghaft sich
903 1385 2284 1467 gebender Jüngling, der vor lauter Schüchternheit kaum den Mund zu öffnen
903 1435 2279 1510 sich getraut. So theilte er denn das Schicksal aller Neuerer, daß man
900 1482 2282 1547 ihn nicht verstand. Durch Umfragen konnten wir feststellen, daß Hirsch¬
909 1525 2290 1603 feld's Erzählung die Geschichte einer tragischen Liebe mit sehr feiner
905 1590 2286 1652 Stimmung behandelt. Nach ihm trat Herr Hugo v. Hofmanns¬
898 1618 2290 1696 thal, bekannt auch unter dem Namen „Loris", hervor, der ein trauriges
903 1667 2290 1749 Gedicht „Der Thor und der Tod“ las. Aber das Tragischeste an diesem Gedicht,
905 1723 2305 1797 st, daß man es trotz der klaren und deutlichen Stimme, mit der der Autor
905 1758 2288 1844 vortrug, gleichfalls nicht verstand. Herr v. Hofmannsthal besitzt einen faustischen
907 1805 2281 1879 Drang, der geeignet ist, die zahlreichen Räthsel des Leens noch um ein Erkleck¬
914 1851 2266 1915 liches zu verwirren. In dem dramatischen Gedicht „Der Thor und der Tod
911 1900 2266 1982 kommt ein reicher Erbe, ein Edeltaan Namens Claudio, vor der mehrere rech
907 1945 2284 2019 angenehme Gäste bei sich empfängt: nämlich den Tod, dann eine eigene bereit¬
914 1989 2281 2064 verstorbene Mutter und seine todte Geliebte. Der reiche Erbe Claubio hat übri¬
913 2034 2290 2122 gens seit dem letzten Gedichte Hofmannsthals, das eine gewisse Lokalberühmtheit
914 2100 2286 2154 erlangte, bemerkenswerthe Fortschritte gemacht. Er läßt nicht mehr, wie es in
914 2137 2288 2212 dem gefeierten Gedichte heißt, „verschwenden — An Adler, Lamm und Pfau — Das
914 2185 2292 2249 Salböl aus den Händen — Der todten alten Frau." Die Todten erscheinen
913 2230 2294 2295 persönlich vor ihm, sie entgleiten nicht mehr, und wie es in dem zitirten Pom
920 2281 2295 2353 so schön heißt: „Die Wipfel in dem Weiten. — Ihm sind sie wie das Schreiten
2327 2322 2404 2374 tra
914 2312 2290 2393 der Tänzerinnen werth!" Der Erbe Claudio verschwendet also nicht mehr das
914 2374 2297 2447 Salböl der todten alten Frau an Adler, Lamm und Pfau, sondern tiefsinnige
2333 2398 2419 2469 ein
918 2421 2292 2486 Redensarten an den Tod, an seine verstorbene Mutter und seine Geliebte, die
922 2452 2295 2546 ihm mit ebensolchen volltönigen Redensarten erwidern. Der falsche Geist und
2331 2467 2421 2534 diese
2335 2514 2419 2568 im
918 2505 2295 2583 das hohle Pathos, mit dem das Alles vorgebracht wurde, riefen das helle Ent¬
924 2546 2295 2635 zücken der zahlreich versammelten Hofmannsthal-Gemeinde hervor, indeß
2331 2549 2419 2654 y
924 2596 2290 2689 die übrigen Anwesenden mit ihrem stark antiquirten Geschmacke aus
929 2631 2295 2719 all dem Tiefsinn nicht klug werden konnten. Nunmehr las Doktor
2335 2661 2421 2702 Pal
2337 2699 2421 2745 Stie
924 2687 2295 2771 Arthur Schnitzler mit seiner Pointirung den ersten Akt von
924 2730 2421 2826 „Freiwild“. Der hübsche Dialog, in dem sich die gut gezeichneten Figuren des Gat¬
748 2889 2103 3021 Sie bewegen, rief große Heiterkeit kein Einen sittenschen Erfolg
754 2967 2103 3061 Hermann Bahr, der die Vorlesung mit einer reizenden Anekdote abschloß.
754 3016 2096 3119 In dieser schildert der Autor die Fatalitäten eines Ehemannes, der eine schöne
758 3066 2103 3152 Frau sein eigen nennt. Hermann Bahr trug die Erzählung, die einen starken
761 3117 2109 3197 Anschlag von Selbsterlebtem enthält, mit prächtigem Humor vor und hatte
773 3156 2105 3270 ließlich das ganze Publikum — die Schwärmer für die „Moderne" und die
776 3202 1478 3288 tiquirten — als Lacher auf seiner Seite.
1081 3273 1730 3393 Aus dem Gerichtssaale.
1737 3333 2057 3458 Wien, M. Man
