3436 4448
373 199 758 281 Freiwild
932 204 1331 311 box 14/3
231 205 547 329 8.
730 1311 1203 1391 muß sich darüber
529 1363 1252 1430 richtig zu bewerthen sei und
1456 1372 1600 1439 der
529 1395 1596 1468 Unrecht der Lohnverkürzung betheiligen. et auch ein
772 1539 1364 1645 Thalia-Theater.
888 1606 1238 1695 Zum ersten Male:
963 1670 1172 1743 Freiwild.
858 1714 1286 1801 Schauspiel in 3 Akten
1036 1785 1119 1849 von
876 1837 1270 1903 Arthur Schnitzler.
624 1882 1596 1946 Der Name Arthur Schnitzler's ist noch nicht
532 1938 1599 1991 lange bekannt. Es war in der zweiten Hälfte der vorigen
542 1983 1603 2034 Theatersaison, als das große Publikum ihn zum ersten
542 2027 1596 2086 Male zu hören bekam. Blickt man von dem Standpunkt,
542 2071 1603 2119 auf dem wir heute stehen, blicken wir von unseren Tagen,
542 2111 1596 2162 die uns doch seit Beginn des letzten Herbstes manches
532 2159 1598 2206 interessante neue Stück gebracht haben, auf die Theater¬
551 2202 1596 2251 saison 1895—1896 zurück, so muß man allerdings gestehen,
539 2241 1598 2295 daß es im damaligen Winter mit der deutschen Litteratur
538 2291 1598 2345 und der deutschen Bühne recht traurig aussah. Wohl
548 2329 1600 2391 ging auch damals eine größere Menge von neuen Werken
547 2378 1594 2430 jeglicher Art über die Pretter, die die Welt bedeuten,
539 2423 1598 2470 aber kein einziges fand Gnade vor dem Publikum und
542 2458 1600 2510 der hohen Kritik, abgesehen von Arthur Schnitzler's
551 2510 1605 2562 Schauspiel „Liebelei“. Wie ein frischer Luftzug kam es
551 2545 1606 2605 damals aus Berlin zu uns herüber, als wir hier
544 2597 1603 2645 in den Blättern lasen, daß endlich einmal wieder ein
551 2634 1603 2688 Stück einen großen Erfolg gehabt habe. Flink war man
539 2682 1599 2734 mit den größten Hoffnungen bei der Hand. Man forschte
542 2726 1603 2778 nach den früheren Werken des bis dahin im Publikum
542 2770 1596 2824 noch ganz unbekannten Verfassers; man fand, daß als
548 2812 1603 2872 größeres Werk bisher nur die Novelle „Sterben" von
548 2854 1607 2905 ihm erschienen war, aber das hinderte nicht, ihm eine
539 2904 1606 2956 glänzende Laufbahn als dramatischer Schriftsteller zu
548 2942 1600 2996 prophezeien. Warum sollte es ihm denn nicht ebenso
544 2988 1603 3033 ergehen können, wie vor Jahren Sudermann? Waren
544 3026 1599 3105 dessen Romane und Novellen denn wirklich schon allge¬
1699 1315 2245 1400 wurde über unruhig sein, denn
1699 1347 2752 1438 rechtigt seien, der Zusicherung, es solle später erwogen werden,
1697 1427 2758 1490 was zu verbessern sei, zu trauen. Als Sieger oder Besiegter
1698 1535 2740 1587 mein verannt, bevor er mit seinem Drama „Die Ehre
1706 1582 2754 1635 den unerhörten Erfolg errung? So stürmisch wurde
1706 1634 2762 1691 Schnitzlers „Liebelei“ nun freilich nicht von aller Welt
1702 1679 2752 1734 aufgenommen. Aber wenn man die Dinge betrachtet,
1695 1727 2745 1781 wie sie heute liegen, so haben beide Dramen doch wenig¬
1703 1765 2749 1813 stens das gemein, daß man heute wesentlich kühler über
1709 1807 2749 1869 sie denkt. Man läßt ihnen ihre Bedeutung, aber man
1706 1850 2754 1897 ist auch nicht blind gegen ihre Schwächen, und was ihre
1697 1891 2766 1943 Verfasser angeht, so ist man sich über Sudermanns
1709 1939 2764 1987 große Vorzüge und große Fehler längst einig, und von
1703 1986 2762 2027 Arthur Schnitzler's dichterischer Persönlichkeit kann
1699 2023 2749 2069 man sich wohl nach seinem neuesten Drama „Freiwild“
1703 2073 2758 2122 wenn auch noch kein abschließendes, so doch ein etwas
1695 2105 2102 2169 klareres Bild machen.
1815 2139 2761 2210 Das dreiaktige Schauspiel „Freiwild," das
1699 2198 2754 2254 gestern Abend in unserem Thalia-Theater gegeben wurde,
1706 2246 2764 2305 hat bei seiner Erstaufführung in Berlin nur getheilten
1706 2291 2752 2333 Beifall gefunden. Hält man das Verhalten des Publikums
1705 2333 2752 2393 im Zuschauerraum für allein maßgebend, so müßte man
1705 2379 2758 2437 allerdings sagen, daß es dem Stücke bei uns in Hamburg
1706 2419 2749 2473 anders erging. Das Publikum klatschte nach jedem Akte
1706 2458 2758 2529 lebhaften Beifall und am Schlusse hätte es nichts lieber
1697 2502 2758 2559 gesehen, als daß der Verfasser selbst vor den Rampen er¬
1703 2549 2766 2598 schienen wäre. So aber pflegt es bei Premieren ja in
1705 2594 2761 2650 den meisten Fällen zu gehen, wenn der Autor einen
1709 2634 2754 2686 einigermaßen bekannten Namen besitzt. Mann kann es
1706 2682 2758 2737 daher auch ohne Schen aussprechen: Die außerordentlich
1706 2737 2765 2784 warme Aufnahme, die das Publikum der gestrigen Novität
1706 2766 2765 2816 bereitete, beweist für deren Güte und litterarische Be¬
1706 2812 2754 2860 deutung nur sehr wenig. Alles in Allem: Das Stück ist
1706 2857 2765 2913 nicht uninteressant, bedeutet aber keineswegs einen Fort¬
1715 2902 2752 2950 schritt in Schnitzler's Entwicklung, ebensowenig wie sein
1706 2942 2758 2992 Erscheinen als ein litterarisches Ereigniß gelten kann.
1706 2988 2749 3037 Wenn es einen größeren Erfolg davontrug, so liegt das
1706 3034 2740 3082 daran, daß sein Inhalt, daß das Thema, welches es be¬
2856 1351 3040 1452 Sitzung,
3276 1384 3361 1459 be
2861 1426 3190 1495 rathe ge¬
2854 1535 3373 1603 handelt, für den Augenblick
2853 1595 3369 1670 besitzt. Es behandelt
2948 1634 3373 1687 In einem kleinen Bad
2854 1659 3340 1737 sich ein Sommertheater.
2849 1715 3376 1789 vornehmsten Besuchern die
2858 1762 3376 1829 eigentlich mehr die Bezeich
2864 1803 3378 1858 gehören die Officiere der Ge¬
2857 1858 3345 1913 den Schauspielerinnen hat
2864 1898 3364 1959 herausgebildet, ja, nicht
2866 1937 3376 2003 seiner „Künstler erzielt de
2864 1991 3337 2042 Einnahmen und Erfolge,
2854 2031 3373 2087 Persönlichkeit der weibliche
2861 2070 3376 2119 Je fescher deren Auftreten an
2849 2114 3357 2179 deren Verhältniß zu den Of
2858 2159 3377 2213 der Bühne ist, um so größe
2864 2203 3374 2269 Die erste Liebhaberin Anna,
2870 2238 3366 2302 für ihn gar keinen Werth
2864 2295 3322 2343 schneidigen Lieutenants,
2864 2330 3362 2391 lieutenant Karinsky sich ihr
2864 2370 3368 2439 knüpfen. Sie betrachten sie
2864 2418 3369 2467 „frei" erjagen kann. Sie
2857 2458 3373 2513 ihren Kolleginnen eine Aus¬
2858 2510 3357 2565 zu unerfahren und zu neu
2849 2550 3374 2609 auch ist ihr Herz einem jung
2849 2590 3328 2654 Kavalier, Paul Rönning,
2858 2634 3370 2693 fahrenheit es sich selbst geste
2853 2684 3364 2729 reiner Liebe ergeben. Pan
2858 2725 3370 2788 voll bewußt, daß er sie liebt
2858 2768 3377 2817 und rein ist, darum aber du
2864 2810 3369 2876 sie beschimpft. Als der Obe
2858 2846 3352 2918 Gegenwart sich rühmt, daß
2858 2897 3365 2964 doch nichts anderes sei al
2854 2940 3369 2993 vom Theater, da spri¬
2854 2989 2930 3040 in's
3018 2985 3165 3050 Innerste
3237 2986 3364 3042 entrüst¬
2854 3020 3368 3108 mit seinem Handschuh ins
