3436 4224
2618 114 2826 194 Seite 13.
1987 121 2434 225 26. November 1896.
1210 121 1796 232 renden Blatt.
600 139 1013 253 Wien, Donnerstag
114 166 326 257 Nr. 326.
1501 215 2861 267 Eitelkeit läßt es nicht zu, daß man ihn für muthlos hält; er wende
1501 253 2868 319 dem gezüchtigten Gegner nicht lächelnd den Rücken, verweilt vielmehr
423 250 1148 368 Feuilleton.
1501 305 2861 361 trutziglich in dem Bade und wird von dem Rasenden abgethan. Was
1501 350 2868 413 heißt das? Was hat Schnitzler nun mit seiner Formel bewiesen? Daß
479 364 1054 461 Berliner Theaterbrief.
1505 402 2868 461 Niemand über seinen Horizont hinauskann, auch Der nicht, den sein
97 409 1467 520 „Freiwild. Schauspiel in drei Akten von Arthur Schnitzler (Deutsche¬
1505 440 2875 534 eigener Dichter feierlich zum vollwerthigen Bürger der neuen Welt, zum
90 482 1467 551 Theater). — „Eine". Historischer Schwank in drei Aufzügen von Max Dreyer
1508 503 2153 569 Ueberwinder alter Formen krönt
90 513 1467 583 (Königliches Schauspielhaus). — „Der Abend". Schauspiel in vier Akten von
1609 503 2871 603 Das sauber und elegant gearbeitete Drama, dem ein hoher
732 551 1463 628 — „Renaissance". Lustspiel in drei
94 569 683 621 Paul Lindau (Lessing=Theater).
1508 569 2875 638 Spannungsreiz innewohnt, befriedigt solcher sachlichen Unklarheiten und
90 586 1467 655 Akten (Berliner Theater) und „Die goldene Eva, Lustspiel in drei Auf¬
97 624 1463 725 zügen (Lessing=Theater), beide von Franz v. Schönthan und Franz
1512 624 2878 697 Halbheiten wegen nicht völlig. Aber es verdient, als pures Schauspiel,
551 669 1460 732 „Die Vielgeliebte". Schwank in drei Akten
97 687 482 742 Koppel-Ellfeld.
1512 676 2871 732 als Theaterstück betrachtet, reichlich den Beifall, den es hier ge¬
1311 704 1467 752 „Der
97 707 1241 766 von Hans Fischer und Josef Jarno (Residenz=Theater).
1519 714 2875 780 funden hat. Kommt es wirklich in Wien zur Aufführung, und soll es
444 735 1460 801 Schwank in drei Akten von Robert Misch. „Schieds
83 759 420 811 dritte Mann“.
1512 763 2871 829 dort als in einem deutschen Badeorte spielend betrachtet werden
87 777 1470 839 mann Hempel“. Volksstück mit Gesang in vier Akten von Julius Keller
94 815 1470 881 und Louis Herrmann (beide Stücke im Theater des Westens). — „Ehe¬
1522 811 2878 877 so muß die jetzt schon gefährliche und unmögliche Szene entfallen, in
94 853 1470 926 fesseln" Schauspiel in drei Akten von Paul Hervien (Residenz=Theater)
1515 856 2878 919 der ein Militär, ein vollendeter Kavalier, dem Maler ein Schein¬
94 895 1470 957 — „Masken". Drama in einem Aufzug von Robert Bracco (Lessing=Theater)
1512 908 2878 971 duell (!!!) mit dem verzweifelten Oberlieutenant anbietet. Derartige
205 933 1470 1006 Bei Arthur Schnitzler's Schauspiel „Freiwild", das an
1505 950 2871 1037 wunderliche Späße sind im deutschen Heere, und wohl auch im öster¬
97 960 1470 1061 sich fraglos einen schönen Triumph Jung=Wiens auf den Brettern der
1515 1006 2119 1075 reichischen, völlig ausgeschlossen.
97 1026 1474 1106 Berliner Bühne bedeutet, ist von besonderem Interesse und von aus¬
1619 1013 2885 1117 Den umgekehrten Weg wie Schnitzler, der aus den Regionen
107 1071 1477 1155 schlaggebender Bedeutung für die Beurtheilung des ganzen Stückes die
1519 1092 2878 1169 blühender Wirklichkeit zur Thesentragödie kam, wollte Max Dreyer
104 1120 1474 1193 Stellung des Verfassers zu seinen beiden Helden. Man kennt die ein¬
1519 1137 2885 1214 gehen. Er hatte in seinen beiden Erstlingsdramen rechnerische Aufgeben
111 1165 1470 1252 fache Handlung. Ein junger Mensch, der eben von schwerer Krankheit
1519 1186 2885 1252 und und nett gelöst; jetzt griff er hinein ins volle Menschenleben und
97 1210 1481 1290 erstanden, wieder mit den fröhlich leuchtenden Augen des Genesenen in
1522 1238 2892 1304 packte einen saftigen, ausgiebigen Stoff von aristophanischer Frechheit.
104 1255 1474 1338 die fröhliche Welt hineinblickt, prallt eines Theaterfräuleins wegen mit
1526 1283 2885 1345 Sein historischer Schwank „Eine" spielt in der Wiederkäuferzeit, als
111 1300 1481 1390 dem bewußten schneidigen und doch innerlich verkommenen Offizier
1522 1321 2892 1390 die glorreiche Idee der Vielweiberei sich norddeutsche Lande eroberte.
111 1352 1477 1442 zusammen. Er verweigert dem Beleidigten Genugthuung mit der Waffe,
1571 1380 2888 1442 er Frieder nimmt alsbald die Trine, die Mine und die Stine als
107 1401 1477 1477 und sein Gegner, der die Beschimpfung auf jeden Fall rächen muß
1536 1415 2885 1477 stine ehelichen Frauen in sein Haus, aber in der Hochzeitsnacht machen
107 1446 1477 1529 knallt ihn bei der erstbesten Gelegenheit nieder. Geht es nun in diesen
1526 1470 2885 1536 ihm und sich die Dreie die Hölle gewaltig heiß, wissen bei so
111 1494 1484 1571 Drama wirklich um ein Menschen=Schicksal, um die ganz persön¬
1522 1508 2888 1581 freudigem Anlasse nichts als Schimpfereien und grobe Thätlichkeiten,
107 1540 1491 1623 lichen Erfahrungen eines Individuums, oder will der Autor eine These
1536 1564 2892 1626 so daß er sie nach Verlauf einer Stunde allsämmtlich auf die Gasse
104 1588 1491 1661 entwickeln? Und wenn das seine Absicht gewesen ist, wie lautet die
1540 1605 2888 1682 setzen muß. Allerlei „Spasseteln" laufen nebenher, len doch auch
118 1637 1488 1727 Formel, worauf er den Konflikt gebracht hat? Und schließlich, ist die
1522 1654 2888 1727 die alten Bauern von der neuen Ordnung der Dinge profitiren und
107 1685 1106 1772 Formel richtig, löst sich das Exempel ohne Bruch?
1526 1703 2885 1768 entledigen sich ihrer runzligen Ehegesponse zu Gunsten jüngerer Dirnen
225 1713 1491 1814 Es scheint nicht, daß Schnitzler aus der lebendigen Anschauuna
1526 1755 2892 1820 Dreyer verstand dem Stoffe beiweitem nicht die komischen Seiten ab¬
114 1789 1484 1866 heraus zu seinem Stoffe gekommen ist. Die Ehrenfrage, die heuer alle
1519 1789 2895 1869 zugewinnen, die er unzweifelhaft birgt. Sein Talent weist ihn auch auf
118 1834 1488 1914 Welt beleckt und die gleichzeitig mehr oder minder erregt auf ver¬
1540 1841 2888 1914 subtilere Dinge hin, als auf so dreiste Humoresken. Er vergriff sich
128 1886 1481 1970 schiedenen Berliner Theatern diskutirt wurde, hat es auch ihn
1522 1890 2888 1973 allenthalben in der Behandlung, war bald zu breit und redselig, bald
118 1931 1488 2018 angethan. Er konstruirte sich einen Fall und schuf dann die dazu
1522 1945 2892 2011 zu hanebüchen und bald wieder gar zu erschreckend arm in der Er¬
125 1973 1484 2060 gehörigen Menschen, ganz wie es vor Zeiten die Dumas und Dumas
1522 1983 2899 2063 findung, in der Fähigkeit, den Scherz von einer anderen, überraschenderen
121 2025 1484 2105 Nachfolger gemacht haben. Dürftig nur sind die Gerippe seiner
1522 2035 2906 2094 Seite aufzufassen. Er geht nicht graziös wie die Katze um den heißen
118 2070 1488 2139 Charaktere mit Fleisch bekleidet, spärlich nur und dann etwas will¬
1526 2080 2895 2146 Brei herum, sondern nach guter, täppischer Haushundart. Es ist kein
121 2119 1491 2198 kürlich aufgepappt sind die individuelles Leben athmenden Einzelheiten,
1574 2122 2892 2198 ander, daß er dabei gründlich verbrannte. Das in Haus Sachs'schen
128 2167 1494 2243 die in der „Liebelei" die Handlung hell beleuchteten, ihr den täuschenden
1522 2171 2909 2250 Küttelreimen gefügte Stück wurde unzweideutig abgelehnt, trotz aller
132 2212 1488 2292 Schein der Wirklichkeit liehen. Im „Freiwild" hat der Dichter sich
1536 2226 2060 2306 Eindeutigkeiten des Poeten.
128 2271 1498 2337 mit flüchtiger Zeichnung der Umrisse begnügt, wenigstens was seine
1630 2254 2902 2337 Die Herren Schnitzler und Dreyer ziehen frohgemuth und wage¬
128 2302 1488 2386 Hauptfiguren anbelangt. Echt und überzeugend, wenn auch nicht just hin¬
1540 2327 2906 2393 lustig hinaus in den jungen Morgen; der Frühling lacht, und was er
128 2351 1494 2431 reißend komisch, sind allein die gemüthlich-frechen Schmierenszenen, die
1536 2365 2902 2438 ihnen nicht heute bringt, bringt er gewiß in den nächsten Tagen.
128 2400 1494 2476 Köpfe der Meerschweinchen männlichen und weiblichen Geschlechtes, die
1540 2420 2899 2483 Anders als sie kommt Paul Lindau dahergegangen, der von Berlin
132 2441 1491 2524 sich im ersten Akte um den aus „Nana" bekannten Herrn Theater¬
1533 2462 2902 2531 in die Meininger Einöde Verbannte. Berlin war des genußfreudigen
125 2486 1491 2569 direktor gruppiren. Der Maler und der Offizier dagegen sollen mehr
1543 2514 2899 2601 Pflastertreters Lebenslust, und nach Berlin dürsten alle seine Sinne.
128 2538 1494 2618 als Typen, denn als Einzelwesen aufgefaßt werden; ihr Verhältniß ist
1536 2556 2895 2625 Doch es ist Abend geworden. Der ehemals alleweil fidele Pielling des
128 2583 1494 2663 leicht auf die Formel Zivil contra Militär zu reduziren. Der ganz
1543 2601 2902 2677 Thiergartenviertels sieht es einsamer und dunkler um sich werden,
135 2628 1494 2712 starke Dichter zwar weiß selbst dort, wo er allgemeine menschlich¬
1543 2649 2899 2719 und so krampfhaft er sich müht, nicht ganz in die Vergessenheit ge¬
128 2680 1498 2760 Gegensätze spielen läßt, den Personen, die diese Kontraste verkörpern,
1547 2712 2902 2767 schleudert zu werden, so vergebens ist sein Kampf. Ein melancholischer
128 2725 1501 2802 ihre privaten Menschenrechte im vollen Maße zu wahren. Wer freilich
1536 2743 2906 2812 Anblick, ein spukhaftes Menetekel für die gefeierten Stückeschreiber von
128 2774 1498 2854 Brettermathematik treiben will, dem ist das nicht möglich. Und
1543 2784 2899 2871 heute: Der dort oben vor der Rampe steht, obwohl ihn kaum Jemand
128 2819 1494 2927 Schnitzler hat sich diesmal, offenbar bewußt, in dieser Kunst ver¬
1543 2840 2902 2916 gerufen hat, beifallsgierig, um ein bischen Applaus bettelnd, der war
125 2881 406 2968 suchen wollen.
1547 2881 2906 2954 einst mehr als die Meisten von Euch, schrieb der deutschen Kunst Gesetze,
246 2881 1498 2992 Er steht seinen Figuren nicht objektiv gegenüber, er vermeide
1543 2937 2902 3003 dürfte es wagen, mit dem gefeiertsten Pariser seiner Zeit um den
128 2961 1498 3055 es auch mit klugem Bühneninstinkte, sie zu ironisiren. Ganz entschieden
1543 2975 2909 3048 Kranz zu ringen . . . Lindau's „Abend erzählt die Geschichte vom
128 3006 1512 3093 ergreift er Partei für den Zivilisten, den Oberlieutenant aber bedenkt
1543 3027 2916 3100 Kollegen Crampton noch einmal, nur daß Crampton jetzt Deuben heißt
135 3051 1501 3135 er so ziemlich mit allen Unarten und Fehlern, die nach der landläufigen
1550 3072 2906 3142 und an Schärfe des Profils beträchtlich verloren hat. Erzählt auch
132 3103 1505 3176 Anschauung einem arg mißrathenen Offizier anhaften. Der Maler
1547 3114 2906 3190 die Mär von der verführten Künstlerstochter und dem schurkischen
132 3145 1484 3232 weigert sich, auf einen Zweikampf einzugehen, und obwohl Schnitzle
1547 3169 2913 3235 Millionärssohn, den sie nachher durch Edelmuthgeträufel fabelhaft be¬
128 3194 1505 3270 mit koketter Gerechtigkeitsliebe alle Gründe für und wider das Duell
1553 3218 2909 3287 schämt. De mortuis nil nisi bene. Es lohnt auch nicht, auf die
125 3235 1508 3311 von verständigen Leuten vortragen läßt, schanzt er unsere Sympathien
1547 3259 2913 3336 Häufung von Unwahrhaftigkeiten und Stillosigkeiten in dem langen,
128 3287 1512 3370 doch dem Duellgegner zu. Wo vier Mann einen Einzigen bekämpfen,
1550 3305 2916 3377 nieraktigen Schauspiele einzugehen; es ist zwecklos, nachzuweisen, daß
142 3332 1512 3415 weiß der edelmüthige Zuschauer gewöhnlich, auf wessen Seite er sich zu
1553 3357 2920 3426 Lindau unbedenklich jeden Charakter bricht, jede Szene verdirbt, wenn
149 3377 1515 3464 schlagen hat. Und so trifft uns die Katastrophe schließlich wehvoll, das
1553 3409 2923 3471 er irgend einen Coulisseneffekt damit zu erreichen hofft. Das Ganze eine ge¬
139 3440 1515 3509 Stück endet mit einem starken Effekte und mit allgemeiner Ergriffen¬
1553 3450 2913 3516 spenstisch öde Komödianterei und ein Sammelsurium daneben von An¬
132 3485 1508 3565 heit. Wir sollen in dem todten Röming ein Opfer verworrener Be¬
1550 3502 2916 3592 klängen an die erfolgreichsten Zungen. Kein Schauspiel, nein, ein
142 3526 1515 3606 griffe über Muth und Ehre erblicken und gleichzeitig den in Wahrheit
1557 3558 1886 3634 Trauerspiel.
149 3575 1508 3655 Muthigsten, den Aufgeklärtesten aller derer ehren, die in dem eben ver¬
1654 3568 2923 3672 Im Uebrigen ist man auf den Berliner Bühnen furchtbar lustig
139 3641 888 3721 rauschten Drama vor uns auftauchten
1553 3648 2920 3707 gewesen. Schönthan und Koppel-Ellfeld, Letzterer durch
257 3641 1522 3752 Herr Paul Röming ist aber thatsächlich ein Schwächling wie die
1564 3696 2920 3759 seine Nachempfindungen rühmlichst bekannt, haben zwei unglaublich amusante
149 3710 1512 3790 Andern, befangen und verknotet wie sie in Anschauungen, denen er, der
1560 3741 2920 3804 Verskomödien geschrieben. Die eine, „Renaissance“, ist im
149 3769 1519 3849 geistig Hochstehende, der Ueberlegene, sich entwachsen glaubt. Nicht einer
1557 3783 2916 3852 Berliner Theater, die andere, „Die goldene Eva, im Lessing¬
146 3811 1515 3884 mörderischen Theorie, der eigenen Unvollkommenheit fällt er zum Opfer
1557 3828 2930 3897 Theater in Szene gegangen. Der älteren Schwester hat das Glück
146 3849 1519 3932 Wohl trotzt er angeblich der Verachtung seiner bisherigen Genossen, die
1560 3877 2927 3949 heller gesonnt; sie beherrscht den Spielplan der fleißigen Bühne in der
149 3901 1519 3984 ihn einen Feigling nennen, wohl redet er sich und Anderen ein, daß
1567 3925 2923 3991 Charlottenstraße seit längerer Zeit und wurde neulich auf Allerhöchsten
153 3939 1522 4026 er sie und ihre Vorwürfe verlache. Und dennoch vermag er, obgleich
1557 3974 2930 4047 Befehl im Neuen Palais dem Hofe und seinen Gästen vorgemimt. Auf
149 3998 1522 4078 in Wien ihm neues, reiches Glück winkt, dem Bannkreise der Gesellschaft
149 4036 2934 4133 nicht zu entrinnen, der er bisher angehörte. Seine verletzte kleine einem Theater, das bisher nur zwei Dramen zwischen seinen Papp¬
