3436 4384
863 182 1258 286 box 14/3
161 194 373 278 8. F.
527 194 687 297 vild
1166 1036 1430 1147 .
178 1050 288 1139 omme
381 1100 830 1211 is in
185 1124 292 1187 Weeß
186 1177 284 1234 üffelt,
570 1145 1182 1279 Theater und Concerte.
185 1226 283 1279 Schul¬
419 1261 1436 1357 (Carl-Theater.) „Jung=Wien", das talentvolle „Jung=Wien
178 1309 268 1380 uszu
297 1319 1449 1414 arbeitet jetzt stark in Tendenz. Und es macht vor den heikelsten Fragen
178 1365 270 1418 recto¬
299 1369 1449 1463 nicht Halt. Der Eine rüttelt an dem festgefügten Sockel, auf den
291 1414 1487 1524 Autoritätsglaube die „Größen" dieser Erde pflanzt; der Andere wagt
294 1452 1439 1556 einen kecken Sprung in die Wellen, welche, vom Sturme gepeitscht,
185 1495 1433 1597 und mächtig dahinrollen, und bemüht sich gegen die Strömung zu
173 1555 263 1616 Ober¬
294 1548 1426 1650 schwimmen. Ein Dritter biegt ein Eselsohr in die Blätter des Ehren¬
169 1597 257 1666 Herrn
284 1606 1428 1699 coder und hat den Muth, die Feigheit zu glorificiren. Dieser Dritte
162 1654 1425 1736 sind nennt sich Arthur Schnitzler, und das interessante Schauspiel, das
177 1709 1422 1797 Vorer uns bietet, wird von ihm als „Freiwild“ bezeichnet. Dieser
161 1748 249 1820 wide
278 1736 1415 1836 junge, tüchtige Arzt begnügt sich nicht mit der Heilung von leiblichen
175 1804 259 1860 mag
284 1794 1412 1887 Gebresten, er will auch moralische Krankheiten, curiren. Allen Respec
156 1839 231 1900 on
276 1839 1417 1939 vor der Gelehrsamkeit des Herrn Dr. Schnitzler, aber am Ende wird
156 1870 1414 1981 Herrn auch er in diesem Punkte sich gestehen müssen, daß er sich bei seinen
270 1928 1409 2025 Recepten verschrieben hat! Mit dramatisirten Leitartikeln kommt man
267 1981 1410 2075 gesellschaftlichen Krebsschäden nicht bei. „Freiwild ist in der Haupt¬
267 2035 1410 2131 sache eine Disputation über das Duell, und der Feigling aus Ueber¬
260 2088 1407 2168 zeugung, Herr Paul Rönning, wird naturgemäß mandem impo¬
267 2133 1407 2218 niren. Es gab Beifall und Zischen im Theater. Man mißverstehe uns
254 2178 1409 2281 nicht. Das Zischen galt bloß den Tendenzstellen. Es hatten sich
257 2218 1409 2318 Parteien im Hause gebildet, die ihren Empfindungen je nach der
252 2271 1407 2376 Tirade Ausdruck gaben: für oder gegen die Berechtigung des Zwei¬
254 2324 1402 2413 kampfes. Glücklicherweise erhitzten sich die Gemüther nicht in dem
249 2356 1397 2464 Maße, daß es infolge der Meinungsverschiedenheiten, die am Freitag
154 2397 1391 2523 schen Abends im Carl-Theater laut wurden, zu Duellen kommen wird
254 2464 1391 2559 Der sogenannten „Ritterlichkeit" wird auch ohne Blutverlust genügt
246 2511 1397 2610 werden. Ein prächtiges Milieu, zumal im ersten Art, meisterhaft
239 2557 1388 2654 gezeichnete Figuren, künstlerisch charakterisirte Typen, das sind die
135 2584 215 2639 en
243 2607 1389 2692 Hauptvorzüge dieses Stückes, das seinem hochbegabten Verfasser und
236 2665 1388 2752 seiner ganzen literarischen Gilde zur Ehre gereicht. Gespielt wird es
236 2718 1385 2806 von den Damen Glümer und Sangora, den Herren Reusch,
231 2756 1385 2846 Klein, Tewele und Natzler so gut, daß man nicht bloß den
226 2811 1383 2896 Künstlern, sondern auch der Regie, welches dieses einigermaßen impro¬
228 2848 1393 2960 visirte Ensemble so vortrefflich zu behandeln versteht, vollste An¬
226 2893 716 3007 erkennung vollen auß.
1873 43 2922 159 Herr Angel an die
1756 137 2936 198 hat gegen seinem Director intriguirt und dessen Vertrauen
1764 170 2935 247 mißbraucht; das steht nach diesem mißglückten Versuch einer
1760 215 2936 296 Berichtigung mehr außer Zweifel denn je. Aber nun wendet er
1764 279 2933 345 die unmöglichste Stylverrenkung an, um sich rein zu waschen;
1764 320 2946 387 das ist eine Unsitte, die er dem Publicum zufügt. Herr Thimig
1756 379 2936 440 hat in diesen letzten Tagen eine seltsame Physiognomie ge¬
1756 418 2936 487 wonnen. Wer hätte in dem biedern Sachsen mit den treuen
1764 469 2644 561 blauen Augen so viel Verschmitzheit gewitter?
2056 545 2644 622 Deutsches Volkstheater.
1881 612 2943 667 Die Frauen=Emancipation ist ein interessantes Vortrags= und
1760 655 2935 712 Leitartikelthea. Die Erweiterung des Berufskreises der Fran, nament¬
1773 691 2939 752 lich die Erschließung des medicinischen Studiums für das weibliche
1767 734 2941 785 Geschlecht ist eine Forderung, die in demokratischen Versammlungen
1760 769 2947 834 ihre Wirkung nie verfehlt. Ob sie auch ein ebenso wie sames drama¬
1770 808 2936 866 tisches Motiv ist, läßt sich nach dem Dreyer'schen Lustspiel „In
1773 850 2939 911 Behandlung", das vorgestern im Deutschen Volkstheater eine
1770 893 2944 943 nicht unfreundliche Aufnahme fand, nicht entscheiden, denn Herr
1767 925 2939 983 Dreyer benützt das emancipirte Weib nur als neuen Aufputz für die
1767 959 2939 1014 alte deutsche Krähwinkel=Komödie aus Iffland's und Kotzebue's
1770 1002 2944 1060 Zeiten. Und es zeigte sich dabei, daß die rührselige Philisterei uns
1767 1046 2941 1099 noch immer tiefer im Blute steckt, als das himmelstürmende Titanen¬
1777 1084 2949 1131 thum der Moderne. Die beiden ersten Acte mit ihren schönen Reden
1764 1118 2946 1165 über die Selbstbestimmung der Frau hätten das Publicum in den
1773 1155 2947 1211 seligsten Schlummer gewiegt, wenn der Verfasser nicht wiederholt
1775 1192 2949 1248 die bekannte Glocke geläutet und damit die Schläfer aufgerüttelt
1767 1230 2949 1285 hätte. Den Charakter eines wirklichen Lustspiels gewann das Stück
1777 1271 2947 1328 erst im dritten Acte, wo die Frau Doctor ihre Operationsschürze
1773 1309 2952 1367 aus= und das liebende Weib die Wirthschaftsschürze anzieht — ein
1777 1346 2947 1405 Beweis, daß nicht das Weib an sich, sondern immer nur seine
1770 1388 2952 1444 Beziehung zum Manne das dramatisch Interessante ist. In diesem
1780 1423 2952 1484 Acte hat uns Dreyer auch durch ein paar reizend geführte Szenen
1777 1471 2957 1526 für die Langeweile der beiden vorhergehenden entschädigt. Die
1773 1502 2956 1573 schwierige Hauptrolle spielte Frau Odilon mit entzückender Frische
1773 1547 2946 1601 und überraschender Gemüthstiefe, während Herr Giamvietro
1777 1582 2952 1642 diesmal nicht am richtigen Platze stand. Man muthet diesem trefflichen
1672 1626 2954 1682 und Künstler in jüngster Zeit eine proteische Wandlungsfähigkeit zu, die
1666 1662 2952 1733 derer in Wahrheit nicht besitzt. Ganz vortrefflich waren Retty Vater
1773 1699 2952 1762 als weichherzig=borstiger Seebär und Retty Tochter als naseweiser
1777 1741 2952 1799 Backfisch. Das Klatschbasen=Trifolium Bendel, Schmittlein
1783 1778 2959 1836 und Wallentin wäre tadellos gewesen, wenn nur die Damen
1772 1821 2956 1874 über den niederdeutschen Dialekt nicht so verschiedener Ansicht ge¬
1780 1857 2960 1918 wesen wären. Auch die Herren Prechtler und Liebhardt
1785 1902 2151 1971 verdienen volles Lob.
2085 1939 2654 2008 Theater an der Wien.
1791 1976 2962 2066 (Der Maler=Veri", Volksstück in 4 Acten von Hart¬
2294 2048 2445 2101 Milius.)
1894 2058 2962 2140 Eine Bauern=Comödie mit allen Schwächen und Vorzügen
1780 2120 2964 2176 derselben war es, die als eine Wohlthätigkeitsvorstellung zum Besten
1780 2160 2967 2221 der „Concordia“ am Samstag gegeben wurde. Um des guten Zweckes
1783 2199 2962 2257 willen, übersehen wir gerne die Schwächen und constatiren die
1785 2239 2959 2302 freundliche Aufnahme der Novität. Der Maler=Veri gehört zu den
1783 2278 2965 2337 verkannten Genies, die allerdings bei den Bauern felten sind. Aus
1788 2316 2960 2376 Galanterie für die Frau Autorin, wollen wir jedoch diesen Typus
1785 2355 2960 2421 glauben. Nach den üblichen Leidensstationen, die ein Maler mit
1788 2393 2964 2453 nackten Knien durchzumachen hat, löst sich alles in Wohlgefallen.
1786 2432 2975 2491 Die Darstellung bekundete große Lust und Liebe zur Sache. Die
1785 2472 2972 2536 Titelrolle gab Herr Kutschera mit warmen Gefühlstönen. Sein
1785 2512 2973 2565 Weib die Afra fand in Frau Biedermann eine zu schneidige
1797 2556 2965 2613 Interpretion, deren Lebhaftigkeit allzusehr über den Strang schlug.
1785 2589 2972 2647 Von erfrischender Natürlichkeit war Frau Ottmann. In der
1785 2634 2973 2694 Menge der Nebensiguren machten sich Frau Charles und Herr
1791 2668 2978 2732 Josephi sehr vortheilhaft bemerkbar. Nach dem zweiten Acte, der
1801 2707 2980 2768 für den Erfolg des Abend entscheidend, war konnte Frau Hart¬
1791 2758 2700 2827 Mitius den reichen Beifall des Publicums quittiren.
2742 2769 3000 2854 ter
2207 2796 2568 2878 Carl-Theater.
1886 2835 2973 2919 Als im vorigen Jahre Schnitzlers „Freiwild“ zum
1801 2906 2973 2964 erstenmale in Berlin aufgeführt wurde, waren die Leute dort gerade
1794 2943 2976 3009 von dem Fall Brüsewitz sehr erregt. Heute, da das Schauspiel bei
1799 2981 2976 3042 uns aufgeführt wird, beschäftigt der Vorfall in Marburg die öffent¬
1797 3018 2976 3081 liche Discussion. Energischer könnte die Actualität des Stückes nicht
1797 3062 2976 3115 dargethan werden. Es ist aus brennenden Forderungen und Mei¬
1804 3098 2975 3158 nungen des Tages herausgehoben und es prüft und zersetzt uner¬
1711 3119 2978 3192 chte schrocken alle die stattlichen Worte, wie Mannesmuth und Zwei¬
1707 3179 2976 3227 entkampf und Officiersehre und ritterliche Vertretung seine Ueberzeugung.
1797 3227 2978 3269 Ein junger Künstler hat einen Officier geohrfeigt, weil dieser öffent¬
1804 3254 2983 3317 lich die Ehre einer Dame angegriffen hat. Den Zeugen des Officiers
1804 3296 2983 3352 verweigert er jede Genugthuung. Er hat einen Buben gezüchtigt,
1696 3336 2981 3405 best, weil dieser es verdiente; aber er fühlt gar kein Bedürfniß sich dafür
1696 3373 2984 3433 cank niederschießen zu lassen. Allen Einwänden, allen gesellschaftlichen
1699 3413 2980 3482 Bien, Einschüchterungen dem Trotz beharrt er auf seiner Meinung. Er
1801 3458 2981 3519 wird gewarnt, er möge abreisen, denn der gedemüthigte Officier
