3344 4352
886 167 1290 263 box 14/5
190 167 721 260 8. Freiwild
1910 808 2715 886 ....... der Staatsanwaltes von der Anklage
681 805 1529 877 .....cpt.
398 848 1541 926 ständigen Schulklosetts und eines guten Brunnens. Da er jedoch
1569 840 2715 941 freigesprochen. Der Verteidiger hielt sich Bedenkzeit offen, der
392 915 2285 975 mit seinen Beschwerden ganz allein stand und in Disziplinar¬ Staatsanwalt gab keine Erklärung ab.
1572 1018 2712 1088 Oberleutnant das Duell, Karinski muß darauf verzichten, den
534 1018 1414 1116 Schnitzlers „Freiwild“ im Film.
1578 1067 2426 1125 Gegner im Zweikampf niederknallen zu können.
1665 1082 2709 1163 Da tritt Karinski ein, sein Gesichtsausdruck ist mühsam
392 1093 1538 1186 Hegewald-Film, Berlin. — Regie: Holger Madsen.
1575 1125 2706 1200 beherrscht, aber man spürt hinter der Fassade seiner militärischen
482 1157 1532 1217 Der Herr Oberleutnant Karinski hat seine Wette verloren,
1584 1186 2706 1243 Haltung den innerlichen Zusammenbruch. Das Geplauder
398 1194 1526 1255 die Schau, lerin Anna Riedel hat seine Einladung zum Souper
1581 1226 2709 1284 verstummt, scheue Blicke streifen ihn, man wendet sich mit kaum
389 1243 1529 1295 abgelehnt, obwohl er sich persönlich zu ihr bemüht hat. Nun
1581 1269 2715 1318 verhüllter Verachtung von ihm ab. Er ist durch die Züchtigung,
395 1290 1535 1339 kommt er mit wutverzerrtem Gesicht ins Restaurant zurück, wo
1575 1310 2712 1359 die er nicht mit Blut abwaschen konnte, nach den Begriffen des
404 1327 1526 1379 sich seine Kameraden mit den Damen vom Theater amüsieren.
1578 1350 2709 1402 Koder ehrlos geworden. Nun geht er von Gruppe zu Gruppe, mit
398 1370 1535 1414 Durch den von Lichtkatarakten überfluteten Saal, den ein
1572 1388 2715 1440 krampfhaft gespielter Unbefangenheit sucht er hier und dort ein
398 1408 1529 1460 zappeliges Orchester mit tobender Musik erfüllt, bahnt er sich
1572 1428 2709 1480 Gespräch anzuknüpfen, aler überall begegnet er eisigem
401 1445 1523 1494 zwischen den Tischen seinen Weg. Mitten durch das Gelächter und
1584 1468 2709 1520 Schweigen und abgewendeten Blicken. Ein Kreis von Einsamkeit
398 1489 1535 1546 die ausgelassenen Zärtlichkeiten übermütiger Paare, die sich
1569 1515 2712 1569 bildet sich um ihn, wird immer größer, bald steht der Verfemte,
398 1529 1526 1581 bereits in sehr vorgerückter Stimmung befinden, geht der Amok¬
1567 1546 2703 1601 Gebrandmarkte allein im Saal, Scham kriecht über sein Gesicht,
401 1572 1523 1618 lauf seiner Wut. Sein Gang ist ein herrisches Stampfen, man
1567 1595 2703 1644 er sieht mit einem Blick um sich, als ob er sich vor sich selbst
389 1613 1518 1662 glaubt die Sporen klirren zu hören. Manchmal aber, ganz
1567 1636 2703 1691 verstecken möchte. Und jetzt ergreift Nachsucht von ihm Besitz,
398 1647 1529 1696 unmerklich, wie in plötzlichem Versagen allzu straff gespannter
1575 1673 2706 1748 unersättlich, unstillbar, und man fühlt, daß der Mord beschlossene
398 1691 1529 1745 Nerven oder vielleicht auch in der leisen Benommenheit, in die
1575 1714 1751 1771 Sache ist.
389 1731 1526 1783 ihn der während des ganzen Abends rasch und gierig getrunkene
1650 1722 2706 1809 Die Szene des Revolverschusses spielt im Film nicht wie
392 1777 1523 1826 Kognak versetzt haben könnte, scheint er zu stolpern. Ganz
1561 1780 2712 1849 im Drama vor dem Theater, sondern auf dem Bahnhof. Ein
389 1815 1526 1864 unmerklich, wie gesagt, ein beinahe nur mikroskopisch wahrnehm¬
1572 1841 2709 1887 geistvoller Regieeinfall, der die Tragödie gleichsam in einen
389 1858 1526 1919 bares Detail. Aber man fühlt; dieser Mensch ist aus seiner Bahn
1567 1884 2703 1930 Rahmen einfaßt, da die erste Szene des Films, in der Karinski
384 1895 603 1970 geschleudert.
1561 1916 2712 1970 die junge Anna Riedel kennen lernt, im fahrenden Zuge spielt.
473 1907 1523 1985 Oberleutnant Karinski: Bruno Kastner. Hochgewachsen,
1564 1959 2700 2011 In der Mordszene auf dem Bahnhofe, die nicht nur nerven¬
401 1962 1523 2043 finsteres, gleichsam versperrtes und verriegeltes Gesicht, kleiner
1555 2002 2700 2054 aufpeitschend, sondern auch erschütternd wirkt, rast die Feuers¬
389 2019 1518 2060 Schnurrbart, ähnliche Augen, von unersättlicher Besitz= und
1561 2043 2700 2100 brunst der Leidenschaften in voller Vernichtungswut. Rönning,
392 2060 1518 2103 Beutelust funkelnd. Knappe, gebieterische Bewegungen, die
1552 2086 2695 2144 von Fred Louis Lerch sehr vornehm, sehr verhalten, aber ein
384 2097 1523 2149 Energie vortäuschen sollen, oft aber krampfhaft und fahrig
1555 2123 2697 2178 hischen unversönlich dargestellt, begleitet trotz allen Warnungen
389 2138 1518 2184 wirken. Eine ganz große schauspielerische Leistung, vor allem in
1558 2161 2703 2219 Anna auf die Bahn. Im Menschengewühl der Abreisenden die
387 2181 1518 2221 der Szene, in der er Anna Riedel beschimpft und dafür von Paul
1564 2213 2700 2259 Jagd des Mörders nach seinem Opfer: stärkstes, brennendstes
389 2221 1512 2265 Rönning durch eine Ohrfeige gezüchtigt wird. Diese Szene wird
1555 2253 2697 2305 Theater. Büfett, Gepäcksdepot, Kasse, Perron. Rönning begleitet
384 2259 1515 2311 durch Holger Madsens bravouröse Regie zu solchem Gewitter
1561 2291 2697 2346 seine Braut ins Coupé, steigt dann nochmals aus, geht zum
384 2302 1520 2346 der Leidenschaften emporgesteigert, daß die Funken stieben.
1564 2337 2700 2395 Zeitungskiosk. Da tritt ihm Karinski entgegen, die Hand in der
384 2343 1512 2392 Dennoch vermag die Verfilmung — beinahe möchte man sagen
1555 2374 2695 2421 Tasche um den entsicherten Revolver gekrampft, Tod und Ver¬
392 2377 1515 2421 selbstverständlich — die hinreißende Kraft, mit der Arthur
1558 2418 2689 2461 derben im Blick. Noch ein kurzer Wortwechsel Aug in Aug.
381 2415 1518 2490 Schnitzler in seinem „Freiwild“ diese Szene zu einer Gipfel¬
1549 2458 2689 2519 die Waffe blitzt auf und Rönning stürzt zusammen. Die Regie
381 2464 1376 2524 szene des deutschen Theaters gestaltet, nicht zu erreiche.
1558 2501 2697 2550 schwelgt in der Detailmalerei dieser Szene. Grausame Ironie der
470 2487 1512 2556 Die ehrfurchtsvolle Treue, mit der sich diese Verfilmung um
1558 2542 2709 2596 Schlußpointe: eben noch war die Leiche des Ermordeten von
381 2545 1518 2602 Schnitzlers unverwelkliches und weder durch den politischen noch
1552 2582 2689 2637 einem Gedränge entsetzten Mitleids oder auch sensationslüsterner
378 2594 1515 2637 durch den künstlerischen Umsturz in seinen Wirkungen
1558 2622 2686 2674 Neugierde umgeben, da ruft das Abfahrtssignal die Passagiere
372 2628 1509 2677 beeinträchtigtes Schauspiel bemüht, ist überaus rühmenswert.
1549 2669 2686 2729 zum Einsteigen auf, alles eilt auf den Perron hinaus, die Leiche
381 2677 1518 2723 Warum aus dem sommerlichen Badeort in Schnitzlers Drama die
1546 2712 2472 2761 liegt auf der Erde; eine schnell vergessene Sensation.
361 2715 1512 2775 winterliche Garnisonsstadt des Films werden mußte, ist freilich nicht
1621 2732 2680 2798 Evelyn Holt als Anna hat zwei starke Szenen. Den
372 2761 1509 2804 recht einzusehen. Die von straffen Rhythmus erfüllten Szenen
1546 2767 2686 2842 Leidenschaftsausbruch, in dem sie dem Oberleutnant Karinski
372 2798 1503 2847 im Offizierskasino und die prachtvollen Landschaftsbilder aus
1538 2827 2683 2885 die Tür weist, und die Szene irrsinniger Verzweiflung an der
375 2842 1506 2891 dem verschneiten Wald sind kein vollwertiger Ersatz für den
1543 2876 2683 2928 Leiche ihres Geliebten. Im übrigen gerät sie mitunter in Gefahr,
389 2876 1512 2928 spezifisch österreichischen, durch sein feines Aroma unvergleichlichen
1541 2917 2674 2983 ein bißchen allzu larmoyant und zimperlich zu wirken.
375 2925 1168 2989 Stimmungsreiz des Schnitzlerschen Kurortes.
1535 2951 2579 3012 Werner-Kahle ist ein drollig=brutaler Theaterpascha.
450 2940 1506 3006 Im Offizierskasino. In plaudernden Gruppen stehen die
1621 2992 2680 3052 Dieser Film ist wohl nur ein Widerschein des Schnitzlerschen
372 2995 1503 3049 Herren beisammen, man erörtert die Skandalaffäre des Ober¬
366 3044 2686 3104 leutnants Karinski, der einen Zivilisten provoziert hat und von Werkes, aber selbst dieser Widerschein flammt wie eine Feuers¬
1546 3084 1673 3148 brunst.
372 3084 1512 3156 ihm geohrfeigt worden ist. Und nun verweigert der Zivilist dem
2187 3075 2654 3162 Kurt Sonnenfeld
