3436 4384
872 177 1277 296 box 14/3
364 184 661 296 reiwi
167 184 378 293 8.
1873 514 2792 599 singen nach nur zum Stolze gereich.
1747 562 2901 647 jedem jungen Officier die Erreichung derselben ein Ansporn sein.
2697 623 2857 695 A. v. Z.
2203 627 2414 681 Hochachtend
793 592 1985 701 Medaillen für 40 und 20 Officiersdienstjahre würde Berufes sein.
582 640 1723 722 sucht nur das gesammte Subaltern=Officierscorps und die jüngeren
1835 674 2891 759 Mit Bezug auf den Artikel „Jubiläumsmedaille" in Nr. 95 der
163 695 1730 776 lichst viele Personen Hauptleute, sondern auch viele, bereits in höheren Chargen stehende
586 742 2891 797 Angehörige des Generalstabscorps leer ausgehen, während gewesene „Vedette" erlaube ich mir, auf jene dermalen nicht mehr sehr
163 763 555 827 ei Einsendungen er
1750 783 2894 838 zahlreiche Kategorie von Officieren aufmerksam zu machen, die
586 793 1726 848 Unterofficiere, beispielsweise Truppen=Rechnungsführer, mit einer
1750 824 2904 872 vor dem Feinde verwundet, darum oft frühzeitig aus der Acti¬
170 821 1723 892 diese Angelegenheit solchen betheilt werden würden, wenn dieselben auch nur kurz
1747 858 2884 923 vität scheiden mußten und nichts als die Kriegsmedaille besitzen
167 861 1195 919 insendungen gegen Zeit das goldene Porte-épée tragen.
756 957 2898 1032 in das Strumpfband ist nun einmal ein noli die Officiere! Hat denn nicht der geistvolle Autor einen
174 984 327 1079 on.
1760 1018 2891 1096 „schlagenden Beweis geführt, was man vom Officier unge¬
582 1001 708 1073 me
742 1011 1730 1079 gere auch in der Conversation. Selbst bei einer
266 1032 541 1130 Nachdruck verboten.
2363 1062 2898 1137 en dürfe? Ein Trottel, ein
1757 1066 2292 1127 straft Alles voraussetzen und
586 1062 712 1127 Conv.
735 1069 1737 1124 sation im Ballsaale während welcher die Dame
153 1103 296 1188 riefe.
2394 1110 2840 1178 Scheinduell proponirt
1760 1113 2285 1168 Lump und ein Schuft, de
586 1110 1730 1168 in einer Toilette vor mir sitzt, bei der es vom Scheitel
2349 1151 2898 1229 ciere auf der Bühne herum
582 1154 2264 1222 bis Kleide ebenso weit ist, als von der Sohle bis die Drei treiben sich als
2336 1202 2894 1260 irklichen Ohrfeige auch noch
1750 1202 2278 1267 und bekommen neben eine
163 1175 1600 1280 le mit Allem unzu¬ zum Strumpfband. „Sist mal bei uns so Sitte
2349 1256 2894 1311 Und da sind die Leute so
1754 1256 2288 1325 ungezählte moralische Hie
678 1256 1730 1321 Diese Sitte des Verhüllens und Enthüllens ist die
167 1263 555 1325 Grundon jeder Er
1757 1297 2901 1369 dumm und sehen die feine ronie des Autors nicht, der
586 1311 1726 1369 Ursache, warum Enthüllungskünstlerinnen, wie die fran¬
170 1314 562 1389 ge Uebereinstimmung
1757 1348 2724 1434 die Officiere als „Freiwild" behandelt!
218 1365 1730 1437 die Zeiten seien zösische Excentrique Fougère beim Ronacher eine solche
1849 1369 2901 1451 Das Publicum des Leopoldstädter Kunsttempels
592 1413 1611 1491 Anziehungskraft durch ihre Ausziehungskunst üben.
174 1389 562 1481 die schlechten Zeiten
1757 1434 2894 1502 ist dem verdienstvollen Autor auch wirklich dankbar
167 1461 558 1532 digen Respect von
684 1437 1730 1539 Diesen Ausziehungskünsten vermögen die extra¬
1760 1495 2898 1553 für den neuesten Nervenkitzel. Gott, wie schön wäre das
184 1512 1733 1566 kommt es mir fast vagantesten Toiletten nicht Concurrenz zu machen, sonst
1764 1546 2901 1600 doch, wenn es in Wirklichkeit so wäre! Da geht man
592 1556 1733 1614 müßte die Stojan als Pariserin im Carltheater
228 1559 565 1621 im Himmel auch
1757 1590 2911 1651 mit der Frau im schönsten Sonntagsstaat über die
589 1607 1730 1662 allabendlich volle Häuser erzielen. Da sie aber außer
170 1604 558 1672 se Unordnung nach
170 1634 2901 1713 gerl scheinen ent- diesen Toiletten nur hübsch singt und nur einen für mo- Ringstraße. Vor dem Café Hochfellner sitzen Officiere.
1760 1689 2901 1757 „Sie, Sie haben meine Frau fixirt!“ und paff! eine
589 1699 1730 1760 derne Ansichten lächerlich bescheidenen Cancan tanzt, thut man
170 1699 558 1767 neulich einen zwölf
174 1733 2901 1808 ht schwimmen kann, doch entschieden besser, sich den „Opernball" im schallende Warschen. Der Officier muß natürlich von den
177 1777 2898 1856 zu ist, und der noch Theater an der Wien anzusehen. Da gibt die Pal= Cameraden am Zurückhauen gehindert werden. Will er
1764 1825 2901 1886 sich duelliren, so erklärt man sich als Gegner des
586 1846 1726 1907 may einen Seecadetten, der seinem Accent nach in der
177 1846 558 1920 in Winter kein Ei¬
1754 1880 2901 1937 Duells und denuncirt ihn wegen Herausforderung zum
177 1893 1730 1948 sten Ortes solches zukünftigen ungarischen Marine dienen, es dort aber
174 1927 2898 2016 sich nicht wundern, wegen Mangels an Commandostimme nicht sehr weit Zweikampf. (Diese nette Pointe hat sich der Autor leider
170 1971 2901 2033 programm nicht an bringen wird. Für die reizende Musik der Operette entgehen lassen.) Und am nächsten Tage bringen die
1757 2019 2898 2084 „Blätter" spaltenlange Artikel über „den Rächer seiner
592 2036 1720 2094 sorgt ja doch das gute Orchester und andere stimm
174 2036 565 2104 will, der Fasching
1760 2070 2898 2125 Ehre, über das mannhafte Auftreten des in der Ge¬
197 2087 1726 2142 gelehrte Vorträge, begabte Mitglieder, so daß auch der Biederman
1757 2125 2901 2179 schäftswelt hochgeachteten Herrn N., dessen Niederlage
177 2132 1733 2193 der Nacht zu tanzen, genügend Zeit bleibt, zu zeigen, daß sie gar nichts
1757 2172 2894 2223 von feinsten Waaren aller Art sich dort und dort be¬
589 2176 1730 2264 anhabe, als Tricot und einige darum herumflatternde
177 2186 565 2244 immern. Wer jedoch
1757 2220 2690 2278 findet." Ist das nicht eine famose Reclame?
184 2227 766 2312 prechen, kann dabei Bänder.
1849 2254 2894 2336 Schade, daß diese süßen Träume, in welche „Frei¬
688 2247 1726 2339 Sie beweist übrigens, daß man im degagirtester
184 2285 562 2353 iel in die geweiht
1750 2309 2904 2366 wild" seine Hörer einwiegt, Träume sind und bleiben
174 2322 1730 2394 spositionen mit der Costume keinen Anstoß zu erregen braucht, wogegen es
174 2353 2901 2435 sitte, Fräulein, sind dem Autor des Lustspiels „In Behandlung" am werden. Der Officiersstand kann leider in Folge der
174 2407 2901 2475 derzeit während des Volkstheater gelungen ist, aus einem Backfisch einer jetzt üblichen Leisetreterei à la „Freiwild" behandelt
1750 2448 2904 2530 werden — mit dem Officier als Person werden sich die
592 2465 1730 2533 sittenstrengen norddeutschen Seestadt durch in sogenannter
1828 2503 2663 2578 rren sehr hüten, es auch nur zu versuchen.
596 2523 1726 2581 Naivetät gesprochene Zoten eine Figur zu schaffen, welch
174 2499 572 2595 hen voll ist, dessen
1842 2523 2901 2618 Vielleicht hätten wir da so Unrecht nicht, wenn wir
177 2567 1733 2632 Schlafe übergehen, nur durch eine Persönlichkeit wie die der Retty vor
1754 2598 2894 2659 auch über schlechte Zeiten klagen würden, wie alle Anderen.
184 2615 1410 2683 siguirt mich mächtig, dem Niedergezischtwerden zu retten war.
1760 2652 2898 2704 Einmal galt es als Axiom, der Ehrenrock des Officiers
681 2646 1726 2721 Ja, es ist nicht so leicht, Stücke zu schreiben, als
187 2666 575 2727 auf Befehl gehor¬
1757 2700 2901 2761 sei Bürge für die Integrität Trägers; heute sieht
596 2707 1733 2775 man glauben möchte: Da ist sehr bald daneben gehaut
184 2717 572 2789 der Familie verliebt
1757 2744 2894 2806 man beinahe schon die Zeit herankommen, wo es noch
184 2758 1733 2826 ter, Bälle rc. der und gerade das Gegentheil von dem erreicht, was man
184 2796 2904 2887 det sie mich zu ihrem wollte. Das hat sich eclatant beim „Freiwild" im besonders nothwendig sein wird, zu beweisen, man sei
1760 2847 2697 2904 ein Ehrenmann, obwol man diesen Rock trage!
603 2853 1726 2918 Carltheater gezeigt. Kurzsichtige Leute glauben
180 2860 572 2935 wo sie erscheint.
1842 2877 2887 2976 Na, einstweilen bleibt nichts übrig, als „'s Mau¬
194 2904 1726 2969 de Finder bin und es sei ein Tendenzstück, welches unter dem Vorwande der
1757 2928 2632 3007 halten und weiter dienen!" Gott befohlen!
592 2952 1730 3020 Aufrollung der Duellfrage ungestört und ungestraft eine
204 2969 569 3030 ihr Strumpfband
191 3010 1733 3064 lichkeit richtet sie es Besudelung des Officiersstandes bezwecke. Aber
2264 2996 2390 3075 Euer
603 3047 1733 3119 gar keine Idee! Gerade das Gegentheil! Das „Frei¬
187 3064 575 3139 Anspielung auf den
2595 3034 2853 3153 getreuer H.
582 3092 1754 3194 wild" sind ja nicht die Theatermädeln, das sind doch
