3484 4256
903 161 1323 277 box 14/4
210 165 753 281 8. Freiwild
367 229 446 300 .
2005 1128 3148 1240 wenig dürftig. Als der Vorhang fällt, weiß Paul, daß
828 1154 1975 1255 nikt unterwerfen will. Paul Rönning, der reise, unab¬
180 1180 794 1282 gend jemand ihr eigenes zu
2005 1218 3148 1293 Karinski sich die Genugtuung nehmen wird, die er
824 1240 1971 1304 hängige junge Mann sieht Anna Riedel diesen Kampf
180 1252 791 1319 ch eine ausgleichende poetisch¬
2016 1267 3144 1345 ihm verweigert hat. Er wollte am nächsten Tage abreisen
832 1289 1967 1357 kämpfen. Um nicht mit zu den Jägern zu gehören
225 1312 794 1364 über sie, was dem Arzte
2009 1319 3148 1387 und Anna mitnehmen. Aber ebenso ruhig, wie er vorhin
828 1342 1975 1405 nennt er sein Gefühl für sie Mitleid, und Anna, aus
217 1349 798 1439 letzte Trumpf des Schicksals
2012 1364 3152 1435 den Vorwurf der Feigheit über sich ergehen ließ, be¬
832 1383 1971 1462 Furcht, daß sie vor sich und den anderen doch als käuf
176 1405 798 1492 das Schicksalmäßigste, das
2027 1409 3152 1495 schließt er nun, nicht zu fliehen. Er nimmt seinen Re¬
839 1432 1979 1506 lich erscheinen könnte, nimmt selbst seine Freundschaft
206 1450 794 1525 zu Boden werfen kann: der
2012 1473 2807 1540 volver zu sich, und ist auf alles gefaßt.
836 1495 1982 1551 nur zögernd und in genügsamen Grenzen an. Doch ihre
187 1492 802 1581 selbst diesen Tod erleiden in
2099 1480 3155 1578 Der dritte Akt besteht eigentlich nur aus der Kata¬
839 1536 1982 1596 Lage wird unerträglich, der Direktor des Kurtheaters
180 1548 798 1630 ger, die sterben, sondern die
2016 1566 3163 1634 strophe. Karinski, den seine Kameraden, der vernünftige
854 1581 1979 1649 setzt sie auf halbe Gage, um sie kirre zu machen, der
180 1596 794 1683 Inde gehen werden. Der Tod
2016 1611 3159 1683 Rohnstedt und der gutmütige kleine Vogel, umsonst zur
832 1626 1986 1701 brutale Draufgänger Oberleutnant Karinski verfolgt sie
184 1645 806 1739 t ab, sondern verursacht sie.
2016 1653 3167 1728 Besinnung zu bringen versuchen, fordert Paul noch ein
836 1675 1982 1743 in der frechsten Weise, und sie sieht keinen anderen Aus¬
202 1698 802 1765 lieben, um den Tod so un¬
2024 1701 3163 1780 letztes Mal auf, sich mit ihm zu schlagen; auf die neuer¬
843 1728 1975 1799 weg, als für eine Weile zu ihrer Mutter heimzukehren
176 1746 764 1825 tes Ereignis zu empfinden.
2016 1754 3174 1829 liche Weigerung hin knallt er ihn nieder. „Jetzt hast Du
843 1776 1982 1844 um sich im Herbst ein neues Engagement zu suchen.
195 1795 806 1859 der „Liebelei", im „Vermächt¬
2020 1803 3170 1877 Deine Ehre," sagt Rohnstedt bitter. Und zu Anna, die
843 1821 1982 1892 Da hat Paul mit dem Oberleutnant Karinski ein Ren¬
187 1848 806 1911 stirbt der reiche junge Mann,
2024 1851 3170 1919 über Pauls Leiche zusammengesunken ist, sagt der fast
847 1866 1986 1941 kontre; der Offizier, durch das Mißlingen eines neuer¬
195 1900 809 1971 armen Mädchens war, aus
2027 1892 3170 1971 unvermeidliche Arzt und Freund der Schnitzlerschen
843 1922 1982 1990 lichen Ansturms auf Annas Sprödigkeit wütend gemacht
184 1937 809 2020 fen diesem Mädchen vollkom¬
2016 1941 3178 2050 Werke: „Gehen Sie, Sie können hier nichts mehr tun.
847 1971 1990 2042 läßt sich im Verlaufe eines Wortgeplänkels mit Paul
184 1986 809 2050 „Liebelei" fällt er im Duell
2027 1994 3167 2084 Gehen Sie." Und Anna erhebt den Blick ins Lere:
843 2016 1986 2087 dazu hinreißen, Anna gemein zu beschimpfen. Pau
191 2042 809 2106 Existenz das Mädchen, das ihn
2016 2057 2297 2144 Wohin?
858 2065 1986 2147 schlägt ihm ins Gesicht. Besonnene Kameraden Karinskis
180 2091 813 2159 r Geliebten gemacht hat, nicht
2106 2061 3182 2170 Dieses ganze Geschehen ist unanfechtbar logisch, not¬
843 2121 1926 2192 verhüten ein Unglück und führen den Wütenden fort.
195 2140 813 2204 ualvollem Zweifel ahnt. Im
2024 2147 3170 2219 wendig und innerlich wahr; und dennoch fehlt ihm das
933 2166 1990 2230 Nun soll Paul sich mit Karinski duellieren; zum
438 2181 809 2260 der den jungen
199 2196 378 2278 Reitun¬
2024 2192 3174 2263 dramatische Leben. Es ist eine dramatisierte Erzählung.
854 2219 1994 2297 Entsetzen der Sekundanten, sowie seiner eigenen Freunde
435 2237 809 2305 der die Frau, die
191 2237 341 2308 tötet,
2024 2245 3182 2316 Daß diese Erzählung nur im Hirn Schnitzlers existiert
847 2263 1994 2353 nimmt er die Forderung nicht an. Er hat keine Lust,
180 2286 813 2361 ingetrübtes Glück gegeben hat
2031 2293 3174 2361 hat, tut nichts zur Sache. Aber es ist nicht in Szenen er¬
854 2308 1997 2398 einer Dummheit wegen sein Leben aufs Spiel zu setzen,
180 2331 813 2402 ias macht. Im „Freiwild" fällt
2046 2338 3170 2413 schaut; es ist als zusammenhängende Handlung erdacht,
854 2368 2001 2436 oder einen Menschen zu töten; er hat Karinski „nicht be¬
187 2387 821 2443 der letzten Szene, aber auch
2035 2387 3178 2462 deren Dialogstellen sich vor uns abspielen. Die Geschichte
858 2417 2001 2485 leidigt, sondern gezüchtigt. Alles Zureden hilft nichts.
184 2436 817 2507 mpfinden das Weib, das die
2035 2436 3182 2518 kann in sehr wenig Worten erzählt werden; denn sie ist
858 2458 1997 2533 Die Leute werden ihn verachten? Immerzu. Er braucht
180 2477 817 2567 Männern ausliefert, wenn der
2035 2488 3182 2567 unkompliziert bis zur Dürftigkeit. Die dramatischen Not¬
869 2507 1997 2582 sie nicht. Und die Sache erhält einen ganz feinen, bur¬
180 2530 817 2605 und auch hier beginnt die eigent
2031 2533 3178 2601 wendigkeiten sind durch wenige Personen erschöpft; so
854 2556 1997 2634 lesken Unterton, wenn Karinskis Freund und Sekun¬
187 2578 821 2664 ode des Mannes — also nach¬
2035 2590 3189 2653 behilft sich Schnitzler mit epischen Mitteln. Die Not des
858 2608 1997 2683 dant, der kluge, besonnene Rohnstedt, nochmals zu Pau
2039 2631 3185 2702 Dramatikers, der der Wahrscheinlichkeit zuliebe gewisse
858 2657 1997 2743 zurückkehrt, und ihn im Namen der Menschlichkeit an
202 2642 824 2762 Schauspielerin, die, mag sie
2039 2679 3182 2751 Personen einführen muß, sie aber durchaus nicht inner¬
866 2713 2009 2784 fleht, den beleidigten Offizier durch Verweigerung der
195 2721 832 2799 ein, nun einmal als Beute für
2042 2732 3185 2799 lich mit der Handlung zu verknüpfen weiß, verrät sich
866 2751 2009 2826 Satisfaktion doch nicht unmöglich zu machen. Paul aber
195 2769 828 2852 nach ihr ausstrecken. Nicht nur
2035 2773 3185 2859 hier noch an allen Ecken und Enden. Da ist der kleine
862 2803 2005 2889 findet, er könne auch der Karriere des Herrn Oberleut¬
199 2826 746 2912 Jagd, sondern auch Treiber
2042 2833 3193 2901 Leutnant Vogel, weil doch Karinski einen zweiten Se¬
851 2852 2012 2934 nants zuliebe nicht sein Leben riskieren, das ihn gerade
184 2882 828 2976 auf der Flinte bringen: der
2035 2878 3185 2942 kundanten braucht. Da ist Poldi Grehlinger, ein dummer
869 2901 2009 2979 jetzt, nach kaum überstandener hwerer Krankheit, beson¬
191 2923 731 2991 teresse es erfordert, daß
2035 2931 3189 3005 Bengel von der jeunesse dorée, damit man doch jemand
869 2953 2009 3024 ders freut. Und als Anna, aufgeregt un besorgt, zu ihm
206 2976 824 3035 Erwerbsquellen habe als ihre
2046 2979 3193 3054 habe, über den man ein wenig lachen kann, und weil doch
866 2998 2009 3069 kommt, bittet er sie, seine Frau zu werden. Diese Szene
195 3020 828 3103 Die in ihrer Unkäuflichkeit, an
2042 3024 3185 3103 jemand da sein muß, der sich Paul Rönning als zweiter
869 3050 2009 3122 ist von einer ganz unkonventionellen Feinheit. Wie be¬
195 3069 832 3144 eine geschickte Konkurrenz sehen,
2046 3080 3189 3140 Sekundant anträgt. Da ist der Doktor Wellner, dem man
862 3095 2009 3170 Paul das Mitleid mit der armen, gehetzten Anna s.
202 3122 836 3200 hre Unnahbarkeit in ihrer Eitel¬
2042 3125 3189 3189 aber verzeiht, daß er auch nichts zum Gang der Hand¬
877 3140 2016 3219 stark wird, daß es sich endlich selbst entlardt und sich als
195 3170 832 3234 de Jäger: die Kavaliere, denen
2046 3174 3185 3245 lung beiträgt, weil er ein Vorläufer jener klugen, stillen,
866 3200 2009 3272 das zu erkennen gibt, was es ist, und wie Anna, wagt
187 3219 832 3294 te und doch mit der geringsten
2042 3219 3189 3290 vornehmen Männer ist, die bei Schnitzler zu einem eige¬
873 3253 2016 3320 ja zu sagen, obwohl es aussieht, als flüchtete sie nur in
191 3272 832 3343 de Sorte käuflicher Weiblichkeit
2042 3264 3200 3343 nen edlen Typus der Vertrauten geworden sind. Da ist
873 3294 2016 3365 den Hafen, — diese ganze Liebesszene, die keine, ist, ist
191 3320 832 3391 eine Art Betrug auffassen, wenn
195 3332 3200 3470 unverbrieften Gesetz ihrer Kaste bester Schnitzler. Dennoch ist selbst dieser zweite Akt ein ferner das ganze Theatergesindel, das Schnitzler mit sehr
