3436 4448
167 137 262 229 8.
312 132 683 232 Freiwil
304 185 404 239 .
855 145 1267 234 box 14/3
1908 970 2431 1042 .
1653 1077 2564 1130 Rollen hielten sich tüchtig — mit Ausnahme des „Balduin,
673 1077 1626 1137 c. Folge ganz natürlichen Verwechslungen und in erschüttern
706 1122 2564 1172 der Komit Menschen an sich selbst und noch mehr an Ander schlecht spielt, und des „Kohn", der schlecht spricht. Herr
1658 1160 2566 1209 Schmidt-Häßler sprach und spielte verständig, wie immer;
668 1167 1626 1217 jederen irre werden läßt. Ein jammernswerther Pantoffel
1653 1199 2566 1242 aber die Rolle des „Karinski liegt ihm nicht, er macht darin
711 1207 1631 1254 held, aus dessen Biedermannshülle hinter dem Rücken der
706 1234 2569 1289 gestrengen Frau Gemahlin der versuchte Schwerenöther eine schlechte Figur. Die wichtige Rolle der Anna wurde
708 1274 2569 1324 schlüpft, lädt den Fluch der bösen That er heuchelt, um sich ungenügend gegeben. Im Ganzen aber: eine Aufführung,
1653 1317 2566 1359 welche wiederholt und gesehen zu werden verdient. Diesem
666 1324 1626 1374 ei einen Dispositions- und Reservefonds für „Erholungs
1653 1354 2564 1401 Lobe ist ein Tadel beizufügen: dafür, daß das Stück nich
718 1362 1628 1414 fahrten" zu sammeln und zu sichern, seiner Frau gegen
1658 1392 2566 1436 so gegeben worden ist, wie der Verfasser es geschrieben hat
711 1404 1631 1451 über Alimentationsverbindlichkeiten — auf sich, die dann
1658 1431 2561 1471 und wie es anderwärts — z. B. in der musterhaften Dar
718 1439 1626 1489 in jedem Wort und jeder Szene fortzeugend Böses muß ge
1658 1469 2569 1519 stellung am „Deutschen Theater" zu Berlin — gespielt
711 1474 1631 1529 bären, immer toll, immer „lachhaft". Wir unterlassen, zu
713 1506 2569 1556 erzählen, was sich ob der Verwicklungen nicht erzählen wird. So darf man mit dem Werke eines ernsthaften
1658 1541 2569 1589 Schriftstellers nicht umgehen. Bedeutsame Sätze sind ge¬
708 1556 1631 1606 läßt; es hieße auch des Schwankes lustige Ueberraschungen
1661 1584 2569 1628 strichen, das wichtigste Handlungsmoment verzerrt und
718 1601 1633 1653 verrathen und dem Theaterbesucher ein volles Vergnügen
1661 1621 2564 1668 fast verwischt. Wollte man den Zuschauern den Anblick er¬
713 1633 1636 1676 schmälern. Wir haben Schweighofer, wir haben unsere
1653 1663 2566 1706 sparen, daß ein Offizier, welcher in ausdrücklichstem
673 1673 1631 1721 einheimischen Kräfte selten so gesehen wie gestern, aber auch
1658 1703 2566 1746 Gegensatz zu seinen Standesgenossen (deren einem die
718 1711 1631 1756 selten so viel Lachen und Klatschen gehört. Schweighofer
1648 1741 2569 1786 wärmste Sympathie der Hörer zugewendet wird) als leicht¬
713 1746 1623 1793 spielte mit allen Registern seiner reichen Komik, einfach
1658 1778 2559 1825 fertiger Mensch, Schuldenmacher, Spieler, Trinker ge
678 1788 1633 1838 überwältigend, und Frau Hartl=Mitius, Frl. Drucker,
713 1813 2569 1870 Frl. Nordheim, Frl. Bürger, Frl. Meittinger, deren schildert ist, für den übrigens trotzdem noch mildernde Um¬
1661 1858 2561 1898 stände angeführt werden — daß ein solcher Mensch, der zu
721 1865 1628 1915 Dialekt — aus den deutschen Bundesstaaten ein bunte
1658 1893 2561 1943 fällig eine Uniform trägt, für eine Niederträchtigkeit durch
711 1908 1626 1953 Sprachen=Durcheinander — uns freilich nicht gefallen
711 1938 2566 1988 konnte, sowie die Herren Ermarth, Manz und Geis standen einen Schlag bestraft wird? Bestraft von einem an¬
2584 1948 2686 2025 zuhe
721 1970 2554 2022 ihm in nichts nach. Das gleiche Lob ist Herrn Skitt, der die ständigen Manne, der zufällig keine Uniform trägt -
1648 2007 2569 2055 und überdies um jener That willen sein Leben verliert
711 2012 1334 2067 Regie vortrefflich führte, zuzuerkennen.
1651 2045 2566 2095 Als ob der Mord, den der Offizier begeht, nicht noch viel
753 2052 1626 2107 M. B. Deutsches Theater. Donnerstag, zum ersten
713 2087 2569 2137 Male: „Freiwild“, Schauspiel in drei Akten von verdammenswürdiger erschiene, wenn er den Schlag
718 2127 2566 2177 Arthur Schnitzler. — Der Inhalt dieses Stückes ist den nicht empfangen hat! Zudem: nicht um einen deutschen
706 2162 2566 2217 Lesern der „M. N. N." aus den Berichten über die aus=Offizier handelt es sich, die Handlung geht in einem
711 2202 2566 2249 wärtigen Aufführungen bekannt: Ein Offizier von kleinen Bade=Ort in der Nähe von Wien vor, die Militärs
1653 2217 2686 2284 bezeichnen sich deutlichst als Oesterreicher, tragen öster¬ Fein
713 2249 1628 2299 schlechtem Charakter beschimpft ein anständiges Mädchen
1651 2282 2666 2347 reichische Uniformen — und in Oesterreich wird das Stück
711 2292 1631 2342 ein ehrenhafter junger Mann gibt ihm dafür einen Schlag
711 2319 2566 2374 in's Gesicht und verweigert Genugthuung, weil nur der gespielt, von einem Wiener ist es geschrieben.... Das
713 2357 2569 2411 Schuld die Strafe gefolgt und die Sache also zu Ende sei, Münchener Publikum mag sich für die schmeichelhafte
1651 2399 2569 2446 Meinung bedanken, daß ihm ohne Gefahr nicht gezeigt
708 2419 2574 2511 der Offizier schieht ihn auf öffentlichem Platze nieder. Eine werden könne, was die Bürger anderer Städte ruhig sehen
721 2454 1628 2491 gute literarische Arbeit, ein sehr interessantes, sehr unter
721 2474 1778 2531 haltendes, sehr wirksames Theaterstück. Wir haben nicht dürfen.
1678 2486 2569 2559 s. w. Augsburger Stadttheater. Am 13. Januar
718 2524 1626 2574 viele dergleichen. Warum muß ein solches Werk auf eine
721 2556 2564 2601 Bühne erscheinen, deren Kräfte nicht gestatten, es voll zur wurde zum überhaupt ersten Male gegeben: „Astorre
721 2594 2566 2651 Geltung zu bringen? Weil alle Hofbühnen — und nicht Oper in drei Aufzügen (nach K. F. Meyers Novelle „Die
721 2621 2688 2683 etwa das Münchener Hoftheater allein — noch Anderes zu Hochzeit des Mönchs", frei bearbeitet von August Har¬ Do¬
1658 2668 2683 2716 lacher), Musik von J. Krug=Waldsee. Daß ein genialer einst
723 2681 1631 2723 beachten haben, als den literarischen und theatralischen
721 2708 2691 2758 Werth; nicht nur die hohe Rücksicht auf die Kunst, nicht Musiker auch aus einem schlechten Textbuche eine nicht am
1651 2746 2696 2788 blos genießbare, sondern sogar eine herrliche Oper fertig. Blond
718 2758 1626 2810 nur die nothwendige Rücksicht auf den pekuniären Ertrag
1648 2786 2564 2848 bringen kann, beweist uns Mozarts unsterbliche „Zauber¬
726 2798 1623 2845 sondern Rücksichten niedrigerer Art auf Vorurtheile, Vor¬
2594 2788 2701 2865 Kai
718 2823 2561 2878 rechte und Empfindlichkeiten. Das „Deutsche Theater" thut flöte". Was Herr Harlacher an K. F. Meyers Novelle ver
718 2858 2701 2910 recht, jenes der Hofbühne verschlossene Gebierzu bearbeiten, brochen hat, gehört auf ein anderes Konto: hier handelt es Bisen
2589 2895 2701 2938 Sie ni
1658 2905 2559 2953 sich nur um die Holprigkeiten und Unebenheiten des Text
718 2913 2564 2992 Geschieht das mit Geschmack und Fleiß, so wird der Erfolg buches, das der Librettist dem Komponisten zur Verfügung
2586 2935 2706 2990 Franz
718 2950 1628 2995 nicht fehlen. Er hat auch gestern nicht gefehlt. Die Zu
726 2980 2561 3030 schauer unterhielten sich sehr gut und applaudirten sehr leb¬ stellte. Mit bangem Zagen wird wohl Mancher, der der
2603 2995 2716 3082 Ge¬
1658 3022 2561 3065 Text vor der Aufführung aufmerksam gelesen hatte, in
718 3030 1626 3077 haft. Die Vorstellung war von Herrn Oberregisseur Stoll
718 3052 2718 3115 berg vortrefflich geleitet. Die Herren Klein=Rhoden und Theater gegangen sein, zu harren der Dinge, die da kommen kaufen
643 3097 2561 3165 ter v. Lenor wurden bei offener Szene gerufen; auch die Herren sollten. Aber die angenehm enttäuscht fanden wir uns
2581 3110 2731 3192 Fr.
1798 3140 2434 3212 Fortsetzung siehe nächste Seite.
638 3145 1646 3199 der Pahlau, Kirsch, Sick sammt den Inhabern der kleineren
1606 3214 1721 3367 .
1292 3197 1581 3404 .
