3436 4096
881 69 1289 171 box 14/2
192 88 699 194 8. Freiwil
1275 432 1684 519 es
346 574 729 699 eller Hand
863 590 1363 733 Feuilleton.
432 676 693 775 o
915 749 1281 870 „Freiwild.
1247 833 1679 913 Berlin, 4. November.
633 866 1706 960 Von Wiens junger Dichterwelt hört man bei uns gar wenig,
514 954 1706 1010 wie wenn eine Rückwirkung der starken literarischen Bewegung, die
520 998 1703 1053 hier seit etwa sechs Jahren zu spüren ist, auf Oesterreichs Hauptstadt
520 1047 1700 1104 überhaupt nicht stattgehabt hätte. Und doch sind von Wien erst gewal¬
520 1097 1703 1161 tige Vorstöße für das moderne Drama ausgegangen, an dessen Ausbau
523 1152 1708 1216 unsere Dichter jetzt unermüdlich schaffen: von dort kam uns die
529 1196 1705 1258 schöpferische Kraft Ludwig Anzengruber's, dessen Bedeutung
529 1241 1709 1308 für die Neubelebung des realen Bühnenschaffens nicht hoch genug
520 1289 1703 1357 geschätzt werden kann, und in Wien hatte sich auch ein Norddeutscher
526 1337 1697 1401 heimisch gemacht, der das bürgerliche Drama für unsere Zeit vor
523 1383 1706 1453 bereiten half, Friedrich Hebbel. Dann erst brach sich von Norden
526 1448 1708 1514 her Henrik Ibsen, um neue starke Impulse zur Wiedergeburt der dra¬
520 1487 1700 1551 matischen Dichtung zu geben. Bei uns ist für diese Saat ein frucht¬
526 1529 1712 1602 barer Boden gewesen; in Wien wollte sich ein Neues nicht gestalten.
523 1582 1714 1651 Man vernahm von „müden Seelen", die dort in schwächlicher, gesucht¬
526 1633 1703 1688 weicher Lyrik sich ergossen, man hörte dann von allerlei mystisch¬
538 1678 1709 1743 symbolistischer Poesie, bei der Wortklang Alles, Ideeninhalt, Gefühls¬
529 1734 1709 1787 inhalt wenig bedeute; das Drama aber nahm keinen Aufschwung und
529 1776 1706 1840 wollte sich in die Bahnen, die von Raimund zu Anzengruber führen,
532 1827 1709 1889 nicht einlenken lassen. Ueber eine gefällige Nichtigkeit gelangten die
529 1876 1700 1938 Bühnenschriftsteller auf Wiener Boden nicht hinaus. Endlich, im ver¬
535 1927 1711 1994 gangenen Winter, trat in Arthur Schnitzler eine Erscheinung
526 1968 1706 2031 auf, die gegenwärtiges Leben in künstlerischer Form der Bühne zu¬
541 2031 1711 2086 führen wollte. Das Schauspiel „Liebelei", hier am Deutschen
533 2073 1711 2134 Theater in meisterhafter Darstellung erfolgreich aufgeführt, brachte uns
532 2117 1709 2172 die frohe Botschaft, daß auch in der einstigen Theaterstadt var op¬
535 2162 1715 2228 der Drang nach einer unserem modernen Empfinden entsprechenden
532 2226 1716 2280 Bühnendichtung empfunden und gepflegt wurde. Der junge Wiener
538 2262 1711 2335 Arzt, dessen frühere Arbeiten einem kleineren Kreise nicht unbekannt
538 2312 1721 2378 geblieben waren, galt mit Eins als der führende Geist der jungen
535 2363 1715 2433 Wiener Dichterschule und an den Namen Arthur Schnitzler knüpften
541 2421 936 2493 sich fortan Hoffnungen.
654 2445 1715 2521 Wie sehr diese Hoffnungen berechtigt waren, haben wir gestern
538 2514 1715 2566 Abends im Deutschen Theater erfahren bei der Première von
541 2557 1718 2612 Schnitzler's neuestem dreiaktigen Schauspiel „Freiwild". Das
538 2606 1715 2667 Werk ist mit sehr großem Erfolge aufgeführt, sein Dichter konnte
541 2655 1716 2721 wieder und wieder vor dem Vorhange erscheinen, um für den sehr
541 2707 1718 2779 starken Beifall des Publikums zu danken; der äußere Erfolg war
538 2754 1715 2819 vielleicht noch größer, als der von der „Liebelei", die innere Wirkung
542 2803 1715 2882 stand der jenes Schauspiels zum Mindesten nicht nach. Nach den
538 2855 1715 2911 ersten Eindrücken zu urtheilen, ist freilich die „Liebelei" poetisch reiner
538 2903 1715 2962 und seiner als das „Freiwild"; indessen möchte ich damit dem älteren
539 2949 1716 3005 Werke den literarischen Vorzug nicht unbedingt geben: dieses ist uns
545 2999 1722 3057 aus der Buchausgabe) wohlvertraut geworden, seine zarte, duftige
544 3046 1721 3110 Schönheit, seine Wehmuth und Tragik haben wir durch wiederholtes
547 3095 1715 3165 Nachempfinden voll zu würdigen gelernt; bei „Freiwild" stehen wir
550 3160 1716 3212 noch unter dem Banne des Neuen und — des Stoffes; denn un¬
553 3206 1722 3268 zweifelhaft verdankt das Schauspiel die außerordentliche momentane
547 3242 1727 3314 Wirkung, die es gestern geübt hat, nicht zuletzt seinem Stoffe und dem
666 3318 1246 3406 *) S. Fischer's Verlag, Berlin.
1819 420 2441 484 W
1734 568 2928 627 Umstande, daß dieser eben in unserer unmittelbarsten Gegenwart im
1746 621 2916 687 Augenblicke alle Welt beschäftigt: in „Freiwild behandelt der Haupt¬
1743 672 2289 742 konflikt die Duellfrage.
1854 712 2934 788 Wenn der Vorhang hochgeht, sind wir in einen Badeort in
1743 770 2913 827 der Nähe Wiens — man denkt etwa an Baden — versetzt; die Sze¬
1749 820 2922 873 ein Theil des Kurgartens, der durch ein Kaffeehaus und das
1749 864 2922 928 Theater besonders belebt ist. Mit vollendeter Meisterschaft stellt
1746 913 2922 970 Schnitzler aus auf diesem Boden die Gestalten seines Schauspiels vor¬
1743 960 2916 1018 Offiziere, die sich — nicht ohne Erfolg — um die Gunst der Schau¬
1755 1007 2923 1068 spielerinnen bewerben und nach Schluß der Vorstellungen mit ihnen
1752 1056 2922 1109 beim Souper auf ihre Art die Kunst unterstützen; den Arzt des
1746 1106 2919 1167 Ortes; weiter einen jungen Künstler, der das Glück hat, pekuniär
1748 1158 2925 1223 ganz unabhängig zu sein; weiter einen Pflastertreter mit dem
1755 1217 2925 1268 schönen Namen Poldi, in tadellosem Modeanzug und mit weiten
1749 1253 2919 1304 Bewegungen; endlich die Mitglieder des Sommertheaters mit¬
1758 1301 2920 1363 sammt ihrem Direktor und dem Theaterkassier. Diese drei Kreise
1758 1353 2928 1407 berühren einander bald, bald trennen sie sich von einander,
1755 1393 2923 1469 bald schließen sie sich; es herrscht ein Kommen und
1758 1447 2931 1512 Gehen auf dem Platze vor dem Theater, Gespräche schwirren hin und
1758 1489 2934 1559 her, Bekanntschaften werden erneuert oder neu angeknüpft. In all
1749 1553 2923 1614 dieser scheinbar so lockeren Technik und Ziellosigkeit aber überrascht
1755 1596 2928 1648 uns im Geheimen eine meisterliche Straffheit der Komposition und
1758 1638 2931 1703 Exposition. Ehe wir's noch recht gewahr werden, wie es kam, ist
1758 1691 2928 1752 der Hauptzweck der einleitenden Szenen erreicht: wir kennen
1755 1731 2928 1800 diese Menschen, wir kennen das Milieu, in dem sie leben. Das
1749 1788 2937 1851 Wissenswerthe über ihr Vorleben, über ihre Neigungen, über ihre
1752 1831 2925 1894 Vorzüge und Fehler, über ihre Absichten und Wünsche haben wir
1755 1883 2934 1968 spielend erfahren: in aller Zwanglosigkeit haben diese Offiziere und
1758 1934 2940 1995 „Zivilisten" und Bühnenmitglieder sich selbst und ihre Nebenmenschen
1758 1980 2934 2052 charakterisirt. Und dann lösen sich aus den drei Gruppen drei Haupt¬
1758 2031 2938 2093 gestalten aus: nach dem Durcheinander der Figuren kommt das
1755 2082 2938 2147 Finale, in dem sie mit einander wirken. Auf den Oberlieutenant
1758 2120 2937 2183 Karinski, auf Paul Rönning und Anna Riedel, die Liebhaberin der
1760 2162 2937 2236 Bühne, ist unser Interesse allgemach am schärfsten hingelenkt worden:
1755 2226 2937 2295 um ihr Schicksal wird sich das Schauspiel drehen. In kurzen Schlägen
1761 2265 2944 2332 wird der Konflikt nun entwickelt: der Oberlieutenant Karinski, der
1758 2305 2938 2378 in Spiel, Schuldenmachen und Verführungskünsten Meister ist, nach
1761 2357 2944 2430 außen aber auf absolut Standesgemäßheit" hält, wettet, daß er
1764 2409 2943 2485 die unnahbare Tugend der Schauspielerin Anna Riedel überwinden
1755 2454 2937 2526 werde; er verliert; und als er seine Niederlage berichten muß,
1764 2509 2932 2581 gewahrt er, wie Paul, dessen Herz Anna gehört, leise vor sich hin¬
1761 2570 2932 2633 lächelt. In seiner beleidigten Eitelkeit und im Hasse gegen den ver¬
1761 2605 2940 2692 meintlichen Nebenbuhler provozirt er eine Szene und sucht Paul
1764 2660 2944 2730 aufs äußerste zu reizen; indessen wahrt dieser seine Ruhe. Da
1767 2698 2944 2770 beschimpft der Offizier das Mädchen, ein „Mensch vom Theater", und
1761 2752 2940 2840 die Antwort bleibt nicht aus: Paul springt auf und ohrfeigt den
1764 2815 1976 2883 Verleumder.
1877 2846 2940 2934 Das der erste Akt: ein Meisterstück. Alles lebt, Alles ist an¬
1764 2917 2938 2992 schaulich, der Aufbau musterhaft, die Knappheit in der entscheidenden
1770 2953 2940 3016 Schlußszene unübertrefflich eindringlich und dramatisch; dabei wirkt
1767 3002 2937 3080 Alles, so allgemein es im Grunde gehalten ist, spezifisch österreichisch
1775 3053 2937 3120 — hier im Deutschen Theater besonders, da die Aufführung auf das
1770 3105 2940 3181 wundervollste abgestimmt war. Man wird an Anzengruber erinnert:
1770 3151 2943 3224 was er für das Volk that, hat Schnitzler für die „gebildeten Kreise
1773 3202 2943 3275 gethan; eine Reihe von Menschen unserer Zeit in ihren Lebens¬
1770 3244 2940 3318 anschauungen und Gewohnheiten glaubhaft vor uns hinzustellen und
1767 3309 2964 3388 aus diesen Anschauungen und Gewohnheiten einen im besten Sinne
3120 556 3339 635 dann
2965 618 3339 685 Könste ist das Duell
2959 665 3308 735 Offizier gewordenen
2965 715 3344 772 den Anschauungen de
2959 764 3342 831 erheischt; der Oberlie¬
2962 809 3347 878 Paul, da er es als se
2968 854 3354 928 Sache zum Ende bring
2971 910 3351 976 dem Offizier zu schlage
2971 961 3350 1024 Er hat einen „Lumpen
2962 1006 3347 1076 Recht, ihn, der nur th
2968 1053 3348 1119 der Pistole zu fordern
2968 1103 3344 1167 und Widersinn ist der
2974 1153 3318 1217 heit hält ihn zurück,
2968 1201 3358 1266 zeugung kann ihn nich
2977 1244 3385 1311 Freunde, daß er sich in
2968 1296 3357 1365 die Vorstellungen eines
2977 1345 3330 1413 geohrfeigten Karinski
2977 1381 3357 1460 Duell seine Ehre real
2977 1439 3348 1509 den und vom Freunde
2983 1491 3355 1551 zu widerlegen weiß:
2974 1538 3357 1608 Ehre befleckt ist, sonde
2980 1587 3366 1655 keinen Grund ein, sich
2983 1635 3361 1711 sein Leben rauben zu
2980 1681 3339 1754 habilitirung erwirken
2980 1734 3165 1800 betragen!
3090 1775 3369 1858 Weniger das pe¬
2977 1839 3361 1912 in Frage, als ein Zeit
2983 1888 3357 1959 Paul Rönning und
2980 1937 3358 2007 Dilemma: wo liegt
2983 1985 3324 2052 Schnitzler weiß das
2979 2031 3360 2098 stimmungsvolle See¬
2974 2076 3363 2146 eine zarte, war em¬
2980 2123 3366 2199 einander finden — abe
2976 2163 3370 2239 desto mehr in das Fahr
2989 2216 3367 2290 Paul, der Duellgegner,
2980 2266 3372 2332 jetzt selbst ein „Freiwil
2980 2312 3373 2385 verzeiht ihm sein Ver¬
2989 2365 3361 2439 habe de principio 9
2989 2406 3372 2482 Praxis in einem solcher
2989 2461 3364 2540 er der Welt gegenüber
2986 2511 3364 2578 Allen von Karinski
2992 2555 3378 2622 seines Offiziersthums
2995 2609 3375 2667 seines Gegners sich reh-
2986 2655 3372 2725 Schlusse Alles zu der
2980 2704 3369 2773 Keine Lösung ist
2984 2755 3354 2827 so ist der Austrag der
2980 2800 3375 2871 wohl überhaupt unmög¬
2980 2853 3375 2917 Jenen zu finden wisse
2986 2904 3364 2968 nicht das Gegentheil.
2986 2947 3376 3020 unzweifelhaft zum Ren¬
2989 2995 3339 3068 wer der Schnellere
2995 3041 3332 3114 scheint mir ein Ende
3102 3092 3327 3162 Wohl aber a
2986 3135 3326 3211 im zweiten Akte auf
2987 3190 3254 3254 Freiwild ist un¬
2989 3238 3238 3305 liegen muß er
2995 3291 3196 3360 Stärkeren!
