3484 4384
165 161 275 241 8.
858 140 1265 245 box 14/3
358 156 637 231 reiwi
440 1339 1568 1433 Frau Pohl=Meiser mit ihrem Tugendwahn hervorragt;
449 1424 1566 1476 denn auch das gewohnheitsmäßige Laster dieser Stücke war heute
440 1467 1238 1524 ziemlich langweilig — fast so wie die Tugend.
564 1495 1559 1566 Carl-Theater. Das dreiaktige Schauspiel „Freiwild
456 1538 1568 1623 von Arthur Schnitzler, das auf deutschen Bühnen längst
456 1611 1566 1671 Heimatsrecht gefunden, ist gestern endlich auch in Wien, der Stätte
447 1658 1568 1708 des Schaffens seines Autors, mit großem Erfolge aufgeführt
452 1706 1568 1765 worden. „Freiwild“ ist ein kräftiges und packendes, tiefernstes,
447 1758 1568 1813 mehr noch: ein muthiges Stück, und deshalb mag es begreiflich
456 1800 1572 1857 sein, daß man in Wien so lange gezögert hat, es dem Publikum
449 1843 1575 1901 vorzuführen. „Freiwild“ nennt der Verfasser die armen jungen
447 1894 1575 1958 Theaterproletarierinnen, die von lächerlich niedrigen Gagen leben
451 1942 1577 2004 sollen, die oft große Talente sind, aber mit der Entlassung be¬
456 1985 1575 2036 droht werden, wenn sie sich nicht den Gönnern des Direktors hin¬
452 2034 1572 2089 geben. „Freiwild" sind aber auch jene Männer, die einen
452 2088 1568 2137 frechen Buben züchtigen und sich dann von diesem, weil
452 2128 1568 2191 sie sich nicht mit ihm duelliren wollen, niederschießen lassen
456 2180 1566 2237 müssen, weil dieser Bube, der seinen Lebenslauf in
449 2224 1566 2283 Mädchen verführung und Schuldenmachen erfüllt, zufällig in einer
447 2272 1568 2332 Offiziersuniform steckt. Man begreift, daß das Stück in diesen
447 2318 1563 2377 Tagen der Brüsewitzerei eine mächtige Wirkung üben muß, wenn¬
447 2364 1568 2426 gleich oder trotzdem der Autor den Zwang und den Wahn, in
449 2411 1559 2476 dem die Militärangehörigen leben und künstlich erhalten werden
447 2460 1563 2517 nicht nur von der albernen, sondern auch von der sozusagen
449 2512 1559 2560 menschlichen Seite darzustellen versucht. Das Publikum wurde
452 2554 1568 2606 von der Tendenz des Werkes mächtig gepackt, und die schlagenden
449 2595 1566 2657 Ausführungen „Rönnings" gegen das Duell wurden wiederholt
447 2652 1566 2710 demonstrativ beklatscht. Die Darstellung war eine geradezu
445 2696 1563 2748 glänzende: Herr Meyer=Eigen als „Rittmeister Rohn¬
456 2740 1557 2794 stedt" wird aber gut thun, sein etwas zu starkes Pathos, das mi¬
449 2788 1564 2845 der einfachen Sprache und echten Natürlichkeit des Stückes
452 2836 1568 2888 gestern ein bischen kontrastirte, zu mildern. Sonst müssen wir
452 2888 1563 2939 alle Künstler unbedingt loben. Auf das Stück kommen wir noch
1462 2932 1538 2994 kr.
443 2930 663 2996 zu sprechen.
775 3031 1235 3145 Gerichtssaal.
564 3111 1559 3191 (Verbrechen oder Vergehen der Religionsstörung?
1032 3175 1564 3251 Landesgerichtsrath Dr. Böhm
1391 3212 1572 3287 er aus
2235 1002 2586 1125 Telefon 192911.
1962 1114 2852 1208 Unternehmen für Zeitungs-Ausschnitte
2943 1119 3138 1208 Ausschnitt
2905 1192 3113 1304 Nr. 23
2111 1201 2693 1313 „OBSERVER
1708 1282 3131 1401 1. österr. behördl. concess. Bureau für Zeitungsberichte und Personalnachrichten
2006 1360 2829 1469 Wien, IX/ Türkenstrasse 17.
1832 1433 2900 1536 — Filiale in Budapest: „Figyel“, VIII. Josefsring 31a.
2329 1593 2481 1694 te
1713 1621 2150 1712 Ausschnitt aus:
2260 1627 2506 1761 de
2671 1651 2937 1791 een in
2022 1761 2306 1882 von
2549 2050 2937 2136 Sund 12
1788 2100 2934 2192 wild wurde Freitag zum erstenmale im Wiener Carltheater ge¬
1790 2175 2921 2238 geben. Das Stück hatte einen sehr schönen Erfolg. Besonders gefielen
1788 2226 2927 2285 der zweite und dritte Act. Der Autor wurde sechsmal gerufen. —
1783 2254 2939 2340 Die Prager Polizeidirection hat die Aufführung von Sudermanns
1790 2302 2930 2387 „Johannes" im Prager Deutschen Landestheater verboten, weil
1790 2350 2943 2448 der der Bibel entnommene Stoff „Missverständnisse herbeiführen.
1797 2396 2955 2505 einzelne Stellen Aergernis confessioneller Natur erregen könnten
2121 2983 2779 3090 Bezugs-Bedingungen.
1744 3077 2914 3156 Für 50 Zeitungsausschnitte (Artikel oder Notizen fl. 7.50
2962 3093 3115 3159 inclusive
2806 3118 2897 3166 14.—
2989 3143 3097 3180 Porto.
2806 3157 2891 3203 25.—
2973 3171 3104 3212 Zahlbar
2753 3196 2895 3257 „ 55.—
2952 3202 3131 3260 im Voraus.
1823 3173 1912 3257 50
2758 3232 2879 3294 100.-
1765 3248 1912 3322 „ 1000
1866 3251 3170 3349 Im Gegensatze zu anderen Bureaux für Zeitungsausschnitte ist das
1758 3319 3170 3381 Abonnement durch keine bestimmte Zeitdauer begrenzt; auch steht es den
1758 3361 3067 3441 Abonnenten frei die aufgegebenen Themen zu ergänzen oder zu ändern.
