3436 4448
191 191 295 287 8.
183 1439 455 1532 g. Zeitung
171 1501 430 1586 ovember 1896.
174 1569 455 1656 geht den Säbel,
171 1619 450 1681 de Ohren, und
171 1664 455 1729 Lärm, den die
180 1706 453 1768 Ist aber der
169 1751 453 1819 er seinen Zorn
171 1794 455 1855 gegenüber, er
177 1839 450 1892 anthun und
174 1872 444 1937 stens einstecken
171 1914 450 1976 en Leute des
171 1959 441 2027 nheit gerathen
174 2004 441 2063 idiren, haben
186 2052 447 2108 ich an, wenn
180 2083 444 2142 da wirklich in
183 2131 441 2190 mann Sache,
171 2167 439 2235 sidiger mit un¬
177 2212 430 2277 den We¬
166 2255 436 2316 Horn hinunter¬
169 2300 436 2359 an das Bezirks¬
188 2342 441 2404 langwierigen
160 2390 433 2437 In genug endet
171 2429 439 2485 wo der ewige
171 2465 424 2525 betracht kommt
171 2510 436 2569 tage geschaffen.
186 2553 436 2612 seiner Gattin
171 2595 427 2651 Local und
166 2631 430 2702 thiger Lieute¬
225 2676 433 2735 die so zu¬
166 2721 430 2772 den Mann sein
171 2761 464 2845 n, vergnügten
340 186 734 290 Freiwild
894 183 1293 292 box 14/2
503 1085 2758 1265 Abend zu verbringen gedachte, nicht sich durch die Lane Karten über
503 1203 1622 1296 seiner uniformirten Nachbarschaft dem schwersten Conflict
1653 1220 2763 1327 lieutenant mit der Hand ins Gesicht. Mit einem lauten
500 1259 1614 1330 gegenüber. Ist er Einer, der sich schlägt, dann kann er kurz
1659 1290 2758 1366 Schrei fährt der geprügelte Officier nach seiner Linken — der
495 1307 1608 1378 weg fordern, dann hat er aber von seiner Abendunterhaltung
1653 1338 2758 1414 Säbel fehlt, denn man ist auf dem Lande und die Officiere
500 1335 1611 1422 die große Aufregung mit nach Hause genommen und die an¬
1645 1369 2758 1459 gehen mit leichten Spazierstöckchen umher. Mit diesem Auf¬
503 1383 1619 1456 genehme Aussicht, in den nächsten achtundvierzig Stunden
1647 1422 2766 1490 tritt schließt der erste Act. Im zweiten Aufzuge hat Paul
495 1434 1611 1507 mehr oder minder schwer verwundet zu werden. Will er sich
1647 1456 2426 1535 die Secundanten Karmski's abgewiesen
495 1467 1611 1546 nicht duelliren oder kann er das, sei es aus körperlichen oder
2460 1479 2769 1543 — er schlägt
1647 1501 2758 1586 sich nicht. Seine Freunde kommen und bieten ihm ihre
495 1510 1605 1591 principiellen Gründen nicht thun, dann ist ihm sein gemüth¬
1647 1546 2758 1619 Dienste an, er dankt, er braucht diese Dienste nicht, weil er
495 1552 1608 1633 licher Abend erst recht verdorben, denn dann bleibt nichts
1642 1583 2744 1659 keine Lust hat, sich todtschießen zu lassen. Da kommt ein
492 1602 2741 1704 übrig, als die demüthigende Provocation hinzunehmen, wenn Kamerad Karinski's noch einmal. Er will als Mensch mit
498 1642 1608 1718 er nicht riskiren will, sofort zu Boden gesäbelt und mit
1645 1670 2744 1743 Paul reden; als Officier darf er es ja nicht mehr, und er
486 1678 1605 1757 blutendem Schädel davon getragen zu werden. Wenn
1636 1704 2741 1791 bittet den jungen Maler darum, Karinski die verweigerte
489 1720 1602 1794 irgendwo die Klinge eines Officiers aus der Scheide
1633 1754 2744 1833 Genugthuung zu geben, Karinski damit zu retten, denn er
495 1763 1594 1836 fliegt, um einen allzu temperamentvollen Bürger nieder
1633 1802 2738 1869 wäre verloren, wenn dieser Schimpf ungeahndet bliebe. Aber
489 1813 1600 1881 zustrecken — man nennt das ja wohl „züchtigen", — dann
1642 1839 2738 1912 Paul beharrt auf seinem Entschluß. „Er hat sich benommen,
492 1841 1602 1923 fällt die öffentliche Meinung über den Einzelnen her, da man
1636 1881 2738 1954 wie ein Bube, und ich hab' ihn wie einen Buben behandelt,
484 1886 1602 1982 doch gegen das Princip, welches den Säbel dirigirte, kräftige
486 1934 905 1999 Stellung nehmen sollte
1628 1914 2733 2002 damit ist die Sache erledigt." Karinski's Kamerad wird
1633 1965 2741 2038 dringender, aber Paul entgegnet: „Ich kann ihm keine Ehre
557 1959 1597 2047 Das neue Schauspiel von Arthur Schnitzler „Frei¬
1619 2002 2733 2086 nehmen, wie ich ihm keine geben kann." Da schlägt Rohnstedt,
469 1996 1594 2097 wild", welches gestern im „Deutschen Theater" zum ersten¬
1625 2063 2733 2125 andeutungsweise und voll tiefer Scham, einen Ausweg vor.
472 2066 1600 2131 male aufgeführt wurde, behandelt diese Frage mit der nöthigen
1628 2086 2738 2170 Paul solle keinerlei Gefahr laufen bei diesem Duell. Aber
472 2103 1597 2173 künstlerischen Objectivität und dichterischen Lebendigkeit. Ein
1622 2120 2727 2204 das Duell müsse stattfinden. — „Ah, Ihr Kamerad be¬
484 2142 1594 2215 junger Maler, Paul Rönning, sucht nach schwerer Krankheit
1622 2184 2733 2257 gnadigt mich also.“ Die Verhandlungen scheitern, aber
478 2193 1588 2255 Erholung in einem Badeort. An dem kleinen Sommertheater
1625 2218 2727 2286 Paul hat mit seiner Freundin beschlossen, den Ort zu ver¬
484 2227 1588 2302 findet er eine Bekannte aus der Stadt, ein junges, braves
1619 2249 2730 2336 la. Da wird er gewarnt und zur Eile getrieben. Karinski
481 2283 1588 2336 Mädchen, für das er sich interessirt. Die Officiere aber,
1616 2300 2727 2373 werde sich die verweigerte Satisfaction aus Eigenem nehmen.
475 2314 1586 2398 welche hier den Urlaub verbringen, betrachten natürlich
1625 2339 2724 2420 Nun wäre seine Abreise Flucht, und er bleibt, bleibt trotz
478 2353 1583 2429 das Theater als ihr ureigenstes Revier und sind ent¬
1619 2378 2724 2460 der Abmahnungen des Freundes, trotz der Bitten der Prou¬
461 2401 1580 2474 rüstet, daß Fräulein Riedel alle Einladungen zu den
1616 2432 2727 2508 als Freiwild für den beleidigten Officiersgedanken. Im dritten
481 2437 1580 2513 flotten Soupers consequent ablehnt. Anna Riedel sieht
1616 2468 2727 2555 Act geschieht dann, was geschehen muß. Karinski schießt den
478 2482 1580 2553 sich in ihrer Stellung schwer bedroht. Der Director senden
1616 2508 2151 2581 unglücklichen Paul zusammen.
467 2525 1580 2606 ihr die Kündigung, die Colleginnen ziehen sich von ihr
1704 2527 2716 2631 Das Wichtigste und Werthvollste an „Freiwild“ ist, daß
481 2564 1577 2637 zurück. Sie erfährt eben, daß man ein freies Wild wird, für
1608 2578 2721 2671 der Dichter von aller Tendenz fernegeblieben, daß alle Per¬
469 2595 1574 2682 Jedermanns Jagdlust, wenn man zum Theater geht. Der
1614 2634 2724 2716 sonen in seinem Stücke Recht behalten. Paul Rönning behält
464 2654 1588 2735 Oberlieutenant Karinski stellt ihr am meisten nach. Er wittert
1616 2676 2716 2761 Recht und auch Karinski, der aus seinen militärischen Be¬
461 2696 1571 2786 in Paul den Nebenbuhler und provocirt ihm am Kaffee¬
467 2730 641 2786 haustisch.
1622 2724 2718 2797 griffen heraus gar nicht anders handeln kann. Er ist die
1608 2763 2718 2837 lebendigste Figur in dem Stücke. Diesen Typus des ver¬
540 2763 2716 2904 Paul aber schlägt bei dem ersten unfläthigen Wort, das lumpten, durch die Misere elender Garnisonnester zu allen
