3436 4320
173 192 316 294 8.
874 192 1288 301 box 14/4
339 185 678 305 Freiwil
343 245 463 313 .
309 1284 1454 1378 allen Dichtungen Lessings haben die Wirklichkeit und die
1567 1281 2625 1382 Seine Gesinnung erfüllt den Helden Manas.
2667 1292 3329 1401 Armut hinweg, bis sich zwei
309 1352 2633 1435 Bücherwelt sich vereinigt, um seine Kraft zu erhöhen. Tellheim, der die „Dienste für die Großen gefährlich hält
2655 1375 3292 1439 Rönning, der eine, meint es
313 1409 1461 1465 Diesmal sollte ihm noch ein dritter Faktor zugute
1488 1427 2633 1491 und nicht des Zwanges, der Mühe und der Erniedrigung
2663 1427 3337 1506 andere, ein von allen Offiziersla
320 1458 1439 1522 kommen: seine politische Ueberzeugung. König Friedrich
1491 1473 2618 1529 wert, die sie kosten; der „für die Mächtigen aus Neigun¬
2670 1465 3311 1559 Don Juan, sucht nur flüchtige
309 1510 1446 1567 zu dessen Kämpfen gegen eine gewaltige Ueber
1484 1510 2636 1574 wenig, aus Pflicht nicht viel mehr, sondern alles nur der
2655 1514 3322 1608 bei ihr. Die beiden Rivalen ge¬
309 1559 1454 1616 macht Deutschland, Europa, ja die Welt bewundernd
1484 1559 2629 1623 eigenen Ehre wegen tut, der die Gnade verabscheut und
2655 1567 3277 1642 Rönning ohrfeigt den Offizier,
309 1604 1446 1661 emporgeschaut, hatte der deutschen Literatur einen Helden
1488 1616 2625 1665 nur die Gerechtigkeit seines Königs will. Er wurde
2663 1604 3329 1699 militärischen Uebergewichtes An¬
313 1650 1458 1714 gegeben, auch seine Vorliebe für Frankreich vermochte
1488 1653 2621 1721 Soldat für irgend welche politische Grundsätze, und aus
2663 1661 3311 1736 da der modern fühlende Zivilist
309 1691 1107 1755 ihren Enthusiasmus nicht zu schwächen.
1480 1702 2629 1763 der Grille, daß es jedem tüchtigen Manne qui tue, eine
2667 1699 3333 1793 schießt ihn Karinski über den Ha¬
1488 1755 2625 1812 Zeit sich in diesem Stande zu versuchen; er vermag den
2659 1763 3277 1834 lobter sind ihm — „Freiwild.
395 1725 1450 1838 Lessing folgte dem Ruhmessern des preußischen König¬
1480 1804 2621 1861 Mohren von Venedig nicht zu begreifen, der seinen Arm
309 1804 1446 1872 als dessen freiwilliger Anhänger. „Friedrich," pflegte er zu
2731 1804 3284 1891 Diesen Vorgang, der sich
1480 1845 2618 1902 und sein Blut einem fremden Staate vermietet hat," und
320 1857 1446 1913 sagen, „ist ein Monarch, den die Natur zum Philosopher
2659 1849 3314 1921 zutrug, hielt man in Wien auf
1488 1891 2618 1958 seinen Wachtmeister, vermahnt er mit strengem Ernst:
305 1906 459 1958 machte
482 1906 1450 1951 weil sie ihn zum Urbilde der Könige erheben
2651 1902 3329 1966 unstatthaft. „Freiwild“ wurde nich
1503 1940 2618 2019 laß mich nicht von dir glauben, daß du nicht sowohl
309 1943 1454 2004 wollte.“ Aber der kritische Lessing, in dem die Erkenntnis
2651 1962 3329 2022 aber so oft es dargestellt werden
1480 1981 2614 2045 das Metter als die wilde liederliche Lebensart liebst, die
437 1989 847 2060 fremde Schwächen
889 2000 1450 2071 niemals zu unterdrücken
2651 2000 3337 2060 einflußreiche Macht rege, um Wie¬
1484 2030 2621 2087 unglücklicherweise damit verbunden ist. Man muß Soldat
301 1951 418 2102 .
448 2045 1348 2105 fühlte doch schon, wie seine Verehrung
2659 2053 3333 2105 zu unterdrücken. Und doch verläß
1495 2079 2625 2139 sein für sein Land oder aus Liebe zu der Sache, für die
433 2087 1341 2169 großen Monarchen langsam zu erkalten
309 2090 399 2147 den
2655 2094 3333 2162 Exposition sich abgespielt, die auf
305 2132 1450 2203 gann. „Gott hat keinen Wir, und auch die Könige sollen
1488 2139 3329 2211 gefochten wird; ohne Absicht heute hier, morgen da antimilitärische Tendenz, um sich
1480 2169 2625 2248 dienen, heißt wie ein Fleischerknecht reisen — weiter
309 2184 1442 2237 keinen haben, schreibt er aus Breslau einem seiner Be¬
2651 2192 3329 2275 Proteste gegen das Duell zu e
1480 2222 1638 2290 nichts
309 2226 1446 2279 liner Freunde, „denn hat ein König Witz, wer steht ihn
2651 2233 3288 2297 Für und Wider in der Frage,
1574 2237 2625 2328 Lenz, der wie Lessing den Verkehr mit Offizieren
324 2275 1442 2331 für die Gefahr, daß er einen ungerechten und unpassender
2648 2279 3322 2346 zum Ausdrucke; selbst der Held
313 2294 1951 2380 Ausspruch tut, bloß weil er dabei einen witzigen Einfall liebte, verschärfte in
2000 2312 2621 2377 seinen „Soldaten die revo¬
2644 2331 3307 2403 will, spricht sich im letzten Akte
1473 2365 2618 2425 lutionären Pointen Tellheims. Das tai auch der
309 2369 1442 2429 haben kann?" Und „lassen Sie es," ruft er ein anderes
2651 2373 3318 2437 Logik des Stückes in einen dem
305 2414 1450 2471 mal, „einem in Berlin beikommen, gegen den vornehmen
1473 2410 2618 2474 Major v. Walter in dem Jugenddrama Schillers
2644 2429 3337 2497 verwandten Mut. Wie erklärt man
309 2463 1454 2520 Hofpöbel aufzutreten oder für die Rechte der Untertanen
1488 2467 2618 2523 „Ihrer Degen gab Ihnen der Fürst." ruft Ladt
2651 2474 3326 2542 die dieses wirkungsvolle Stück ge
309 2501 3333 2584 und gegen ihre Ausbeutung seine Stimme zu er¬ Milfort. „Nur der Staat!" erwidert Ferdinand, der wirklich die barbarische Unsitte de
309 2554 1454 2610 heben, wie dies jetzt in Frankreich und Dänemark ge¬
1484 2557 3329 2648 wie Posa kein Fürstendiener sein will. Von dem Geiste teilte Besteht nicht eine Liga ge¬
313 2602 444 2670 schieht
471 2595 1446 2659 — Sie werden bald die Erfahrung haben, welche
1480 2602 2629 2667 dieses scharf geprägten Schillerschen Wortes ist es gar
2644 2618 3337 2678 auch die Zustimmung der reg¬
309 2648 1454 2708 Land bis auf den heutigen Tag das sklavischeste in Europa
1480 2655 3329 2723 nicht weit zu dem, welcher den Gefreiten der „Weber erhaben nicht die verschiedensten
305 2693 1450 2746 ist." Inmitten der Sammlung, die ihm für „Minna
1491 2697 2610 2757 füllt, der zu meutern beginnt, wenn der Staat aufhört
2644 2708 3326 2768 als einen Brauch verurteilt, der
309 2742 407 2795 von
459 2742 1454 2795 Barnhelm" nötig ist, wird seine Anteil¬
1495 2749 2610 2802 seiner Aufgabe gerecht zu werden, und er klingt and
2644 2761 3341 2817 nissen, aber nicht einer vorgeschritt¬
301 2783 1454 2847 nahme für die weltlichen Zustände immer reger. Nicht
1484 2791 2618 2874 aus den Zornesausbrüchen des „Zapfenstreiches", in
2734 2806 3333 2870 Und den Autor, der die glei¬
305 2828 1454 2889 nur auf ästhetischem, auch auf politischem Gebiete tritt er
1480 2836 2625 2904 denen die moderne Gesinnung sich wider die Lands¬
2651 2844 3307 2915 Theater drastisch verkörpert, ließ
298 2877 1446 2938 in schärfsten Gegensatz zu Gottsched. „Da die Notdurft des
1476 2889 2448 2972 knechtsprinzipien des Mittelalters zur Wehr setzt,
2651 2892 3333 2953 Jahre warten, ehe seinem Stücke
309 2926 1454 2983 ganzen Staates niemandem so bekannt sein kann wie dem
1574 2915 3333 3024 Zu der Gruppe der Soldatenstücke gehört auch das dramatischen Dichtern Oesterreichs
298 2972 1442 3028 Regenten, so muß man es ihm überlassen, zu beurteilen
1491 2968 2610 3066 „Freiwild von Schnitzler. Sein Titel bezeichnet die junger
2644 2990 3344 3066 Tat herzlich schwer. Jene von ihnen
305 3021 1439 3073 wie viel jeder Bürger an Steuern geben kann, behauptet
1488 3028 2493 3103 Schauspielerinnen einer kleinen Künstlergesellschaft.
2648 3047 3341 3107 gehören, gewinnen die Bühne alle
309 3069 1454 3126 der Leipziger Pedant. Lessing wirft in Breslau eine Ab¬
1480 3069 2535 3134 ihrer Mitte tut die Naive Anna Riedl jene Wunder
2644 3096 3337 3160 keit; aber gerade ihre Besten we
305 3118 1450 3175 handlung über die deutsche Freiheit zu Papier, in der er
1480 3122 2625 3182 zeitweilig hinter den Coulissen auftauchen; sie erhält sich
2648 3134 3329 3216 behandelt, das brutalen Regungen
313 3160 1446 3239 den Standpunkt der kühnsten Freiheitskämpfer kommenden
1473 3179 2614 3247 durch den Enthusiasmus für ihre Kunst die Reinhei¬
2727 3182 3348 3254 Selbst die Ehrenzeichen der Li¬
305 3201 667 3277 Zeiten einnimmt.
1469 3205 3333 3318 ihres Wesens; so schreitet sie über Beschränkung und zur Verteilung gelangen, fallen in
