3484 4192
163 190 261 277 8.
339 183 689 266 Freiwild
862 183 1268 285 box 14/4
166 1526 1405 1604 heinwerfer derung — (trotz berechtigten Einwandes das Beste
170 1574 1401 1654 dann seine an dem Stücke) — ausgefüllt ist. In dieser Akt¬
170 1637 1403 1711 ohne setzt: Schlußszene zeigt sich Schnitzlers Bühnenmeister¬
173 1673 1410 1754 men zu erschaft. Wie sich der Konflikt zwischen dem Offizier
170 1727 1412 1801 Sensations= und dem Maler leise entwickelt und natürlich
173 1782 1405 1853 pelte Gage steigert, das beklemmt fast den Atem. Die rohe Be¬
170 1813 1410 1896 Mittelpunkte schimpfung der Dame und der Schlag ins Gesicht
431 1870 1408 1962 — das kommt, hastig und doch solid aufgebaut, als
170 1894 388 1955 efflich sind
170 1932 1040 1998 reien der Lösung nach größter Spannung.
479 1967 1415 2047 Der Offizier hatte keine Waffe bei sich. Er
164 1990 389 2059 den Roma¬
178 2026 1422 2102 Opfer un konnte den Züchtiger nicht niedermachen. Und der
413 2059 1413 2133 Maler lehnt die Forderung zum Zweikampfe ab.
161 2092 310 2150 alles
161 2121 1420 2192 sönlich mit Er lehnt sie ab, weil er nicht sein Leben für einen
419 2159 1422 2237 fremden Bubenstreich aufs Spiel setzen will. Nun
170 2185 389 2251 t das Ver¬
166 2209 1419 2285 hen Welten, wird aus dem „Freiwild“ eines der vielen über¬
424 2265 1415 2337 flüssigen Duell-Dramen, — überflüssig deshalb,
171 2282 396 2348 eilen Witz¬
170 2310 1424 2393 es aus. Er weil weder Dichter noch Philosophen in der Duell¬
422 2353 1424 2431 frage eine allgemein giltige Entscheidung treffen
166 2379 394 2441 m nicht ge¬
175 2417 1420 2493 ist, zwischen können. Es ist in den Augen vorurteilsfreier Men¬
175 2458 1424 2533 und daß es schen eine ganz persönliche, individuelle Angelegen¬
431 2503 1384 2583 heit, wie sich der Einzelne in der Duellfrage stellt
175 2524 400 2593 schmiere sein
164 2553 1432 2640 fähr: „Jetzt vorausgesetzt natürlich, daß die Duellgegnerschaft
175 2598 1432 2675 on anständig nicht auf Feigheit beruht. Paul Rönning ist nicht
436 2645 1434 2723 feig. Er behauptet sogar viel Mut, indem er sich
164 2671 401 2733 meinte et
330 2695 1429 2780 und über das Urteil der Mitmenschen seiner Klasse hin¬
166 2725 261 2785 licht,
166 2744 1432 2823 tete ihn nur wegsetzt. Aber der Dichter hielt es für notwendig,
151 2799 1445 2867 nicht so, denn diesem Mut noch eine besondere Beglaubigung zu
431 2853 1439 2912 geben. Weshalb Fand er in sich nicht die ruhige
140 2889 1438 2965 Wild, diese Sicherheit des Überzeugten? Paul Rönning und
168 2932 1434 3015 gehetzt von Anna Riedel werden durch den Drang der Ereig¬
154 3003 1445 3064 ein Recht zu nisse zusammengeführt. Jetzt erst erkennen sie, ge¬
441 3033 1445 3111 stehen sie ihre Liebe. Und jetzt erst, da er nicht mehr
173 3060 410 3124 das Theater
182 3088 1448 3162 eine Über für sich allein zu sorgen hat, jetzt, da ihm das
441 3135 1446 3207 Leben lieblich schimmert, jetzt unterliegt Paul dem
183 3154 413 3220 verkaufen.
173 3185 1441 3258 auf die Spitze Urteile der fremden Menschen, dem Wunsche,
175 3226 1450 3309 rie=Oberleut seinem Mute Geltung zu verschaffen. Früher, ehe
185 3280 1448 3361 werden zu er Anna gebunden hatte, lehnte er das Duell ab;
455 3334 1455 3405 jetzt, da ihm bekannt wird, daß der rasende
175 3349 424 3415 letzten Szene
175 3379 1465 3481 Milieu-Schil=Karinski, dessen Existenz die Duellverweigerung
1938 1453 3330 1533 vernichtete, ihm auflauert, um ihn zu töten, — jetzt freiung endlich ein¬
1946 1498 3330 1574 will Paul nicht für feige gehalten sein, jetzt ver¬ günstig war das A
1951 1559 3332 1626 zögert er die Abreise mit Anna und wird denn auch Berliner Deutscher
1948 1592 3341 1675 von dem Gegner ermordet —. Die Schießwaffe Jahre 1896 auffi¬
1946 1645 3334 1733 des Gegners, des „Buben", dem er nur sein Recht strophe auf eine
1955 1692 3330 1775 zuerteilt hatte, mußte dem Maler in dem einen Hintergrunde füh¬
1951 1740 3325 1822 Falle ebensowenig verpflichtend sein, wie in dem Stufe, trat Karin
1951 1797 3327 1860 anderen. Die „Niederträchtige Komödie vom wurde die Entwick
2984 1837 3329 1915 äußerlich unwahr
1951 1841 2948 1917 Mannesmut", wie er sich ausdrückt, wurde gewiß
1957 1886 3332 1972 nicht besser dadurch, daß er sich sinnlos als Opfer an die erste Kul
3181 1938 3335 2003 ich wei¬
2984 1932 3116 2003 Strich
1964 1948 2950 2019 hingibt, und ein anderes Motiv ist für sein Ver
1960 1986 3330 2054 herren Orte nicht zu finden, als es für den der Zensur oder
2284 2041 3325 2100 den gewesen wäre: das Urteil der nach Abhilfe. Das
1974 2055 2249 2119 Zweikampf
1964 2083 3330 2168 Leute. Diesem Urteile der Fremden gibt er nun aufgebaut, den
2993 2126 3339 2197 spricht. Und hier
1962 2131 2957 2206 aber auch seine Liebe und das Schicksal seines Mäd¬
2991 2183 3329 2246 strichen, aus „ing
1964 2192 2962 2256 chens preis. Das ist der logische „Knacks“ des
1972 2225 3334 2301 Dramas. Wäre au Rönning ein weniger beson¬ „se eine vom The¬
1964 2271 3330 2346 nener Mann, so könnte ja gerade seine Inkonse- wie sage ich's h
1976 2316 3342 2403 quenz ein Charakteristikum und ein tragisches Ele¬ Einige Proben
1969 2375 3330 2444 ment seint. So steht jedoch die Sache nicht. Der gutem Auge gel
1979 2434 3329 2498 Dichter selbst bekennt sich zu dem Mute, der das kommen. An der
2991 2469 3337 2536 das plötzliche Un
1977 2484 2906 2560 Duell verweigert und die Ermordung duldet
2050 2514 3334 2598 Der ethische Gewinn des Schauspieles ist meines unschuldige Schul¬
3000 2564 3341 2633 Schauspieler nich
1979 2583 2965 2643 Erachtens gering. Seine dichterischen Werte reicher
1976 2624 3335 2701 an die der „Liebelei" nicht hinan, obwohl die Liebes¬ szene extemporier
3062 2662 3337 2728 Herr Wirt¬
1988 2671 2983 2744 szene des zweiten Aktes manche zarte psychische
1984 2711 3334 2785 Schattierung hat. Aber ein packendes Theaterstück einen warmen, fo¬
1984 2765 3325 2846 ist Freiwild" in der fliegenden Flucht seiner sicher er Doktrinen zu
3005 2803 3325 2875 Gerhard gab
1984 2832 2979 2896 ausgearbeiteten Szenen und im guten Glücke seiner
3000 2856 3339 2929 ist die Gestalt
1984 2879 2382 2939 Milieu-Schilderung.
3005 2903 3325 2972 Sauers (Berlin)
2057 2896 2924 2983 Der Erfolg war denn auch ein recht kräftiger
1988 2953 3327 3031 und die Darstellung eine sehr gute. Die ich fest, daß ich i
1986 3000 3318 3086 Regie (Herr Emil Reiter) hatte die Rollen gabten jungen
1996 3060 3337 3131 zweckmäßig besetzt. Nach dem alten Rollenkasten, dergefunde
3014 3095 3339 3164 Zug, das fahr
2003 3111 2979 3178 standpunkte wäre vielleicht gegen diese glückliche in
1996 3143 3339 3226 dividuelle Verwertung der Kräfte mancher Einwand Menschen, der so
1996 3197 3337 3278 erhoben worden. An der Beseitigung jenes theatra¬ brüchigen hat un
1993 3244 3337 3315 lischen Erbübels arbeiteten die führenden Geister nierte. Nur der
2003 3308 3341 3410 der deutschen Bühnen jahrzehntelang, bis die Beanschlug, wäre
