3436 4224
155 148 244 234 8.
315 152 612 226 Freiwi
851 143 1262 243 box 14/2
711 944 1821 1016 annehmbarkeit derselben ergeben, weil andernfalls dem Staat
707 995 1842 1065 zu große Lasten zufallen und die Sicherheitspflege dabei leiden
1250 1099 1592 1205 Feuilleton
953 1108 1211 1212 Kleines
797 1178 1823 1266 Deutsches Theater. Dienstag, den 3. November, zum
1266 1256 1830 1334 Schauspiel in drei Aufzügen
714 1269 1235 1336 ersten Mal: „Freiwild".
711 1305 1263 1365 von Arthur Schnitzler.
800 1320 1828 1413 Es war heute gerade so wie im vergangenen Theater¬
716 1393 1832 1466 jahr, als Herr Schnitzler mit seinem Dreialter „Liebelei" zum
718 1424 1833 1493 ersten Mal auf der Bühne erschien. Draußen in der Schumann¬
727 1465 1832 1544 straße ein Wagen nach dem anderen und drinnen im Kunst¬
727 1513 1829 1590 tempel das eleganteste Publikum, kein Plätzchen leer, als ob
721 1552 1826 1622 alle Freunde des — wie in einer Zeitung gerühmt wurde —
721 1598 1837 1677 „so gastfreien Hauses Schnitzler" nicht blos aus Wien
723 1650 1835 1722 und Berlin, sondern auch von ein paar Zwischen¬
732 1685 1836 1758 stationen gekommen wären. Es war, wie gesagt,
732 1734 1840 1798 dieselbe Szenerie wie bei der Premiere von „Liebelei" und
730 1782 1835 1839 auch Herr Schnitzler ist derselbe Schnitzler geblieben. Nur
735 1813 1837 1881 hat er diesmal einen Stoff gewählt, der in dieser oberfläch¬
728 1860 1836 1932 lichen, eigentlich gar nicht ernst zu nehmenden Behandlungs¬
728 1900 1837 1969 weise so brutal wirkte, daß sich schon dem zweiten Akt
737 1945 1842 2021 Zischlaute in den Beifall mengten, un dritten Akt aber
732 1988 1840 2066 Einzelne mit nicht wiederzugebenden Ausdrücken den
747 2041 1845 2101 Zuschauerraum verließen, während andere am Schlusse den
738 2072 1840 2139 Applaussalven der Klaque und der naturalistischen Geiß¬
741 2113 1843 2217 sporne, die Herrn Schnitzler zur Partei zählen, energisch
738 2178 957 2245 opponirten.
819 2199 1856 2262 Eine kurze Analyse des Stückes wird genügen, um dem
739 2245 1854 2324 unbeeinflußten Leser zu sagen, was dieser große Dichter der
744 2290 1852 2357 Menschheit in seinem neuen Werke enthüllt hat. Erster
741 2338 1856 2398 Akt: Park in einem Kurorte. Offiziere, die von
744 2372 1852 2437 Schulden und Weiber reden und dazwischen Kognak,
747 2433 1854 2489 Allasch und andere schöne Flüssigkeiten trinken. Dazu die
747 2463 1861 2532 Dämchen des Sommertheaters, der Theaterdirektor, der Kassier,
751 2519 1863 2573 der Kohn heißt (was doch gewiß komisch ist), und anderes
744 2552 1859 2615 mehr. Am Schlusse des Aktes wettet der Herr Oberlieutenant
741 2604 1857 2664 Karinski, die Schauspielerin Riedel werde eine Einladung
754 2648 1861 2711 zum Souper annehmen. Frl. Riedel nimmt jedoch nicht an
754 2680 1863 2749 und Herr Paul Rönnig, der am Nebentischchen sitzt, lächelt.
751 2721 1859 2797 In Folge dessen wird der Oberlieutenant ausfällig
751 2763 1859 2828 und nachdem er über das Mädchen noch eine spitze Bemer¬
747 2820 1864 2876 kung gemacht hat, haut ihm Herr Paul Rönnig eine Ohrfeige
756 2852 1864 2924 herunter. „Das Stück wird ein Schlager!“ rief begeistert
751 2894 1873 2964 ein Herr in meiner Nähe und dann klatschte er wüthend darauf
754 2937 1864 3007 los. Zweiter Akt. Zimmer bei Paul Rönnig. Oberlieute¬
754 2975 1868 3044 nant Karinskis Forderung hat Rönnig abgelehnt, weil nach
761 3027 1870 3106 seiner Ansicht die Sache erledigt ist. Karinski hat eine Büberei
756 3069 1866 3133 verübt und er, Rönnig, hat diese Büberei bestraft. Punktum
759 3113 1876 3215 Auch auf das Zureden seiner Freunde hin bleibt Rönnig stark.
596 3229 1664 3386 ne
2738 830 2974 913 .
1905 867 2051 965 zichtet."
1953 910 2894 994 Aehnliche Mittheilungen sind auch uns zugegangen.
1887 974 2989 1037 soll z. B. einer der beiden Postgehilfen, die den Vorgang
1876 1053 2990 1112 und als ihm einer derselben deutlich zu erkennen giebt, daß
1884 1094 2989 1159 er mit einem „Feigling" in Zukunft nicht mehr verkehren
1878 1143 2993 1198 kann, lächelt er nur. Dann kommt Fräulein Riedel, gegen
1874 1184 2995 1242 die sich die Welt (oder vielmehr die Theaterwelt in ähnlicher
1890 1221 2992 1287 Weise gewendet hat, wie jetzt gegen Rönnig, und obwohl sie
1885 1263 2985 1341 seiner Werbung entgegnet: „Ich lieb Sie ja nicht
1884 1300 2996 1380 wird sie endlich doch seine Braut. Der Akt schließt
1884 1349 2995 1425 mit einem Versuch des Oberlieutenants Rohnstedt,
1884 1387 2996 1463 Rönnig nochmals zum Duell zu bewegen. Er hält
1884 1434 2996 1502 ihm vor, daß Karinski quittiren muß, wenn dieses
1894 1472 3003 1545 Duell nicht stattfindet, daß er dann ruinirt ist, und bittet ihn,
1887 1524 3002 1592 doch die Forderung anzunehmen. Es wird dafür gesorgt
1890 1562 2992 1631 werden, daß ihm dabei nichts passiren kann. (!!!) Die Ant¬
1887 1614 2999 1674 wort ist auch jetzt „Nein" und Rohnstedt geht mit einer
1900 1653 3003 1719 Wartung, die Rönnig bewegt, die geplante Abreise aufzu¬
1897 1689 2999 1768 geben. Er will bleiben, er fürchtet sich nicht. Der dritte
1897 1739 3000 1812 Akt wird zum größten Theile durch Geplauder der Herren und
1902 1778 3009 1853 Damen des Sommertheaters gefüllt. Unter Anderem räth
1902 1823 3006 1891 der Director seinem Regisseur, die Choristen zu entlassen und
1894 1868 2999 1940 nur Chornen zu verwenden, sowie dafür zu sorgen, daß
1894 1922 3009 1987 die schönsten Bein immer nach vorn kommen. Nachdem er
1900 1950 3003 2032 ihm noch empfohlen hat, sich besagte Beine aufzuschreiben,
1898 1994 3007 2075 wenn er sichs nicht merken kann (der Herr in meiner Nähe,
1905 2041 3005 2111 für den das Stück einen Schlager bedeutet, ruft „Bravo!"),
1898 2082 3006 2159 tritt Herr König mit Fräulein Riedel auf. Nochmalige War¬
1902 2128 3013 2199 nung eines Freundes, Bitten der Braut. Aber Rönnig bleibt fest.
1902 2179 3013 2234 Und nun erscheint Oberlieutenant Karinski. „Ich frage Sie
1900 2210 2986 2279 noch einmal, ob Sie mir Genugthuung geben wollen?"
1908 2254 3009 2329 „Gehen Sie mir aus dem Weg!" erwidert Rönnig. Paff —
1905 2293 3013 2369 da liegt er. Der Offizier hat einen Revolver gezogen und
1901 2355 2501 2422 das „Freiwild niedergeschossen.
1981 2364 3014 2461 Der Leser dürfte sich nach dieser Inhaltsangabe
1908 2432 3020 2498 wohl selbst sagen, daß hier ein krasser Stoff, mit dem
1911 2475 3013 2557 auf die Leidenschaften des Tages spekulirt wird, in
1911 2522 3012 2588 wenig künstlerischer Weise verarbeitet wurde. „Freiwild
1911 2568 3014 2631 ist kein Drama, sondern eine Nebeneinanderstellung
1921 2604 3021 2688 zweier Szenen, denen eine gewisse rohe Theater¬
1914 2655 3023 2719 wirkung nicht abzusprechen ist: erst die Ohrfeige, dann
2371 2691 3031 2753 Und um diese zwei Szenen
1921 2711 2330 2775 das Niederschießen.
1916 2735 3029 2807 herum ist allerlei überflüssiges, auf das feinere Empfinden
1924 2776 3026 2873 theilweise peinlich wirkendes Geplauder angebracht, damit
1921 2838 2471 2910 eben ein Stück daraus wurde.
2001 2848 3030 2938 Ich empfehle Herrn Direktor Brahm als nächste Novität
1926 2911 3029 2983 für das Deutsche Theater: „Die Ermordung des Justizraths
1924 2965 3034 3023 Levy." Erster Akt: „Die That in der Mohrenstraße. Zweiter
1925 3002 3034 3071 Akt; „Gefangennahme des Mörders Werner durch den Gen¬
1926 3037 3034 3122 darmen". Dritter Akt: „Werner im Zuchthaus oder, was vielleicht
1919 3096 3043 3177 noch wirksamer: „Hinrichtung". Da auch diese drei Szenen
3036 820 3318 902 Horne i
3038 888 3318 930 und seiner uner
3043 924 3323 981 haftesten Symp.
3040 964 3322 1012 aufrichtig betra¬
3040 1044 3336 1101 kein Stück geben
3040 1082 3325 1140 über die Krimir
3040 1125 3326 1184 dritten Akt dür¬
3117 1171 3314 1224 Von den
3045 1191 3335 1274 Nissen, Fisch¬
3040 1255 3342 1314 Birinsfeldt,
3045 1298 3336 1356 lobend hervor¬
3054 1339 3326 1401 lichste, um
3051 1380 3338 1442 gestalten, aber
3045 1423 3315 1476 Herrn Ritter,
3045 1469 3326 1528 österreichischen
3054 1509 3328 1575 meinten, daß es
3045 1559 3199 1624 werden.
3122 1617 3335 1715 an
3051 1681 3332 1760 die Sängerinne
3051 1737 3325 1791 Scheresche¬
3064 1775 3331 1826 Den Damen,
3064 1811 3339 1867 Klinwoh=Sch
3064 1849 3329 1905 wohlwollenden
3064 1890 3338 1946 bereitet. Eine
3060 1929 3332 1980 dient, wenn ab
3057 1966 3335 2021 kassa wird
3064 2004 3339 2056 und giebt den
3054 2043 3309 2097 Leitun, A.
3064 2083 3342 2141 schülerinnen,
3067 2121 3277 2171 vorderhand
3072 2156 3332 2211 Vollendung is
3064 2193 3339 2254 rastlos weiter
3069 2235 3301 2288 Die größere
3064 2271 3309 2329 Künstlerthum
3072 2312 3318 2367 ständniß und
3069 2334 3345 2398 und völltönen
3078 2388 3325 2439 Frl. Dirne
3075 2422 3325 2478 Accenten nach
3074 2465 3339 2519 leichte, anmuth
3084 2504 3352 2560 zum Tremulire
3075 2537 3350 2592 kämpfen. Da
3075 2577 3326 2632 durch diesen
3084 2615 3331 2673 folgenden „D
3081 2655 3342 2707 Veilchen" von
3084 2695 3345 2748 Tongebung ka
3088 2728 3350 2786 zu schöner Ge¬
3088 2765 3353 2835 scheint umgekeh=
3084 2810 3309 2859 im Traum
3081 2846 3338 2903 klang sogar
3081 2885 3342 2937 auch hier, trot
3089 2923 3352 2978 In dem leichte
3091 2962 3346 3013 mann machte
3093 3002 3333 3058 Schwierigkeit
3089 3037 3355 3092 ausströmte, kl.
3095 3079 3338 3153 gelang Ander
