3436 4448
124 212 217 295 8.
268 207 657 312 Freiwild
816 209 1232 314 box 14/2
404 760 504 843 264
947 767 1836 879 aus. Das Land un vom 19.
409 864 1371 950 dramatischen Neuheiten, aber die man ernst¬
1403 879 2352 969 So wenig, und man hat sie schon blossgestellt
409 945 1368 1003 haft in einer allgemeinen Revue reden kann.
1410 950 2362 1013 indem man sie der Öffentlichkeit preisgiebt.
409 991 1359 1059 Die Jungen sind auf der Bühne merkwürdig
1410 1003 2357 1067 Besonders, wo es sich um Frauenehre handelt,
402 1035 1366 1103 schweigsam geworden. Die beachtens
1410 1059 2362 1123 die unrettbar verloren ist, wenn sie durch
402 1088 1361 1149 Leistung war noch die einaktige Komödie von
1407 1103 2355 1161 richterliche Untersuchungen vor den Augen
409 1142 1356 1198 Otto Erich Hartleben „Die sittliche Forderung
1407 1154 2357 1208 der Welt festgestellt werden soll. Das Duell
402 1188 1366 1252 ein kleines Meisterstück realistischer Behand¬
1407 1193 2345 1271 von dieser Seite behandelt, könnte dem Gegen
402 1227 1373 1293 lang des Dialogs, ausgezeichnet im Aufbau.
1398 1239 2352 1303 stande noch neue Zug abgewinnen, vor allem
402 1278 1361 1342 Das erfreulichste aber an dieser Arbeit ist
1403 1291 2350 1366 aber ihn vermenschlichen oder menschlich
402 1327 1354 1390 die moralische Freiheit des Dichters, der noch
1403 1349 2350 1410 motivieren. Schnitzlers Werk ist ein Thesen¬
404 1378 1366 1449 lachen kann, wo andere an Gewissensbissen
1403 1398 2350 1459 und Prinzipienstück; das beste in ihm sind
404 1439 1364 1495 ersticken oder vor lauter Moral unkünstlerisch
1395 1439 2352 1510 noch die komischen Scenen zwischen den
402 1483 1364 1546 werden. Hartleben ist unser bester, vielleicht
1398 1490 2352 1551 Schauspielern, wiewohl auch ihre Komik darin
402 1522 2352 1610 unser einziger Komiker auf der Bühne, der besteht, dass feuilletonartige Redensarten und
402 1588 1359 1653 durch eine ganz kleine Verschiebung gesell¬
1400 1585 2345 1648 Übertreibungen einfach auf die Bühne über
394 1624 1361 1690 schaftlicher Verhältnisse, durch eine gewisse
1398 1636 2350 1709 tragen werden. Das ist die Dramatik Lindau's
402 1680 1351 1736 Abrundung phikströser Phrasen oder durch
1403 1692 2347 1751 und seiner Schule, die dadurch nicht über¬
392 1729 1354 1795 die burschikosen Dekolletierungen die dras¬
1398 1731 2345 1792 wunden worden ist, dass sie von den Modernen
390 1775 1364 1829 tischsten Situationen, die prachtvollsten We¬
1403 1780 2345 1860 in anderer Form wieder aufgenommen wurde.
397 1819 1349 1887 dungen herausbringt und mit einer Bühnen¬
1466 1836 2352 1904 Den Ursprung aus dem Feuilleton, oder
397 1870 1349 1943 gewandtheit, dass fast jeder Satz, jede Pointe
1400 1868 2345 1958 Familienblatt-Roman verrat auch das neue
394 1926 2352 1997 zu ihrer dramatischen Wirkung kommt. Von Salinenwerk der Adelheid Weber, „Mutter¬
394 1972 1351 2053 den jüngeren ist er jedenfalls der einzige,
1393 1980 2342 2038 rechte", das den Kampf zweier Frauen, der
402 2019 1045 2079 der Theaterblut im Leibe hat.
1398 2031 2345 2092 naturlichen und der Pflegemutter zum Gegen¬
470 2038 1349 2135 Von Neueren scheint Arthur Schnitzler
1395 2075 2345 2135 stale hat. Die Verfasserin ist nicht ohne
390 2082 1354 2189 der einzige zu sein, der die Bühne für die
1400 2126 2345 2204 Talent und kennt auch das Publikum, das
390 2157 1349 2226 nächste Zeit erobert zu haben scheint. Dieser
1395 2174 2342 2233 Blätter wie „Die Gartenlaube liest. Der
394 2211 1347 2274 junge Wiener fing mit reizenden kleinen
1395 2226 2342 2284 Gegensatz zwischen den beiden Frauennaturen
390 2272 1354 2330 Plaudereien an, die freilich schliesslich alle
1383 2269 2340 2352 ist hübsch gedacht, aber die Handlung ist
390 2321 1349 2372 auf dasselbe hinauskamen und für ein Erst¬
1383 2340 2340 2389 romanhaft zurechtgelegt, dramatisch nur, so¬
390 2357 1349 2418 lingswerk von verblüffender Technik waren.
1386 2381 2345 2435 fern es das Genrehafte pflegt, das leicht auf
392 2411 1347 2467 Das machte mich freilich misstrauisch, wer
1395 2423 2350 2481 der Bühne wirkt und überraschende Wen¬
385 2459 1351 2528 so reif anfängt, hat selten eine litterarische
1393 2474 2342 2532 dungen, welche packen, sind auf Kosten der
390 2506 1344 2579 Zukunft. Auch haben mich seine Bühnen¬
1400 2520 2340 2593 Wahrheit aufgebracht. Sehr leichtsinnig ist
390 2562 1344 2622 erfolge „Liebelei“ und „Freiwild nicht zu
1386 2557 2340 2637 hier, wie so oft in Frauenwerken, der Fall
387 2605 1349 2678 vertrauensselig gemacht. Es ist die Kunst
1388 2630 2340 2686 eines jungen Mädchens behandelt; nur kann
385 2654 1339 2717 und die Technik der einaktigen Plaudereien
1388 2666 2330 2725 man nicht sagen, ob die gesellschaftliche oder
385 2698 1344 2771 auf ein grösseres Ganzes übertragen. „Frei¬
1386 2722 2333 2771 sittliche Auffassung der Verfasserin oder viel¬
390 2756 1349 2815 wild“ ist zwar in Bezug auf sein eigentliches
1390 2769 2338 2832 mehr nur ihr Unvermögen, Menschen auf die
390 2800 1337 2861 Thema (die Duellfrage) geschickt angepackt,
1390 2815 2340 2888 Bühne zu bringen, daran die Schuld trägt.
387 2859 1347 2920 dass es sich schnell und geschickt vor uns
1383 2864 2333 2920 Frau Adelheid Weber kennt das Milieu, in
385 2893 1334 2973 abrollt. Aber seine Dramatik ist nur in Schwung
1390 2917 2340 2971 dem sich ihre Personen bewegen, aber diese
390 2956 1349 3017 und Zusammenhang gebrachte Plauderei: das
1383 2963 1994 3041 selbst nur sehr oberflächlich.
382 2995 1339 3066 ist das Geheimnis seiner Technik. Seine
387 3046 1349 3112 Figuren sind galvanisierte kleine Feuilletons.
387 3092 1351 3158 Das eintönige Geplätscher ermüdet den Zu¬
1451 3073 2328 3170 Die Macht des Auslandes scheint auf dem
387 3144 1347 3204 hörer; in den leidenschaftlichen Scenen merkt
1381 3127 2328 3214 deutschen Theater gebrochen zu sein. Die
385 3200 1334 3251 man die Abgeblasstheit seiner Theatersprache,
1381 3207 2333 3270 Franzosen namentlich lassen uns gänzlich im
377 3241 1337 3299 aus vormenschlichen Schicksalen werden Be¬
1376 3260 2328 3319 Stich. Augier und Dumas sind tot, Sardou
382 3290 1334 3365 weisstücke. Das Thema selbst wird aber
1381 3302 2328 3368 weiss nun endlich, was man den Leuten im
385 3338 1327 3404 darüber nicht klar gestellt, sondern eher ver¬
1390 3348 2325 3409 Theater bieten darf; er, der feine, politische
377 3392 1339 3458 dunkelt. Der Held wird ein Opfer seines
1378 3402 2328 3465 Satiriker und grosse Sceniker von einst schreibt
375 3426 1337 3502 Eigensinns mehr, als seiner Duellgegnerschaft.
1376 3450 2323 3521 rohe Ausstattungsstücke, die auch technisch
377 3487 1337 3553 Über das Duell kann man nicht schreiben
1378 3504 2325 3553 nur ausnahmsweise interessieren können, oder
377 3545 1332 3611 oder dichten, ohne banal zu werden. Seine
1378 3553 2325 3611 dramatisierte englische Gouvernantenromane
377 3582 1327 3648 Dauer wird bedingt nicht nur durch die Macht
1378 3599 2325 3667 von tugendhaften jungen Mädchen, welche
377 3633 1337 3696 der Standes vorurteile, sondern mehr noch durch
1376 3640 2328 3709 nur Bosheit in den schlimmen Verdacht ge¬
375 3682 1332 3755 die Unmöglichkeit des modernen Menschen
1368 3696 2323 3765 bracht hat, wie die Marcelle, die, so unglaubig
373 3726 1334 3803 auf andere Weise seine Ehre zu verteidigen.
1368 3738 2328 3813 es klingt, sich auf dem Theater erhält. Die
368 3786 2325 3884 Ein Richterspruch beweist schliesslich eben jungen Franzosen aber sind langweilig, als
2963 2101 3041 2155 wie
2959 2491 3044 2554 abe
2941 3713 3029 3777 Be¬
