3484 4384
782 230 1195 322 box 14/2
85 173 629 336 18. Freiwild
1651 1125 2154 1206 Breslau versetzt werden.
538 1156 1634 1224 Berlin, 4. November. Die „Nat.-Zeitung die
3009 1156 3250 1252 Hofburg
1768 1199 2879 1266 Karlsruhe, 2. November. [Die ärztliche Be¬
2914 1206 3250 1280 stand der Tennis¬
400 1209 1634 1273 hier allerdings ein naheliegendes Interesse zu vertreten hat,
2914 1266 3257 1323 Marine hat beschl
1655 1248 2882 1315 handlung des Großherzogs wird, wie die „Karls¬
396 1270 1623 1319 bemüht sich, die Erörterungen einer in Magdeburg abgehal
1662 1308 3260 1376 ruher Zeitung“ mittheilt, von dem Professor Dr. Fleiner aus Homburg abzuhalte
396 1315 1630 1383 tenen nationalliberalen Versammlung für ihre Idee
2914 1429 3257 1506 gerade versagt uns
1655 1432 2889 1503 ist, um seinen Abschied einzukommen. Der Maler Rönning ist ein
739 1453 1312 1538 Theater und Musik.
2914 1482 3257 1545 der Verfasser seiner
1666 1482 2886 1545 reicher, gebildeter, lebensfroher Mann, dem das Leben doppelt schö¬
3027 1524 3246 1581 Doch genug
1666 1524 2886 1581 erscheint, da er eben von einer schweren Krankheit genesen und ver¬
831 1521 1216 1591 Deutsches Theater.
534 1528 3260 1630 „Freiwild". Schauspiel in drei Akten von Arthur liebt ist. Er will sein Leben nicht aufs Spiel setzen und lehnt ein spiel für ein Tende
2914 1598 3246 1669 zierstand gerichtet
1669 1605 2886 1662 Duell mit jenem Nichts ürdigen ab. Er habe nur einen Buber
407 1616 1641 1673 Schnitzler. Erste Aufführung am 3. November. Regie: Emil Lessing.
1662 1637 3253 1708 wie einen Buben gezüchtigt, und ihm seine Ehre wiederzu¬ Karlsruhe!" Nun
520 1655 1637 1701 Ist das Theater der Ort, um sogenannte brennende Fragen
1673 1669 3260 1740 geben, dazu fühle er keine Verpflichtung. Als ihm dann ge= und eine Aehnlichke
407 1676 1634 1747 politischer oder sozialer Art zu behandeln? Meiner Ansicht nach
2917 1719 3253 1772 hat der Zivilist sei¬
1673 1719 2889 1779 sagt wird, Karinski wolle mit dem Duell nur der Forn
410 1740 1648 1789 Ja, — doch unter der Bedingung, daß es mit der Unparteilichkeit
2914 1754 3253 1821 Kameraden. Aber
1666 1758 2886 1821 genügen und werde an ihm vorbeischießen, — ich weiß nicht
414 1768 1637 1828 geschieht, die aus der mitfühlenden Erkenntniß alles Menschlichen ent¬
417 1796 3257 1860 springt. Sobald der Autor belehren und überzeugen will, tritt er aus ob hier österreichische Sitten geschildert werden, — wird er sarkastisch Organ. Sie sah
1669 1832 3257 1885 und bleibt bei seiner Weigerung. Ein Freund will ihn nun überreden, des Zivilisten. So
414 1857 976 1917 den Grenzen der Kunst heraus.
1680 1867 3257 1931 schnell abzureisen. Der Maler ist naiv genug, erst noch zu fragen, daß er unter die
527 1871 1644 1948 Schnitzler hat diese Gefahr gekannt, als er sein neues Stück
1669 1913 3243 1970 warum. Als er erfährt, daß Karinski ihn unter allen Umständen ist der zweite Akt
417 1941 1648 1991 schrieb. Er wollte die Duellfrage dramatisch behandeln, aber
407 1948 3239 2026 kein Drama über die Duellfrage schreiben Darum hat er einfach zu¬ tödten müsse, sucht er selbst mit ihm zusammenzutreffen, um nicht als kein Stück Drama
3031 1987 3243 2030 Neben der
1676 1987 2900 2044 Feigling vor sich selber dazustehen. Er hat eine Pistole zu sich gesteckt,
414 2012 1641 2069 gegeben, daß das Duell unter den heiden Verhältnissen ein noth¬
2924 2009 3239 2083 deren Milieu das
1669 2026 2900 2079 denn er will sich vertheidigen. Die Begegnung findet statt, Karinski
414 2051 1648 2108 wendiges Uebel, oder wenigstens von zwei Uebeln das kleinere
2924 2065 3257 2122 ist nur, die Spam
1680 2065 2900 2118 fordert dreimal Genugthuung, und als ihm diese verweigert wird, er¬
538 2086 1648 2136 Aber er hat es doch nicht unterlassen können, dem
417 2101 509 2147 sei.
1680 2104 3260 2175 schießt er den Gegner. Er selbst geht dann nach Hause, um sich das mildern. Das T
1538 2125 1648 2182 zuzu¬
421 2129 1514 2178 Gegner des Duells mehr persönliche Sympathien
1666 2139 3066 2210 Leben zu nehmen, — aus Grunden, die mit der Handlung des Stückes bekannt
1393 2161 1641 2217 Dieses Miß¬
410 2168 1330 2224 wenden, als dem Vertreter des Duells.
3034 2164 3260 2238 Die Darstel¬
1669 2196 2253 2256 in keinem Zusammenhang stehen.
414 2196 1648 2256 verhältniß einigermaßen auszugleichen, hat er dann diesem letzteren
2924 2210 3229 2277 Stück ja nicht.
1786 2210 2900 2284 Man wird aus dieser knappen Erzählung erkennen, daß die Ab¬
417 2246 1644 2302 noch zwei sympathische, kluge und ehrenhafte Parteigenossen zugesellt
1676 2246 3257 2330 sicht, Licht und Schatten in moralischem und logischem Sinne gerecht Müller, Rei¬
417 2284 1641 2337 einen Offizier und einen Arzt. Aber das wiegt nicht schwer in eine
1669 2302 3236 2373 zu vertheilen, nicht ganz erreicht worden ist. Rönning ist ein naiv auch in kleinen
417 2323 1641 2369 Angelegenheit, in der es sich um rein persönliche Entschließungen han¬
2921 2337 3253 2401 Sauer schien
417 2341 2896 2415 delt, und so bleibt denn als Facit der Eindrücke, die wir mit nach denkender und empfindender Mensch, Barinski dagegen ein Schlagetodt
1676 2376 3016 2465 ein Soldat, der nur für den Krieg geschaffen erscheint und im Frieden virt.
421 2394 1648 2454 Hause nehmen: „Wohl ist es wahr, daß unter den heutigen Begriffen
1673 2422 2907 2479 nicht einmal in der Armee zu brauchen ist. Doch auch Rönning bekommt
417 2440 1644 2493 von Standesehre das Duell die Rauferei und den Mord verhinder
1676 2465 2900 2518 seine Schatten, und sie fallen so schwarz aus, daß er nach meiner
417 2475 1584 2528 aber jene Ehrbegriffe kennzeichnen eine inferiore Menschenklasse.
1673 2504 2900 2557 Meinung nicht mehr als Beweismittel gegen das Duell gelten kann. Er
421 2511 1641 2596 Da haben wir also das „Quod erat demonstrandum der Partei
1669 2535 2903 2596 ist der erste, der zur Selbsthülfe greift, und zwar in einer Weise, daß jeder
421 2564 548 2635 schrift.
3048 2546 3260 2624 — Die
1673 2578 2900 2631 bewaffnete Gegner, Offizier oder Zivilist, ihn sofort unschädlich gemacht
538 2571 1651 2645 Eine Theaterkritik ist so wenig wie ein Theaterstück der Ort,
2928 2589 3172 2666 „Kaiserhofe
1673 2617 2900 2673 haben würde, einfach auf Grund des Nothwehr=Rechtes. Als Rönning
421 2627 1644 2688 um soziale Thesen zu erörtern. Darin kann ich dem Verfasser auch
2921 2635 3253 2723 Arrangement in
1676 2656 2893 2712 erfährt, daß Barinski ihn sucht, bewaffnet er sich auch und eilt ihm ent
417 2670 1651 2730 nicht in Theorien hinein folgen. Nur die Handlung selbst sei hier
1683 2691 2893 2748 gegen, um sich ihm auf offener Straße zu stellen, daß nicht Karinski
2932 2698 3094 2765 feld lag
421 2723 566 2783 erörtert
1687 2734 2896 2787 sondern Rönning bei diesem Rencontre erschossen wird, ist Zufall; de¬
3066 2719 3257 2797 — Das
534 2726 1655 2811 Das Stück spielt in „einem Badeort nicht allzuweit von
417 2769 2900 2843 Wien“. Man wird bald sehen, warum gerade in Oesterreich. Offizier ist eben schneller mit dem Schießeisen fertig. Hätte der Ver¬
2921 2772 3260 2847 vereins für
1683 2808 2900 2864 fasser also für die Unentbehrlichkeit des Duells plaidiren wollen, en
2924 2825 3225 2886 Abends 6 Uhr
417 2825 1655 2886 Der Oberlieutenant Karinski und der Maler Rönning kommen
417 2847 2900 2921 wegen einer Schauspielerin in Streit. Sie ist in allen Ehren hätte seinen „Fall Rönning" nicht zweckmäßiger konstruiren können
2928 2871 3229 2939 predigt wird
417 2889 2907 2960 die Freundin des Malers, der um ihre Hand wirbt. Karinski Rönning nimmt gewaltsam Genugthuung für die Beleidigung einer
1687 2914 3260 3006 Frau statt irgend ein Gericht oder Ehrengericht anzurufen, Rönning kann Bericht wird Mi
414 2942 1651 3002 hat sich gerühmt, sie verführen zu können; ein Kamerad, der ihre
3098 2960 3260 3009 ar Für
1680 2963 2896 3020 nicht mit dem Brandmal der Feigheit leben, Rönning führt deshalb frei¬
421 2988 1659 3038 unerschütterliche Ehrbarkeit kennt, hat gegen ihn gewertet und gewinnt
2928 2988 3260 3048 helms wurde i
421 3002 2893 3084 die Wette. Der Maler Rönning lächelt darüber. Von Karinski pro- willig und mit größter Eile den Zweikampf herbei, und Rönning hält trotz
2924 3034 3257 3080 von Prof. Reinhol
1680 3041 2896 3101 dem schöne Reden gegen das Duell. Auf der anderen Seite: Ka¬
421 3055 1655 3130 votirt, giebt er zunächst ausweichende Antworten, als aber der Offizier
2928 3073 3250 3119 Es war die vierte
424 3077 2900 3154 ausspricht, ein anderer sei ihm bei der Dame zuvorgekommen, schlägt rinski handelt nach der Beleidigung korrekt nach den Grundsätzen
2932 3108 3253 3168 mentes stehen wer
1687 3119 2907 3186 seines Standes. Nur daß er ein Hitzkopf und undisziplinirter Mensch
421 3140 1655 3193 ihm der Maler ins Gesicht. In Oesterreich tragen die Offiziere zu¬
1683 3147 3257 3218 ist, den die Armee auszustoßen im Begriff ist, läßt Rönnings Sache die dritte ist in A¬
417 3176 1651 3232 weilen keinen Degen, auch Karinski ist gerade ohne Waffe und so
2932 3190 3264 3246 zweite legt, der Ge¬
1683 3193 2900 3253 günstiger erscheinen. Die Kameraden erkennen Karinskis Schuld an
417 3214 1651 3267 kommt der Maler zunächst mit dem Leben davon. Eine weitere
1680 3222 3207 3289 Geradezu kläglich ist es aber, daß Karinski ein Scheinduell anbieten die dritte hat
421 3253 1542 3324 Prügelei wird von den Freunden hüben und drüben verhindert.
1683 3267 3186 3335 läßt. Der Verfasser hat offenbar nichts Besseres zu erfinden ge¬ ruhmgekrönten
534 3292 1595 3345 Karinski ist Roué, Spieler, Schuldenmacher und Raufbold;
414 3289 3253 3444 hat schon so viel auf dem Verkel, daß es für ihn die höchste Zeit wußt, um den Officer in unserer Achtung herabzusetzen, und her den diagonal a
976 3381 1446 3586 Teile
523 3391 962 3603 et
