3436 4448
1826 123 3077 207 des Ma¬
181 152 486 225 ielern, das liegt
620 163 3069 268 Schnitzler geht mit einer außerordentlichen, theatralischen Kraft, die daß die Baumeister weiter am Erbauen von ländlichen Tusculanen bomben
196 178 2432 268 auch nicht an den in ihm seit der „Liebelei“ in ungeahnter Weise gewachsen ist, beiden oft, mäßig viel Geld verdienen werden.
547 243 1805 301 aber auf dem Theater meist schüchtern behandelten socialen Fragen energisch
1895 257 3091 323 Und so lange feiner der politische Horizont noch immer von düsteren
178 275 1805 337 stens“, schon wieder zu Leibe und beleuchtet sie mit einer wunderbaren, rückhaltslosen Kühn
1819 275 3080 359 Wolken vollhängen wird, was ja wohl noch sehr lange der Fall sein wird,
181 319 1801 377 uterten Sinne einheit. In dieser Hinsicht gemahnt „Freiwild“ mehr als einmal an
1826 341 3073 395 so lange wird das Publikum neben den Stucken, in denen die Ideen und
185 359 3077 438 sederer's dreiactige Sudermanns „Ehre", besonders in der durchdringenden Schärfe, mit der Fragen des Tages in mehr oder minder grundlegender Weise behandelt
181 388 3087 471 kommen war diese Schnitzler den Wahngebilden eines bis zur Verrücktheit unvernünftigen werden, auch Stücke verlangen, in denen es mit den höchsten Problemen
181 438 3084 507 an der Kantstraße Sittengesetzes entgegentritt und dafür mit klaren, hellen Worten das der Menschheit verschont wird, in denen einfach gelacht wird, in denen
185 471 3080 547 Münchener Autor ewige, immer währende Recht der Vernunft etablirt. Der dramatischen gutmüthige Onkels mit schnurrigen Tanten in Conflicte kommen, die
170 511 3084 583 rakterzeichnung. Er Wirkung nach und in seiner Bedeutung für die Lösung jener wichtigen dann durch einen jungen Mann aus der sonnigen „Weanerstadt" in einer
170 547 3077 623 ielen Schwächen im Probleme, in denen Zukunft und Vergangenheit, Menschenthum und biederen Rede beigelegt werden, und die sonstigen harmlosen Ver¬
174 576 3077 663 Bereits vor vierzehn Tradition mit einander den wild wogenden Kampf der Gegenwart wickelungen, die nach bewährten Mustern den sogenannten Knoten schen
174 609 507 656 tischen Gesellschaft
544 620 3080 696 fechten, ist „Freiwild“ entschieden ein Fortschritt gegen „Liebelei“. helfen, werden ebenso im geeigneten Momente ohne Alexanders Schwert
203 660 3073 732 Kräften aufgeführt als Dichtung aber halte ich das ältere Werk für stärker, denn gelöst werden, um den angenehmeren Verbindungen zu weichen, die
174 667 3069 772 nière beschieden war, es lebt nicht von den Abfällen des Tagesstreites, sondern schöpft zwischen dem Sohn vom „Römischen Kaiser und dreifachen Hausbesitze
185 736 3084 815 nicht ganz bestätigt seine Kraft aus dem ewig fruchtbaren Grunde der menschlichen einerseits und dem lieblichen Villenbesitzerstöchterlein andererseits Natur
192 768 2218 833 ihnen an Handlung Liebe, während „Freiwild“, wenn einmal die Mauern gefallen sind, und Sitte vorschreiben.
199 812 1801 866 reiche Act dagegen gegen die es anrennt, nichts mehr sein kann, als ein Theaterstück von
1888 812 3073 884 Gespielt wurde das lustige Ding lustig und flott. Herr Kunat
167 844 3073 931 nt, ein neue, eine gestern. Aber noch ragt die Zwingburg, die Kastengeist und Ritterdünkel machte den tragikomischen Villenbesitzer, und Herr Will den reiselustigen
163 870 3069 968 s, für das Sardou errichtet haben, trotzig in die Lüfte. Noch ist der Lump, der rauflustig guten Onkel, Herr Strial war der harmlose Wiener Junge auf der
192 924 3069 997 guten Landleute, auf's Terrain tritt, in den Augen der „Cavaliere besser, als der Ehren=Studienreise, und Herr Barna, der wüthige Ostpreuße, der seinen Hu¬
170 960 3073 1040 sagen, wie manche mann, der seinem Gewissen mehr vertraut, als dem zweifelhaften Aus wiederhaben wollte, Fräulein Frey legte in die Tante den ganzen länd¬
174 993 3080 1073 und Unerbittlichkeit, gange des modernen Gottesgerichtes. Und da wohl noch eine geraume lichen Humor des östlichen Zipfels der Monarchie und Fräulein Wendt
174 1033 518 1080 n verlogenen Dorf
544 1044 3077 1109 Zeit vergehen dürfte, ehe die Vernunft den Wahn besiegt haben wird, so stellte den sidelen Berliner Backisch vor, von dem schon die Alten sagten.
170 1069 3069 1167 wundener Perioden sei uns das neue Schauspiel Schnitzler's herzlich willkommen als muthiger, In diesem lustigen Ensemble thaten denn auch die übrigen Mitspielenden
174 1109 986 1156 Daß diese Wahrheit starker Helfer im Streite.
1808 1131 3073 1185 brav ihre Pflicht, und es erscheint uns als kein geringes Lob, wenn man
178 1141 525 1189 der Landleute Schuld
612 1123 3073 1221 Ja, „Freiwild“ ist ein Tendenz-Drama, aber ein gutes Drama mit einer Vorstellung nachsagen muß, daß kein einziger besonders ausfiel,
174 1185 3033 1247 vortrefflich gespielt einer guten Tendenz im übrigen keineswegs ohne dichterische Qualitäten sondern alle an ihrem Platze bemüht waren, das Ganze zu unter¬
199 1225 2345 1276 oberhaupt, wenn in diesem Stücke die Leiden, die Kunst bisweilen über An die aber, das muß
2399 1247 3058 1297 Schlusse connullirt werden sie die
196 1261 3073 1334 tzensperger, das wuchert, so liegt das weniger am Wollen oder Können des Autors, als Hauptperson im Theater, und das ist bekanntlich das Publikum. Seine
174 1297 1642 1355 nicht einen Zug vielmehr an dem Stoffe, den er sich nun einmal erwählt hatte.
1805 1319 3073 1370 Lachsalven unterbrachen mehrfach die Vorstellung so kräftig, daß im
181 1319 515 1377 wischenfall, der di
605 1323 3073 1410 An diesem Stoffwahl kann man so recht die Wahrheit des Wortes Spiel eine kleine Pause eintreten mußte, und nach den Abschlüssen folgte
181 1370 3077 1457 bewegenden Fragen erkennen, daß Dichter oft Propheten sind. Jeder, dem die Thatsache nicht ein brausender Beifall, der auf der Bühne ebenso freudig berühren mußte,
181 1399 2805 1511 itten Art zu sagen: vertraut ist, daß „Freiwild“ längst vor dem berüchtigten Brüsewitz, wie seine Ursachen dem Publikum Freude gemacht hatten.
188 1431 1797 1504 haben, ich bin ja Ereignisse six und fertig war, mußte denken, daß Schnitzler aus
167 1468 1794 1544 cht etwa zugespitzt, diesem charakteristischen Vorkommnisse für sein neuestes Werk inspiri¬
1873 1478 3066 1558 Concordia=Theater. Sonntag, den 13. December 1886. Höhere
167 1526 3051 1605 vorbrachte, brach ein war. Wer freilich die „Liebelei" und Schnitzlers persönliche Vornehmheit Töchter, Posse mit Gesang in vier Akten von W. Mannstädt und
170 1555 362 1605 nöthigte
529 1555 3066 1642 kennt, weiß ihn außer Stande zu solchem Thun. Die „Actualität" des Schott, Musik von G. Steffens. Der Besuch war in anbetracht des
185 1602 3066 1681 des Westens am Schnitzler'schen Dramas, die seiner Bühnenwirksamkeit noch weiter zu Hilfe nahen Weihnachtsfestes ein mäßiger, desgleichen der Beifall, der dem
167 1627 3062 1718 Freitage. Diese im kommt, verdankt lediglich dem Zufalle ihr Entstehen, der es wollte, daß tollen Stück gespendet wurde, obgleich die Aufführung im Allgemeinen be¬
167 1663 3069 1761 Erbe hervorragenden wenige Wochen, nachdem ein Dichter ein Brüsewitz=Stück erdacht hatte, friedigend verlief. Vonden männlichen Darstellern zeichneten sich Herr Förster
167 1714 1236 1758 dolf=Ernst=Theater ein Brüsewitz sein Bubenstück vollführte.
1812 1739 3066 1790 (Dr. Schumann), Herr Winkelmann (Flunder), Herr Bauer (Fridolin)
167 1739 511 1797 tester Unterhaltun¬
598 1743 1790 1812 Die rabiaten Gegner, die Schnitzlers „Freiwild" aus politischer
1808 1783 3069 1830 sowie Herr Sand (der Gelegenheitsdichter), der gleichzeitig die Regie
167 1790 3066 1877 er einer geduldigen Gründen sicherlich finden wird, sollten übrigens die Unparteilichkeit des hatte, vortheilhaft aus. Von den Damen gestel Frl. Else Härting als
163 1834 3062 1913 Thalia-Theater" und Autors anerkennen. Dem Lumpen im Offiziersgewande, dem Spieler, höhere Tochter Lilli durch die Anmuth ihrer Erscheinung und die naive
170 1866 3066 1946 Diese Unterhaltungs=Mädchenjäger und Raufbolde Karinski stellt er den harmlos gutmüthigen Darstellung. Frl. v. Franken (Erna) erzielte mehr durch ihre Couplets
174 1899 3066 1986 schem Gewande zu Lieutenant Vogel und den wackeren, menschlich empfindenden Rohnstedt als durch ihr Spiel Erfolg, während sich bei Frl. Anschütz (Franziska,
167 1935 2602 2047 es für diese Zwecke zur Seite. Schnitzler will eben keinesfalls den Offiziersstand als solchen Spiel und Gesang ziemlich die Wage hielten.
167 1975 1787 2040 hen ist durch einen angreifen, sondern lediglich dessen kastenhafte Sonderrechte und Ehrbegriffe
167 2022 1794 2076 Schwank „Goldene unter deren Schutz ein Elender, wie dieser Karinski, sich Achtung erzwingen
181 2058 1790 2124 der unbestrittensten kann, wenn er nur immer rasch bei Pistole und Säbel ist, in ihrem ganzen
2247 2047 2627 2127 Allerlei Neues.
163 2087 960 2142 Answürdiger Wiener, Widersinne kennzeichnen.
1873 2095 3058 2171 In der Privatklage des Berliner Fabrikbesitzers Julius Kauf¬
167 2131 507 2171 te eines Eisenbahn
602 2116 3040 2207 Das Werthvollste in „Freiwild“ ist übrigens nicht diese Geschichte mann gegen den Verfasser der Broschüre „Das Theater des Westens
174 2167 3062 2243 stücks hat Karlweis mit ihren persönlichen Consequenzen für den Duellweigerer und ihren Paul Blumenreich, stand am Sonnabend vor einer Abtheilung des
174 2200 3058 2283 „Kleinen Mann“, allgemeinen Ausblicken in die uneruicklichen Verhältnisse der Gegenwart, Berliner Schöffengerichts Termin an. Der Vorsitzende erklärte, daß es
174 2247 3062 2323 ging, ist ihm vor sondern die mit der Haupthandlung geschickt verknüpften Schilderungen zur Verhandlung nicht kommen könne, da vom Angeklagten noch ein
167 2272 507 2323 ch „Goldene Herzen
525 2287 3066 2370 aus dem Theaterleben. Hier ist jeder Strich echt, dem Leben abgelauscht umfangreicher Schriftsatz eingegangen sei. R.-A. Sachs, als Vertreter
167 2319 3062 2399 sehm erheiternd von und mit sicherer Künstlerschaft zu einem Bilde verwerthet, das bei allem des Klägers, sprach seine Verwunderung darüber aus, daß, obgleich die
163 2348 3062 2442 verfolges haben sich Humor mancher Details einen in seiner Wahrheitstreue niederdrückenden Klage schon vor länger als zwei Monaten erhoben worden und obgleich
167 2388 808 2457 t rühmen können. Eindruck macht.
1797 2424 3062 2471 der Angeklagte angeblich eine volle Klarstellung der Verhältnisse wünsche,
167 2432 511 2486 pfungen etwas sehr
594 2428 1779 2493 „Freiwild“ wurde hier, wenn auch nicht in jeder Rolle gleich vor
1801 2464 3058 2511 er erst im letzten Augenblicke hervortrete. — Da der Vorsitzende erklärte,
163 2461 3066 2551 chtig durchgeführten trefflich, so doch verdienstlich und in fest geschlossenem Zusammenspiele daß er beabsichtige, die auch von dem Baumeister Shering und dem
163 2511 3062 2587 satire auf die sprüch= Herr Regisseur Niedt) vorgeführt. Der einzige Vorwurf, den man der Agenten A. Rosenthal angestrengten Klagen mit dieser Klage zu ver¬
196 2551 3058 2624 die in Wahrheit Regie machen kann, betrifft die steife Theilnahmlosigkeit, mit der sich die binden, so erklärte sich R.-A. Sachs aus Zweckmäßigkeitsgründen dagegen,
167 2591 1776 2653 sich geltend macht, Gäste des Baderestaurants im Hintergrunde gruppirten und verhielten
1801 2609 3066 2663 Die Angriffe der Broschüre gegen Shering und Rosenthal beziehen sich
167 2616 500 2667 hat am Letzten" is
598 2627 3055 2703 Bon den Einzelleistungen möchte ich am höchsten den gutherzigen auf die Finanzoperationen derselben, mit diesen habe Herr Kaufmann
163 2667 3055 2747 die verzweifelte Thal Lieutenant Vagel des Herrn Höfer und die fesche, freche Pepi des alleweil aber nichts zu thun; dieser war lediglich Aufsichtsraths=Vorsitzenden
178 2700 3055 2772 seine lieben Wiener teck zugreifenden Frl. Jurberg bewerthen. Beide waren von einer nicht des schon begründet gewesenen Theaters und die gegen ihn gerichteten
167 2747 3055 2808 eigen ist, bildet im zu übertreffenden, typischen Echtheit. Herr Botz gab dem wackeren Vorwürfe beziehen sich auf seine Thätigkeit beim Theater „Alt=Berlin
163 2772 3051 2856 m die Entwickelung Könning eine sympathische Männlichkeit, war aber nicht immer durchaus Der Vertreter des Verklagten wünschte auch eine Trennung der Klagen
174 2823 3058 2892 schreitet er munter sicher im Text. Herr Schady wirkte als tüchtiger, einsichtiger Offizier weil er Herr Shering als wesentlichen Zeugen in der Klage des Herrn
163 2863 3051 2946 Wegen oder auf den mit ruhiger Distinction sehr erfreulich. Frl. Niedt fand für die ideal Kaufmann benutzen wolle. Der Gerichtshof beschloß, die Sache zu ver
167 2895 2942 2961 siche Hauptfigur des gesinnte Kunstbeflissene innige, warme Töne, ohne den Gehalt der Rolle tagen und von einer Verbindung der Klagen Abstand zu nehmen.
163 2928 1787 2997 bummelter Maler, überall auszuschöpfen. Störend wirkte das kurze Backfischkleidchen, in
1866 2932 3058 2997 Am Dresdener Hoftheater hat einem uns zugehenden Telegramm
167 2971 3051 3044 sen des Entbehrens dem die Riedel“ einberging. Ein Grund für diese Costümirung ist zufolge das Musikdrama „Des Odysseus Heimkehr von August
163 3004 3062 3080 Mildthätigkeit wird, weder im Stücke, noch in der Persönlichkeit der Darstellerin gegeben, Bungert einen so starken Erfolg gehabt, daß der Componist gemeinsam
163 3048 3058 3113 falls eine gelungene Herr Marx nahm sein Giger wieder überscharf, so daß er sich bisweilen mit Generalmusikdirector Schuch oftmals auf der Scene erscheinen mußte.
156 3080 1776 3145 nen läßt, Ballester selber über seinen „Hamur amusirte, aber es war doch Virtuosität in
1863 3109 3048 3153 Sarah Bernhardt ist am Mittwoch in Paris großartig gefeier
167 3120 3051 3185 lich ist der betäubte seiner Darstellung. Aus der farblosesten Gestalt des Stückes, einem worden. Beim Festmahle im Grand Hôtel, so schreibt die „Frkf. Ztg."
163 3160 3058 3229 den, nicht vom Gas jungen Arzte, versuchte Herr Bayrhammer erst gar nicht, etwas Besonderes saß sie auf erhöhtem Sitze unter einem Theonhimmel in Grün und Gold;
156 3189 3051 3265 cht. Herr Leopold zu machen, und that damit das Rechte. Unter den männlichen Stützen Auftreten und Abgang erfolgte auf einer Treppe, die von einem höheren
156 3232 3055 3308 Kraft, staltete diesen des Badetheaters ragte Herr Steinrück hervor, der den Director dieses Stockwerke in den Saal führt. Auf jeder Treppenstufe blieb die in ein
159 3276 3055 3341 aus. Es wurde, wie „Kunstinstituts" ohne jene Uebertreibungen gab, zu denen die herbe weißes goldgesticktes Seidenkleid mit langer Hofschleppe gekleidete Heldin
167 3316 2519 3370 viel gelacht. Allen Charge leicht verführen könnte. Herr Kunstadt spielte den melan des Festes stehen, grüßte mit weiter
2573 3334 3051 3388 bewegung und arbeitete
167 3337 496 3392 in — und ihrer sin
522 3359 3055 3421 cholischen Komiker gewandt, nur um einige Grade zu rabiat. Aus Wirkungen eines aus den Wolken herab benden Wesens heraus. Die
159 3381 3055 3457 Theaters aufrichtig der winzigen Episode des Kassiers Kohn, der zu einer der hübschesten Tischrede hielt Sardou, der angemessen und sich trefflich die Augen
149 3424 3055 3515 ht weit vom Meß= Bemerkungen des Stückes Anlaß giebt, hätte mehr gemacht werden wischte. Die erste Strophe der Hymne, je beim üppigen Mahle ge¬
301 3453 446 3526 St.
507 3472 3051 3537 können, als es Herr Scholz vermochte, der zudem sehr ungünstig placirt sungen und orchestral begleitet wurde, lautet: „Du, die Du die heilige
511 3508 3048 3588 war. Die nicht gerade angenehme Aufgabe, den Brüsewitz=Karinski auf Leyer auf Deinen Lippen und in Deinem Herzen trägt, erhabene Maid
149 3540 3055 3609 s I." Plauderei seine Schultern zu nehmen, genügte Herr Kühns besser im ersten, denn mit dem Siegernamen, deren Haupt der Lorbeer krönt, Du, die die
159 3591 3055 3649 iel von Arthur im dritten Acte, wo sein säbelrasselnder Unmuth gar zu theatralische dunkle Zeit auserkoren hat, um über unseren Häuptern den erlauchten
159 3620 3048 3682 den=Abends unseres Manieren hatte. Am Sonnabend trug übrigens Kühns=Karinski der Ruhm der Dichter ergänzen zu lassen, Sarah, Schwester der unsterb¬
159 3656 2243 3725 Opus I" ist wirklich Vorschrift des Dichters und den österreichischen Armeeverhältnissen gemäßlichen Muse, Heil Dir
2279 3678 3048 3722 In den Sonnetten der Dichter, welche
145 3685 3048 3761 lich eine Plauderei, als Urlauber durchweg Uniform. Am Sonntag trat hierin eine merk¬ diese auf der Bühne des Renaissance-Theaters sprachen, rühmte
149 3732 478 3790 Sie ereignet sich
507 3740 3048 3790 würdige Aenderung ein. In dem Aufzuge, zu dessen Schlusse Karinske Coppé Sarahs Anfänge in seinem Einacter „Le passant!" Mendès
163 3772 471 3827 zu sein pflegt
507 3783 3044 3834 geohrfeigt wird, ging er in Civil, erst als er im letzten Acte „brüsewitzte, erklärte bescheiden, der größte Ruhm der Dichter dieser Zei¬
149 3812 3051 3906 e. Diesmal gehört durfte er wieder in Uniform erscheinen. Nach dieser neuesten Kleider werde künftig sein, daß Sarah von ihren Versen vorgetragen. Harau¬
