3436 4256
198 168 724 250 8. Freiwild
902 162 1309 262 box 14/4
661 390 945 460 burg, Poron.
581 437 1062 535 Queen
1109 425 1382 512 BERLIN
293 533 684 608 Ausschnitt aus:
800 579 942 672 1913
584 587 756 684 JUNI
299 660 428 724 vom
750 716 940 783 Theater.
311 754 1429 835 Schiller=Theater Charlottenburg: Freiwild
232 797 1434 884 von Artur Schuldie Aufführung dieses bald zwei
233 838 1425 922 Jahrzehnte alten dramatischen Erstlings Schnitzlers war ein glück¬
242 876 1432 957 licher Griff. Das Stück hat eine Kraft, einen inneren Zusammen¬
238 916 1432 997 hang und eine Plastik, die von der vagen, in lauter Stimmungs¬
242 952 1434 1032 nüancen zerfließenden Weichheit seiner letzten Dramen sehr vorteil¬
248 1000 1431 1076 haft absicht. Daß das Schauspiel Tendenz, gesellschaftskritische
245 1033 1434 1123 polemische Tendenz besitzt, was heutzutage bei der Kritik nicht
248 1071 1446 1152 mehr für vornehm gilt, erhöht noch seinen Wert. Dramatische
248 1109 1440 1192 Tendenz ist nicht ein Ausspielen von Schlagworten, so wenig wie
244 1146 1451 1231 das Demonstrieren einer Ansicht an einem zu diesem Zweck
245 1189 1448 1265 verstandesmäßig konstruierten Einzelfall. Dann freilich stünde sie
253 1228 1451 1306 im Widerspruch zum Schöpferischen und böte billige Surrogate.
1259 1263 1438 1321 geht, si¬
254 1283 1216 1344 Wo aber dichterische Phantasie am Werte,
256 1298 1454 1385 in das Gestalten selbst organisch=fruchtbar ein. So auch in diesem
253 1353 1451 1425 Schnitzlerdrama. Scharfe Schlaglichter wirft es auf den blöd¬
254 1381 1446 1464 brutalen Unsinn des Duells, auf die frivole Gesinnungslumperei,
256 1419 1448 1498 die in den schutzlos armen Mädchen nur ein willkommenes Freiwild
262 1446 1486 1562 ihrer Lüste sicht. Eine bewußte Stellungnahene gesellschaftlichen Er¬
1054 1507 1230 1573 en
271 1562 1440 1609 scheinungen gegenüber spricht sich eindrucksvoll, Resonanz im Denk¬
265 1591 1467 1644 und Gefühl des Zuschauers weckend, aus. Aber diese Beziehung zu
274 1627 1464 1681 einem Allgemeinen geht mit vollständig individualisierender
274 1673 1469 1719 Charakteristik der Personen und Situationen Hand in Hand.
265 1710 1467 1758 Namentlich die beiden ersten Akte; die Schilderung der
268 1749 1473 1795 Offizierstypen und des Komödienvölkchens, das ausgezeichnet
268 1792 1475 1836 motivierte Renkonter zwischen dem zynischen Oberleutnant
262 1825 1467 1871 Karinski und Rönning, und die Szenen, in denen Reser seinen Sekun¬
265 1862 1470 1911 danten die überraschende Erklärung gibt, er dense gar nicht daran,
274 1906 1469 1944 in junges Leben der Pistolenkugel eines Ransols auszusetzen, er¬
290 1940 1469 1996 egten angespannte Teilnahme. Der Beifall da von einem, auch
280 1984 1469 2030 für Schiller=Theater=Verhältnisse ungewöhnlichen Elan. Die Dar¬
274 2019 1469 2068 tellung verdient im ganzen warmes Lob. Rönning und seine Braut,
262 2052 1472 2113 die junge gehetzte Schauspielerin fanden in Konrad Wiene und
262 2092 1472 2147 Leonore Ehn sympathische Vertreter: Noacks Karinski, anfangs
265 2135 1470 2203 wenig überzeugend, wuchs in dem Schlußakt zu beträchtlicher Höhe.
344 2353 1364 2449 Ausschnitt Berliner Morgenpost, Berlin
352 2441 485 2513 vom
692 2447 1080 2552 1913
370 2546 670 2606 on the
428 2549 1236 2668 chen im Keller¬
373 2638 1236 2706 aler Charlottenburg. Es sind nun siebzehn
381 2674 1233 2738 Jahre her, daß Arthur Schnitzlers Tendenz¬
376 2715 1239 2788 drama „Freiwild am Deutschen Theater
387 2755 1240 2836 seine erste Aufführung erlebte, und man tut dem
390 2808 1239 2871 Schnitzler von heute nicht Unrecht, wenn man es
390 2839 1243 2907 offen ausspricht, daß man diesem Schauspiel mit
389 2884 1239 2958 der unverhohlenen Absicht, gegen das Duell mobil
390 2926 1243 3006 zu machen, nicht mehr so viel abgewinnen kann,
393 2979 1239 3035 wie ehedem, mag man die Tendenz auch noch so
396 3008 1245 3086 sehr billigen. Denn Tendenz und Kunst sind nun
393 3064 1056 3130 einmal schwer zu vereinigende Dinge.
451 3081 1248 3162 Trotzdem muß man der Leitung der Schiller¬
398 3139 1249 3221 theater Dank wissen, daß sie sich dieses Stückes
401 3189 1251 3259 abermals angenommen hat. Denn ein Dichter
396 3235 1253 3294 wie Schnitzler verdient, daß man sich auch ge¬
404 3271 1253 3340 legentlich seiner schwächeren Arbeiten erinnert.
407 3311 1254 3392 Das Publikum war denn auch trotz der Schwüre
408 3354 1254 3427 recht beifallslustig und klatschte reichlich, trotz¬
402 3395 1265 3474 dem die Darstellung nicht alles gab, was sie hätte
413 3438 1260 3514 geben können. Die einzelnen Rollen waren nicht
405 3488 1263 3544 einmal schlecht vertreten, aber dem Ganzen fehlte
414 3526 1263 3598 doch so manches. Nicht zum wenigsten die spe¬
414 3564 1268 3640 zifisch österreichische Atmosphäre. Aber das
411 3608 1266 3680 kommt davon, wenn niemand so recht den Dialekt
419 3651 1285 3729 beherrscht. Vor allen fielen Otto Letroe und
424 3697 1277 3770 Leonore Ehn durch die Natürlichkeit auf, aber¬
421 3735 1269 3809 auch Conrad Wiene, Karl Elzer, Karl
418 3791 1272 3854 Noack und Fritz Achterberg standen ihren
421 3823 1275 3899 Mann. Sehr drollig war der Direktor Pateg
1138 3866 1228 3930 B
421 3878 771 3959 als Schmierenleiter.
1851 550 2877 730 Ausschnitt aus zu Hamburger Zeit
2060 660 2354 750 23
1859 692 2013 751 vom
2543 769 2874 846 Septen¬
2333 794 2415 881 4.
2008 904 2746 1001 Kunst und Wissenschaft.
1908 984 2903 1044 O. P. Volksschauspiele im Altonaer Stadttheater.
1848 1030 2898 1083 Daß Arthur Schnitzlers Schauspiel Freiwild
1842 1073 2900 1129 nicht mit Rosenmonia, und noch weniger mit Zapfenstreich
1848 1108 2906 1164 in einem Schubfach unterzubringen, daß es weder als Be¬
1848 1157 2898 1202 rufs- noch als Tendenzdrama zu kategorisieren ist, das sollte
1842 1185 2897 1248 heute schon dem größeren Publikum klar sein. Bringen
1842 1224 2897 1277 wir uns doch nicht immer wieder durch die unerzogene, un¬
1839 1266 2897 1318 begabte Art der Betrachtung um die wirkliche Aufnahme,
1842 1301 2903 1355 das persönliche Miterleben des Kunstwerks, durch jene Art
1839 1339 2897 1400 der Betrachtung, der die bunteren oder grelleren Bestand¬
1835 1379 2894 1435 teile des Stofflichen dermaßen die Augen blenden, daß sie
1839 1419 2897 1469 die Zusammenhänge und Uebergänge, ganz zu schweigen
1833 1466 2898 1516 von der Beseelung und Vergeistigung des Stoffes, gar nicht
1833 1498 2900 1551 mehr sehen. Diese irrtümliche und unkünstlerische Betrach¬
1839 1536 2898 1586 tungsweise sieht in dem Oberleutnant Karinski, dessen
1842 1573 2903 1630 innere Ehre längst zermürbt ist und der, um ihren äußeren
1842 1611 2903 1662 Schein und den letzten Halt, den Namen Offizier, aufrecht¬
1833 1659 2903 1702 zuerhalten, irgendein vermeintliches Hindernis, irgend¬
1836 1694 2903 1748 einen Menschen, der ihn leise reizt, zusammenhaut, den
1833 1733 2900 1790 Typ des Offiziers, wie ihn Schnitzler vermeintlich gesehen
1836 1768 2901 1821 habe. Diese falsche Betrachtungsweise erblickt dann in dem
1842 1804 2903 1868 Zivilisten Rönning, der dem Anrempler die Genugtuung
1836 1850 2897 1891 verweigert, durch keine eindringliche Vorstellung zu be¬
1836 1885 2901 1932 wegen ist, sein Leben im Duell aufs Spiel zu setzen, damit
1836 1924 2901 1972 der Gezüchtigte seine Offiziersehre wiedererhalte, den Typ
1839 1964 2900 2013 des menschlich wertvollen Duellgegners, und in dem Drama
1833 2004 2898 2051 erblickt sie solchergestalt, wenn Rönning, der dem Rasenden
1836 2042 2891 2091 auch nicht entfliehen will, von ihm meuchlings nieder¬
1833 2077 2898 2127 geknallt wird, eine Philippika gegen den Ehrenkodex. Wer
1833 2120 2894 2165 aber mit dem Dichter geht, alle Schwingungen der Tragödie
1833 2150 2894 2203 ohne vorgefaßte Meinung miterlebt, empfindet die uralte,
1827 2188 2900 2244 reinmenschliche Tragödie, in der Schuld und Schicksal un¬
1839 2241 2915 2344 trennbar verknüpft sind. Sieht zwei Menschen, die durch
1839 2316 2900 2377 den individuell bestimmten Lebenswillen in einen Gegensatz
1848 2374 2900 2420 geraten, der nicht mehr zu lösen und darum tragisch ist.
1845 2398 2906 2456 Nicht bloß kein Ehrenkodex, sondern keine soziale Ethik der
1839 2441 2903 2496 Welt schaltet die tragischen Konflikte aus, die aus der be¬
1838 2475 2900 2534 wegten Menschenbrust, einer Welt mit ihren eigenen unter¬
1853 2513 2912 2578 schiedlichen Gesetzen, drohend aufwachsen. In der Beziehung
1848 2568 2907 2615 dieses menschlichen Gehaltes zu dem modernen Milieu, und
1851 2596 2906 2653 insofern ja Menschengestaltung ohne die Einbeziehung aller
1848 2638 2900 2699 Umstände einer bestimmten Zeit und ihrer Anschauungen
1848 2679 2904 2729 wesenlos wäre, verkörpern sich die geistigen Mächte dieser
1848 2714 2906 2773 Zeit ebensowohl wie das persönlich ethische Bekenntnis des
1851 2756 2918 2811 Dichters, nicht aber in einer bestimmten Figur oder einer
1848 2788 2913 2849 bestimmten These. Darum entspricht auch die Fülle der
1845 2828 2918 2881 mit knappen Strichen aufs lebendigste gezeichneten Figuren,
1845 2872 2910 2932 die Tiefe der aus dem bloßen Selbsterhaltungstrieb er¬
1845 2907 2907 2970 wachsenen Ideen von Recht und Unrecht, Freiheit und
1845 2948 2912 3009 Zwang dem differenzierten Reichtum der Lebensformen
1845 2990 2906 3041 unserer Kulturwelt. Daß in dieser Kulturwelt gerade
1848 3026 2906 3090 dieses, eines der packendsten Theaterstücke Schnitzlers, fast
2627 3067 2909 3121 ein schmutziger
1848 3070 2529 3130 nie öffentlich aufgeführt wird, weil
1845 3107 2903 3156 Theaterdirektor und die elenden Verhältnisse einer Schmiere
1845 3147 2910 3192 darin vorkommen, sei nur als Bestätigung jener materiell
1845 3191 2912 3232 verfälschten und irregeleiteten Betrachtungsart von Dich¬
1853 3218 2912 3275 tungen angeführt. Freiwild sind übrigens nicht bloß die
1859 3261 2909 3314 schlecht bezahlten Liebhaberinnen jener Schmiere, sondern ist
1853 3296 2915 3354 jeder Liebhaber des Lebens seinem Antipoden gegenüber.
1853 3340 2910 3387 Die Darstellung verfolgte die dichterischen Absichten mit
1859 3375 2912 3435 starker Eindringlichkeit. Den hervorragenden Charakter¬
1851 3419 2909 3476 zeichnungen der Herren Hardel (Karinski) und Haase
1859 3454 2916 3503 (Rönning) schlossen sich Vally v. Küstenfeld (Anna
1851 3492 2910 3540 Riedel), Paul Bach (Theaterdirektor), Gustav Keune
1859 3537 2913 3584 (Rohnstedt), Richard Gorter (Leutnant Vogel), die
1853 3567 2906 3628 Damen Herzfeld, Wagner und die Herren Fritz
1853 3605 2910 3666 Jeßner, Brüll, Stahl, Willert, Geißler,
1853 3657 2615 3721 Bernardo glänzend und erfolgreich an.
