3484 4384
129 258 1230 343 8. Freiwild box 14/2
2172 1045 2993 1118 deren Regierung diese
2087 1108 2993 1159 schwierige Aufgabe in Angriff nehmen. Ent¬
217 1103 1166 1196 van veeren ausschließlich im Wege des gen¬
2075 1149 2988 1198 wird vom Sultan die Verwirklichung seine
229 1237 1130 1310 mehr, die für Preise ausgesetzte Summe von
1166 1247 2060 1317 etwas aufgeblasene Jüngling weist alle Mahnungen
2094 1259 2988 1322 der Autor nicht durch eine aufgebauschte Glori¬
222 1293 1135 1347 9000 M. so zur Vertheilung zu bringen, daß ein
1169 1308 2060 1349 entweder durch spitzfindige Titeleien oder
2094 1310 2988 1361 fikation seines Helden denjenigen einen Köder hin¬
222 1334 1137 1381 zweiter Preis zu 300 M. und drei dritte Preise zu
1164 1342 2060 1388 durch ein unmotivirtes „Nein, ich will
2097 1356 2995 1398 geworfen, welche überhaupt gegen den Militaris¬
226 1376 1127 1420 je 2000 M. verliehen werden. Hierauf wurden
1169 1378 1256 1422 nicht
1300 1388 2062 1429 zurück. Da erscheint ein Kamerad
2104 1393 2990 1439 mus sind. Damit mochte Herr Schnitzler einen
219 1407 1127 1463 zuerkannt dem Bildhauer Werner Stein in Leipzig
1159 1410 2062 1461 Karinskis bei Rönning; er dringt in mildester
2092 1424 2990 1471 Zünder in die Anschauungen geworfen zu haben.
222 1446 1123 1490 den 2. Preis von 5000 M., dem Bildhauer Wand
1169 1454 2062 1505 Form in den Querkopf und legt ihm dar, daß
2094 1466 3000 1519 welche das Premièren Publikum gerade diese
231 1480 1123 1539 schneider in Charlottenburg ein 3. Preis von 2000 M.
1159 1493 2053 1541 wenn der geschlagene Offizier nicht Genugthuung
2101 1498 2988 1546 Theater hegt, denn es bereitete dem Antor be¬
224 1519 2060 1571 dem Architekt Hans Patzel und dem Bildhauer erhalte, er ruinirt sei, er quittiren müsse; der Ver¬
2097 1536 2995 1580 sonders da die spontausten Ovationen, wo er den
217 1561 1130 1600 Oskar Rühm, beide in Dresden, sowie dem Bild¬
1159 1571 2053 1612 mittler deutet auch an, es solle bei einem Duell
2094 1578 2985 1631 Gegensatz zwischen Militär und Civil zu Gunsten
224 1592 1127 1639 hauer Carl Meisen in Friedenau je ein 3. Preis
1159 1602 2062 1648 mehr auf die Form geachtet und das Leben des
2092 1607 2990 1658 des letzteren ausklingen ließ. Der Autor hat mit
222 1631 1127 1680 von 2000 M. Die Entwürfe von Bildhauer Wil¬
1171 1636 2058 1692 Jünglings geschont werden. Dieser Vorschlag,
2097 1646 2985 1709 seinem Stücke viel Staub ausgewirbelt; wir würden
222 1666 1135 1714 helm Haverkamp in Friedenau bei Berlin, von
1174 1680 2053 1734 2 klarer gerechtfertigt wird, bleibt gleich¬
2092 1685 2990 1734 dies einer Betrachtung nicht für nothwendig er¬
222 1704 1132 1753 Hugo Lederer in Berlin und von Johannes
1159 1719 2060 1763 falls wirkungslos, ebenso die Bitte des mit
2092 1724 2990 1782 achtet haben, wären in dem Staube nicht einige
209 1739 1123 1817 Nötiger in Berlin und zum Ankaufe für je 500 M.
1159 1751 2060 1797 Rönning inzwischen verlobten Mädchens, zu
2092 1758 2932 1819 schöne glitzernde Steinchen zu bemerken gewesen.
217 1780 560 1846 empfohlen worden.
1166 1787 2060 1836 fliehen oder einer Begegnung mit Karinski
2165 1797 2993 1846 Vermögen wir uns auch nicht mit der Tendenz
1147 1826 2060 1870 auszuweichen. Könning, der anfangs verreisen
2101 1817 2995 1877 des Schauspiels einverstanden zu erklären, müssen
1154 1868 2060 1914 wollte, bleibt nunmehr, was er damit motivirt, daß
2092 1870 2990 1921 wir doch dessen Fassung als recht geschickt bezeichnen.
1154 1904 2060 1943 2 sich das Leben von seinem Gegner nicht schenken
2097 1909 2985 1955 Die Figuren sind scharf mit überraschender Natur¬
404 1885 945 1963 Deutsches Theater.
1159 1936 2058 1985 lassen wolle. Er versieht sich mit einer Waffe und
2094 1943 2995 1987 treue gezeichnet. Die lustige, stets zum Soupiren
290 1943 1130 2014 Der hier als Autor bereits bekannte Herr
1161 1967 2985 2023 scheint nun eine Begegnung mit dem Offizier geneigte Soubrette, ihr frecher Direktor, der Alles
219 1989 1120 2050 Arthur Schnitzler hat in seinem gestern der
1159 2011 2062 2062 provoziren zu wollen. Dieser trifft ihn. Nach einer
2092 2021 2985 2082 nur auf seinen Kaffeerfolg berechnet, sind ebenso
209 2038 1113 2087 Oeffentlichkeit übergebenen dreiktigen Schauspiele
1159 2048 2050 2094 öffentlich nochmals ergangenen, dreimal wiederholten
2092 2055 2990 2099 schonungslos wahr, wie echt der sich langweilende
209 2089 1123 2128 „Freiwild“, ei sehr aktuelle Themata berührt;
1171 2087 2060 2145 jedoch vergeblichen Forderung erschießt Karinski den
2092 2097 2983 2138 vergnügungslüchtige Lieutenant und die gesinnungs¬
217 2116 1115 2160 das eine streift die soziale Stellung, welche Schau
1159 2123 2055 2199 Jüngling. Dann stellt sich der Offizier seiner
2092 2131 2985 2174 tüchtigen Freunde des beiden Hauptpersonen. Die
217 2148 1115 2199 spieler des leichteren Genres in der Gesellschaft ein
1154 2157 1325 2216 Behörde.
2094 2165 2980 2213 Reden der Theaterangehörigen sind manchmal sehr
219 2192 1130 2238 nehmen, das andere und zwar das Hauptthema,
1230 2172 2058 2243 Wie aus diesem Inhalte ersichtlich ist, hat
2094 2211 2985 2250 unverfroren; sie decken Privata auf, welche auf
219 2223 1123 2277 schlägt rücksichtslos in die gerade jetzt so brennende
1154 2209 2050 2289 Herr Schnitzler mit seinem Stücke ebenso
2087 2238 2985 2286 offener Bühne, auch wenn sie als Folle für den
217 2265 1115 2311 Duellfrage. Um die von dem Autor zu Stand¬
1154 2272 2058 2318 wenig etwas Neues geschildert, wie er der
2092 2279 2983 2323 Ernst der Handlung dienen sollen, abloßen wirken.
217 2301 1127 2345 gebrachte Verquickung dieser beiden Punkte zu einem
1159 2306 2058 2357 jetzt wieder dem Brennpunkte öffentlicher
2167 2321 2980 2360 Da Handlung und Gesinnungsweise ganz auf
219 2333 1123 2381 Schauspiele näher zu beleuchten, müssen wir uns
1159 2350 2058 2391 Diskussion stehenden Frage des Duell zwischen
2094 2335 2980 2396 österreichische Verhältnisse zugeschnitten sind, hatten
212 2369 1115 2430 in Nachfolgendem mit dem Inhalte des Stücke
1157 2379 2058 2428 Militär und Civil eine andere als die eben ge¬
2087 2394 2978 2440 de Schauspieler auch im Idiom dieses Landes zu
207 2408 648 2454 eingehender beschäftigen.
1154 2413 2065 2469 bräuchliche Deutung gegeben hat. Auch wenn in
2094 2425 2988 2469 reden. Einzelnen gelang dies gut, wieder Andere
287 2430 1125 2496 Bei Beginn der Handlung flattert vor uns die
1159 2454 2060 2506 dem Stücke ein hitziger und ein sierköpfiger Charakter
2094 2467 2985 2510 warfen den Zwang bald fort. Vollsten Lobes werth
219 2467 1120 2535 lustige, leichtsinnige Gesellschaft eines Operetten¬
1154 2491 2058 2540 einander gegenüber gestellt werden und die Aktion
2101 2503 2988 2545 sind Fräulein Treuner als Anna, Frau Gisela
209 2520 1123 2576 Unternehmens auf, das sich unweit von Wien ein
1154 2535 2053 2579 auf das Gebiet des Temperamente hinübergespiel
2092 2542 2985 2584 Schneider als die fidele Soubrette und
207 2559 2053 2618 Operationsfeld aufsuchte. Aus dem Munde öster¬ wird, kann der Ausweg für die so entstanden¬
2094 2576 2985 2625 die Herren Kauer (Karinski), Rittner (Rön¬
209 2598 1115 2644 reichischer Offiziere erfahren wir, was von den werd
1147 2603 2060 2652 Differenz, kein anderer als der auch im Leben bestehende
2094 2615 2988 2654 dung), Nissen (der vermittelnde gherzige
209 2627 1115 2683 lichen Mitgliedern dieser Truppe gehalten wird
1154 2640 2058 2700 sein. Rönning bleibt tand gegen die Mahnung der
2087 2652 2985 2696 Diszier) und Herrmann Müller (Lieutenant). Auch
209 2671 1115 2720 wir vernehmen auch, daß es nur einer der Damen
1159 2683 2060 2732 Freinde, daß nach dem militärischen Koder
2094 2691 2988 2730 die Herren Reicher und Hanns Fischer ver¬
209 2710 1123 2754 möglich wurde, sich den Ruhm der Bestätin zu
1154 2720 2053 2761 über das Duell, der Offizier, dem eine
2094 2722 2985 2771 dienen Anerkennung für die Art, wie sie die Freunde
209 2744 1123 2793 wahren. Für diese, Anna Riedel benannt, brennt in
1154 2754 2048 2808 Satisfaktion verweigert wird, sich diese suchen muß
2097 2761 2988 2803 spielten. Herr Thielscher hatte sich den Theater¬
219 2783 1118 2847 wild auflodernder, leidenschaftlicher Flamme der
1154 2788 2053 2834 wo er sie findet, daß er sie ausüben muß und sei es
2092 2800 2985 2864 direktor auf seine Spielweise gezogen, womit er viel
209 2817 1113 2868 Oberlieutenant Karinski, und schwärmt in auf
1161 2827 2050 2873 selbst unter Aufgeben seiner Karriere. Mit dem Titel
2089 2834 2396 2890 Wirkung erzielte.
212 2859 1123 2905 richtige. Verehrung Paul Rönning, ein unabhängiger
1154 2873 2045 2912 „Freiwild“ sollte zwar Mitleid für den Helden der
2167 2864 2985 2917 Der Autor wurde mehrfach gerufen, besonders
217 2890 1123 2937 junger Mann. Der mißlungene Ausfall einer
1154 2907 2053 2946 Schauspieles heraufbeschworen, dieser als ein Opfer
2094 2903 2988 2956 lebhaft, als sich zum Schluß einige Widersacher ver¬
212 2929 1110 2978 Wette bringt beide Herren so aneinander, das
1157 2934 2058 2985 des Militarismus hingestellt werden; indes, das
2094 2949 2985 2995 nehmen ließen. Zweifelhaft war es, ob diese Leb¬
209 2968 1125 3017 Rönning sich hinreißen läßt, den Oberlieutenant
1154 2976 2053 3024 ist eine eitle Tendenzkrämerei; so lange eben das
2092 2985 2983 3029 haftigkeit durch das angestrebte Niederdrücken der
207 3002 1118 3049 vor Zeugen und in einem öffentlichen Garten
1157 3012 2055 3061 Duell besteht, müssen dessen Regeln beobachtet wer¬
2092 3027 2993 3066 Zischer, die Vorliebe für Herrn Schnitzler, oder
205 3046 1115 3088 zu ohrfeigen. Die Folge dieser Handlungs¬
1157 3049 2050 3100 den, und keine Ausflüchte, keine Sophistereien ver¬
2092 3063 2985 3105 durch dessen Werk selbst hervorgerufen wurde. Das
209 3085 1118 3127 weise ist die Herausforderung zu einem Duell
1159 3088 2048 3134 mögen sie umzustoßen. Nach dem Benehmen Rön
2092 3097 2983 3158 letztere Moment ist wohl das am wenigsten be¬
207 3119 1123 3180 doch Rönning verneint es, hierzu genöthigt
1154 3122 2058 3173 nings hatte das Stück viel eher „Vogelfrei be¬
2097 3131 2245 3202 rechtigte.
2847 3136 2971 3212 CA.
207 3153 1110 3200 zu sein. Alle Vorstellungen seiner Freunde, be¬
1154 3163 2048 3214 nannt werden sollen. Als der thörichte jung¬
209 3192 1120 3239 sonders der Hinweis, daß, selbst wenn Rönning der
1157 3197 2050 3241 Mann sein erstes Rein auf die Forderung des
212 3231 1115 3278 Beleidigte wäre, ihn festgesetzte, allgemein gebrauch¬
1152 3229 2053 3285 Offiziers setzte, wußte man sofort, wie der Streit
209 3265 1123 3329 liche Regeln doch zwängen, sich mit dem Offizier zu
1154 3275 2053 3319 enden müsse, das Interesse für den weiteren Ver¬
124 3304 2077 3380 el duelliren, fruchten nicht, denn der starpfige, lauf der Dinge wäre auch rasch abgestumpft, hätte
