3484 4256
141 220 684 303 8. Freiwild
824 222 1240 322 box 14/4
340 1034 991 1107 über Trellsberg in ca. 600 m Hoye.
400 1091 1226 1150 Weiter gings an Malmö vorüber bis Lund.
348 1127 1231 1181 den belen Eisenbahnknotenpunkt, über Land¬
351 1179 1234 1221 rung, Eklöf und eine Menge kleiner Ortschaften
340 1208 1231 1273 hinweg. In der Dunkelheit trieb der Ballon in
343 1250 1233 1302 bedeutend größerer Höhe, nämlich gegen 5000 m.
348 1294 1231 1342 und ließ so den Insassen die unter ihnen liegenden
353 1334 1231 1381 Landstriche als ein im nächtlichen Lichtermeer er¬
410 1437 1163 1526 Theater und Musik.
406 1507 1230 1570 A. N. Das Schillertheater brachte gestern
362 1557 1231 1612 Montag im „Freiwild“ seinem Publikum zum
356 1604 1231 1654 ersten Male ein Stück von Arthur Schnitzler. Der
356 1641 1229 1692 Erfolg bewies es, daß die Wahl eine glückliche
356 1682 1229 1727 war. In der That gehört „Freiwild“ — ein vor
356 1723 1234 1769 mehreren Jahren im Deutschen Theater oft und gerne
353 1762 1231 1802 gesehenes Werk zu den bühnenmäßigsten Stücken
353 1799 1236 1849 des Wiener Autors, und kann auch seinem Inhalte
348 1837 1231 1885 nach auf das ständniß jedes Theaterpublikums
348 1880 1234 1927 zählen. Allerdings schreibt Schnitzler, wie immer
353 1917 1226 1963 auch der Titel seines Schauspiels lauten möge,
356 1953 1229 2005 stets die „Liebelei", das Verhältniß des Wiener
348 1998 1218 2040 Hausherrnsohnes zu dem füßen Mädel
353 2025 1229 2083 aus dem Volke, das ein tragisches Ende
353 2066 1231 2118 nimmt. Doch diesmal hat es bekanntlich dem
348 2108 1231 2154 liebenswürdigen Autor gefallen, diese zarte
353 2147 1231 2189 Angelegenheit mit einer Abart des Ehrenproblems
340 2191 1231 2243 zu verquicken, das seit Sudermanns dramatischem
356 2230 1236 2273 Erstlingswerk so sehr in Mode kam. Muß ein
353 2259 1231 2311 Mann, der einen suffisanten Officier gezüchtigt
356 2306 1226 2351 hat, sich mit demselben schlagen? Und dar
356 2338 1226 2390 er, wenn er als Gegner des Duells die
356 2377 1231 2424 Genugthuung verweigert, von dem Officier
351 2421 1234 2472 als „Freiwild niedergeschossen werden? Paul
348 2454 1234 2502 Rönning, der junge Maler, welcher dieses Problem
353 2499 1229 2543 in der Praxis aufwirft und diese Unvorsichtigkeit
359 2541 1231 2583 mit dem Tode büßt, fand in Georg Paeschke einen
356 2574 1234 2627 Darsteller von sympathischer Wärme. Sein
353 2619 1230 2664 Gegner, der Oberleutnant Karinski, wurde
351 2657 1229 2700 von Ferdinand Gregori nach der Schablone der
359 2690 1229 2744 schwarzen Bösewichts gespielt, während der
356 2731 1231 2780 Autor in ihm vielmehr den Haudegen im Frieden,
356 2769 1226 2818 den leichtsinnigen, temperamentvollen und despotisch¬
356 2811 1231 2858 herausfordernden Officier darstellen wollte. Dafür
356 2854 1233 2898 gaben Erich Kaiser und Albert Patry als Rohn¬
362 2890 1231 2941 stedt und Vogel zwei prächtige österreichische
353 2922 1230 2976 Officierstypen. Anna Riedel, die kleine Schau¬
359 2966 1234 3015 spielerin, deren spröde Tugend den tragischen
353 3003 1237 3053 Conflict zwischen Rönning und Karinski
362 3044 1226 3096 heraufbeschwört, wurd durch Frl. Marianne Wul
356 3083 1231 3129 mit überaus anerkennenswerther Einfachheit und
356 3121 1231 3171 Natürlichkeit verkörpert. Die humorvoll gezeich¬
359 3160 1242 3210 neten Collegen der tragischen Naiven kamen in
359 3193 1242 3245 der Interpretation der Herren Patega, Zollin,
362 3239 1234 3305 Schmasow und des Frl. Ernst sehr lebensvoll
348 3274 868 3341 heraus: jeder Zoll Schmiere.
380 3300 1240 3373 Belle alliance=Theater. Die Plattkölnische
359 3365 1243 3412 Volksbühne der Herren Millowitsch und Baum
390 3410 1240 3455 te am Sonntag Abend dem gut besuchten Hause
390 3436 1237 3513 weitere Probe des weiland Kölner Hänneschen¬
1278 1104 1405 1147 behalten
1273 1140 1408 1191 Tielle
1275 1179 1401 1227 hier an
1273 1218 1404 1269 Donner
1278 1255 1404 1302 60 Luft
1278 1295 1411 1347 20 Fah¬
1272 1336 1395 1382 bereits
1266 1413 1411 1465 reinfalle
1266 1450 1411 1508 mit der
1276 1489 1359 1540 hat
1272 1505 1408 1579 Tünnes
1266 1568 1417 1618 der Bla
1266 1608 1417 1652 mann
1268 1643 1420 1699 mit sein
1266 1682 1418 1734 den Sch
1275 1717 1418 1773 wieder
1272 1762 1408 1815 lorenen
1275 1802 1420 1850 sich and
1276 1834 1417 1889 Kerns
1272 1879 1417 1927 siebentä
1273 1917 1420 1967 Hännes
1266 1954 1426 2004 drolligen
1269 1993 1428 2040 und ihne
1276 2031 1431 2083 Elsa Bar
1265 2072 1428 2128 Lacherfol¬
1276 2112 1411 2162 leitende
1275 2148 1423 2199 Jos. La
1278 2185 1424 2241 sprochen.
1269 2227 1434 2279 dem Dar
1273 2266 1423 2318 währten
1275 2305 1433 2353 Director
1275 2343 1437 2395 (Manes
1275 2380 1440 2434 eines Kel
1266 2417 1433 2474 die man
1266 2457 1443 2511 mögen w
1272 2498 1440 2556 Bühne
1271 2537 1423 2595 solchen
1326 2579 1437 2635 H.N.
1281 2622 1439 2676 (Montag)
1275 2661 1449 2722 harmon
1271 2702 1439 2754 „Christ
1272 2741 1443 2792 erste, die
1275 2779 1449 2829 dient der
1272 2819 1446 2869 Mühen de
1278 2858 1443 2906 Publikum
1272 2898 1437 2945 Erscheinen
1281 2938 1436 2987 Eindruck,
1275 2976 1415 3025 getheilt,
1275 3012 1437 3064 geisterung
1275 3053 1437 3103 Componi
1271 3092 1440 3142 völlig un
1275 3131 1447 3179 überhaupt
1272 3170 1440 3218 hier die
1278 3203 1443 3260 in der Ku=
1276 3248 1428 3299 manches
1281 3286 1447 3336 giltig oder
1275 3325 1446 3377 Liszt hier
1275 3363 1444 3412 auch als
1272 3400 1453 3458 Kirchen
1272 3441 1449 3490 dem muß
1272 3476 1455 3538 leichter et
1992 451 2596 566 Vor den Coulissen.
1837 511 2774 603 Das „Schiller=Theater" führte seinen
1778 572 2774 655 Publikum gestern Abend zum ersten Male den Wiener
1782 603 2776 677 Schriftsteller Arthur Schnitzler vor — mit dem
1779 650 2773 730 dreitigen Schauspiel „Freiwild", das von seiner
1779 688 2873 769 Première am „Deutschen Theater“ her noch in bester
2796 740 2876 790 eine
1772 733 2766 801 Erinnerung steht. Die Frische und Kraft, mit der
2798 779 2873 830 dem
1772 781 2773 845 Schnitzler eine Stoffe anpackt und ausgestaltet, prägt
2800 821 2879 872 schw.
1778 810 2766 891 sich auch in diesem Werke, das einen Beitrag zum
2795 862 2892 917 Haus
1775 856 2879 947 Duellung bringt und die Frage des modernen oder der
1779 892 2761 979 besser mittelalterlichen Ehrbegriffs behandelt. Der
1772 930 2889 1024 Autor hat einen sicheren Blick für das Leben; heim.
1767 987 2760 1053 aus ihm schöpft er seine Charaktere, und darum er¬
2786 1024 2893 1078 enth
1775 1014 2757 1088 füllt sie alle auch volles, warm pulsirendes Leben
2784 1063 2871 1117 trotz
1770 1075 2757 1136 „Freiwild machte bei der gestrigen Wiederbelebung
2782 1102 2896 1163 runze
1765 1102 2760 1185 einen starken Eindruck, an dem Schnitzler und seine
2793 1143 2871 1195 Eid
1772 1139 2766 1208 Interpreten gleichmäßig betheiligt waren. Den
2792 1181 2892 1239 Im
1766 1188 2661 1260 Oberleutnant Karins, der die allgemein
2784 1230 2899 1284 verwe
1760 1205 2754 1298 tigen, ungeschriebenen Gesetze der Gesellschaft für
2787 1268 2899 1320 zu
1766 1259 2754 1344 sich selbst nicht anerkennt, diese von höchster Bru¬
2784 1305 2899 1356 und
1776 1304 2754 1371 alität erfüllte Rowdienatur, deren versöhnenden
2792 1346 2895 1404 Hülf
1781 1343 2754 1417 Zug nur in der unendlichen Hingabe an ihren Beruf
2780 1386 2898 1442 Sorgi
1772 1398 2898 1486 legt, spielte Herr Gregori mit ingrimmiger Verwün¬
1775 1431 2744 1492 dissenheit und einer kalten Energie, die der Wirkun¬
2776 1469 2895 1518 Bra,
1763 1459 2754 1546 icher sein durften. Herrn Paeschke hätte ich mir
2780 1508 2867 1562 Les
1766 1521 2883 1605 als Rönning etwas fester gewünscht; durch das allzu Herr
1769 1550 2756 1620 eise Haushalten mit seinen schönen Mitteln er¬
2779 1592 2895 1644 hiesige
1769 1582 2756 1660 eichte der junge Künstler nur, daß man ihm
2779 1628 2912 1702 Bühne
1773 1636 2737 1701 in mannhaftes streten nicht recht glaubte, d.
1775 1670 2757 1743 aß man über dem Spiel nie die Wirklichkeit
1772 1711 2747 1786 ergaß. Fräulein Marianne Wulf zeigte als Anna
1781 1752 2750 1825 iedel die ganze Gluth ihres durch echte Weiblich¬
1779 1791 2757 1867 it gemilderten Temperaments und fesselte durch die
1786 1831 2758 1911 ckliche Auffassung ihrer Rolle. Der Oberleutnant
1783 1878 2776 1949 ohnstedt, der in dem Stücke die Stimme der ge¬
1785 1946 2938 2011 n. — Verantwortliche Redacteur: Fur den politischen Theil
1792 1983 2957 2073 destheil: Julius Salomon sämmtlich in Berlin
1786 2011 2934 2112 ür den Inseratentheil: C. Standke in Berlin. — Druck von H.
2092 2115 2574 2218 .
2075 2431 2595 2593 No and
1681 2590 2760 2669 infunden Vernunft gegenüber dem Draufgängerthum
1678 2657 2760 2705 en Karinskis repräsentirt, war bei Herrn Erich Kaiser
1749 2696 2761 2754 vortrefflich aufgehoben, und dem gutmüthig naiven
1752 2738 2757 2789 Husarenleutnant Vogel lieh Herr Patry mit aus¬
1757 2776 2760 2840 gezeichnetem Gelingen seine reife Kunst. Herr
1752 2825 2761 2876 Holthaus faßte den Dr. Wellner stellenweise
1754 2858 2767 2913 etwas zu pathetisch auf; eine prächtige Leistung,
1717 2912 2760 2958 die bis auf das geringste Detail mit liebevollster Sorg¬
1762 2950 2748 3002 falt ausgearbeitet war, bot dagegen Herr Pateg
1747 2984 2761 3042 als Theaterdirector. Kleinere Aufgaben wurden von
1757 3024 2760 3074 den Damen Ernst und Storm und den Herren
1749 3060 2763 3112 Köslin, Zollin und Schmasow mit bemer¬
1754 3102 2760 3155 kenswerther Flottheit gelöst. Der Regie — wer sie
1770 3141 2761 3196 führte, verräth der Zettel nicht — gebührt ein beson¬
1765 3184 2763 3237 deres Lob für die vorzügliche Inscenirung der im
1754 3226 2760 3279 Kurgarten spielenden Acte, in denen die Bühne ein
1762 3265 2763 3318 treues Bild des Badelebens bot, bei denen aber die
1762 3312 2761 3357 Massen doch so geschickt und discret dirigirt wurden.
1754 3347 2760 3397 daß sie nie die Aufmerksamkeit von den Hauptvorgängen
2553 3390 2703 3458 N. W.
1754 3394 1943 3465 ablenkten.
1818 3444 2763 3522 Im „Belle Alliance-Theater“ wurde
1686 3500 2761 3594 antaa kun niel solcher nun
