3436 4384
827 228 1245 346 box 14/3
144 243 690 375 8. Freiwild
1998 733 3012 846 In dieser Versammlung, weiche von der „Pron este
159 765 456 858 genug
1089 774 1467 843 despe¬
1885 790 3006 886 politicka jednota ve Vidni einberufen wurde, nahm der
827 787 1845 893 Schon vor 9 Uhr Vormittags war ein starkes Auf¬
1888 865 3012 924 lieferent Redacteur Jania Stellung gegen die Anträge
718 880 1838 946 gebot von Sicherheitswache zu Fuße und zu Pferde ausge¬
115 865 621 980 Prager Universität.
1882 911 3012 968 des Landtagsabgeordneten Dr. Kolisko und der Ge¬
712 924 1838 980 rückt und in der Umgebung der Ressource concentrirt.
1888 955 3009 1018 meinderäthe Dr. Fachler und Weißwasser. Redner
712 961 1842 1030 Während die Versammlungen taaten, stellten sich die Cordons
112 939 671 1046 Tel. der „Extrapost). Die
1885 999 3009 1049 versuchte nachzuweisen, daß die Behörden in Wien ohne
715 1008 1838 1071 auf. Am frühesten — um drei Viertel 11 Uhr war das
187 1014 662 1071 Schließung der
1885 1039 3012 1096 czechische Beamte nicht antiren können, da die czechischen
715 1052 1845 1117 Meeting bei Kastner zu Ende. Thatsächlich zogen die Theil¬
137 1067 668 1133 ät für die Dauer
1898 1089 3012 1142 Bewohner Wiens deutsche Zuschriften nicht annehmen und
718 1099 1845 1167 nehmer an demselben, zumeist deutschnationale Studenten,
140 1111 668 1186 sters angeordnet.
1891 1183 3021 1255 ebenso wie die eindringlichen und einzig vernünftigen
718 1195 1854 1270 ließ sein Problem in Stich und schrieb ein Tendenzstück
1891 1236 3015 1302 Ausführungen seines Arztes und Freundes Dr. Wellner
721 1242 1845 1323 gegen das Duell. Die Thatsache, daß er, trotzdem dieses
1901 1292 3021 1364 (Herr Martin) wirkungslos ab. Rönning liebt das
718 1302 1845 1380 Thema so vielfach in allerlei Formen behandelt wurde, ob¬
125 1280 293 1395 ton.
1891 1342 3028 1423 Leben; er will es nicht auf's Spiel setzen, sollte es ihm
718 1355 1854 1430 wohl der Tendenzdialog gar nichts Neues un von dem
1895 1401 3031 1461 auch die Achtung seiner ganzen Gesellschaft kosten — es
715 1411 1854 1483 Alten zumeist nur das Unrichtige bringt, einer ehrlichen Er¬
1901 1451 3021 1548 liegt ihm nichts ihr, er braucht Niemanden, er ist
187 1430 577 1554 Lebemann.
724 1458 1851 1539 folg zu verzeichnen hat, ist die beste Pebe auf seine
1898 1501 3028 1573 Millionäre. Und dann, warum soll er sich schlagen
721 1517 1860 1604 dramatische Begabung. Er hat ein gutes Stück zu Stande
134 1520 677 1607 en, von Arthur Schnitzler
1901 1564 3012 1632 Weil er einen Uebelthäter gebühren
721 1573 1851 1651 gebracht, trotzdem er sich selbst alle Voraussetzungen für der
131 1579 677 1664 geführt am 4. Februar 1898.
1901 1617 3024 1695 gezüchtigt hat? Diese Worte entfesseln im Zuschauer¬
730 1626 1851 1732 Gegentheil geschaffen hatte. Wir wollen die durch die
147 1639 680 1717 (Frl. Singora) beginnt
1898 1664 3034 1739 raum einen Beifallssturm; beide haben gelegen, der Held
724 1685 1417 1782 weitere Geschichtserzählung erhärten.
128 1698 684 1773 bühne eines Curortes. Sie
1901 1723 3028 1795 und die Zustimmenden, vielleicht beide unbewußt. Rönning
840 1707 1857 1817 Der zäheste und verwegenste Verfolger des Freiwild,
144 1751 687 1826 künstlerischen Aufgaben ihre
1907 1776 3028 1848 hätte sein Leben nicht riskirt, auch wenn er ganz unrecht¬
730 1773 1857 1860 der kleinen Naiven, ist Lieutenant Karinski (Herr Reusch,
150 1813 680 1882 de gegentheilige Anschauung
1904 1832 3018 1895 mäßiger Weise dem Officier eine Ohrfeige versetzt hätte
727 1842 1863 1907 dessen impetuose Art durch die Nervosität gesteigert wird,
134 1857 687 1945 er, welcher — ein geriebener
1907 1882 3028 1948 und doch hätte letzterer auch dann für einen solch' schweren
727 1901 1854 1970 welche sich seiner bemächtigt, als der soeben aus der Garnison
150 1910 687 1994 Kostverächter — es nicht
1910 1941 3031 2001 Schimpf keine andere Genugthuung annehmen können.
733 1951 1860 2023 angelangte Rittmeister Rohnstädt (Herr Mayer=Eigen) ihm
150 1960 687 2044 und schöne Naive diese ihre
1910 1994 3031 2057 Allein, auch wie die Sache liegt, hat sich Rönning ins
737 2001 1857 2082 schlimme Nachrichten bringt über die ihm (Karinski) drohend
153 2016 690 2094 je fortspielt und damit seine
1913 2044 3034 2116 Unrecht gesetzt; er selbst spricht sich als Richter in eigener
740 2057 1863 2129 Cassirung wegen Schulden und Exzesses mit einem Civilisten.
134 2069 687 2166 ficiers=Gesellschaft, brüskirt,
1913 2094 3037 2169 Sache frei — und ein Theil des Publikums ebenfalls. Wie
733 2110 1863 2185 In dieser Laune macht er einen kühnen Reiterangriff auf
131 2129 684 2197 an die Darstellungskunst des
1913 2157 3034 2222 viele mechten sich abfällig über einen Stand oder eine Person
733 2166 1870 2238 die Schauspielerin, muß jedoch vor der versperrten Thüre
147 2188 693 2247 Schauspielerin will sich ihre
1910 2210 3034 2285 geäußert haben, ohne Grund; die Aeußerung Karinskes jedoch
733 2216 1870 2294 Kehrt machen. Voll Ingrimm berichtet er seiner Gesellschaft
153 2235 699 2316 harakter und Anstand be¬
1913 2263 3037 2338 wird durch das Betragen der anderen Schauspielerinnen
737 2282 1870 2350 den Mißerfolg. Der Maler Rönning (Herr Klein),
147 2288 690 2357 zen Milieu, in welchem sie
1913 2319 3037 2388 (Pepi Fischer — Frl. Glümer) in hohem Grade entschuld¬
740 2322 1863 2403 welcher nach überstandener schwerer Krankheit sein millionen¬
150 2344 690 2422 e drängt die brutale Geld¬
1916 2372 3037 2438 bar — und man kann wohl ohne Widerspruch behaupten,
737 2378 1873 2460 reiches Leben jetzt aus dem Vollen genießt will, lächelt
140 2397 690 2491 nußsucht und kecke Unter¬
1916 2425 3046 2503 daß Keiner aus dem Publikum als gerechtfertigte Belehrung
737 2431 1870 2519 befriedigt — denn die kleine Schauspielerin ist ihm mehr
144 2450 690 2531 in Uniform und Civil- und
1916 2478 3046 2541 einen kräftigen Faustschlag ins Gesicht befriedigt hingenommen
737 2494 1867 2569 geworden, als er es noch selbst ahnt. Es entsteht ein
156 2503 687 2588 ihrer eigenen Collegen und
1916 2534 3043 2609 hätte. Rönning hat sich eben als Genußmensch und
746 2541 1867 2619 erregter Wortwechsel zwischen beiden Nebenbuhlern, in dessen
181 2553 693 2641 jetzt, daß sie als Schau¬
1913 2588 3049 2659 moderner Lebemann Grundsätze zurecht gezimmert, welche ihm
743 2594 1863 2666 Verlauf Karinski für die Schauspielerin eine verächtlich
175 2619 696 2681 daß sie mit ihren schwachen
1913 2634 3053 2703 alles Angenehme erlauben, alles Unangenehm verbieten
746 2650 1873 2725 Redewendung gebraucht — ein Faustschlag des Malers lohnt
159 2669 693 2734 soll gegen Jahrhunderte alt¬
1913 2691 3053 2762 sollen. Im großen Publikum mußte er damit entschieden
752 2706 1876 2778 sie ihm. Ein Duell wird von Rönning abgelehnt; an der
169 2719 696 2790 sie bei dieser unmenschlichen
1923 2747 3049 2809 Erfolg haben. Allein Grundsätze verpflichten: nachdem ihm
746 2769 1876 2834 Festigkeit seiner Grundsätze prallen die commentmäßigen
144 2775 712 2853 muß. Man sollte glauben,
1913 2803 3056 2872 diese geboten hatten, seiner sittlichen Empörung durch eine
746 2812 1876 2884 Vorstellungen des köstlich gezeichneten und vorzüglich ge¬
153 2831 705 2912 nehmendsten Autor genügen
1913 2859 3053 2946 kräftige Handbewegung gegen das Gesicht eines Officiers
746 2856 1888 2984 spielten Gesellschaftsgigers Poldi Grehlinger (Herr Korf),
125 2884 705 2990 war dies nicht der Fall er
150 3006 2662 3199 Verlobungs-Anzeiger der „Extrapost“ befindet sich auf Seite 6 und 7.
