3392 4192
204 161 747 280 8. Freiwild
899 158 1307 258 box 14/4
1595 1099 1948 1200 Telephon 12801.
1220 1170 2314 1275 Alon. Weigls Unternehmen für Zeitungs-Ausschnitte
1414 1255 2141 1380 „OBSERVER
1217 1374 2311 1450 I. österr. behördl. konz. Bureau für Zeitungsberichte u. Personalnachrichten
1398 1448 2141 1530 Wien, I., Concordiaplatz 4.
1631 1515 1899 1582 Vertretungen
1220 1547 2304 1631 In Berlin, Budapest, Chicago, Genf, London, New-York,
1220 1603 2298 1681 Paris, Rom, Mailand, Stockholm, Christiania, St. Petersburg.
1490 1654 2025 1716 (Quellenangabe ohne Gewähr.)
1208 1706 2347 1838 Ausschnitt aus Das interesante Blat
1215 1811 1927 1923 vom Leben /
1970 1869 2185 1974 en
1182 1999 2130 2117 Deutsches Volkstheater. Man kann nicht
1098 2079 2120 2148 nur, man muß sogar oft gegen Arthur Schnitzler argu¬
1105 2134 2124 2210 mentieren, was die Tendenz vieler seiner Werke betrifft.
1101 2181 2121 2264 Von dem poetischen Gehalt seiner Dichtungen ist fast stets
1095 2224 2121 2309 anzuerkennen, daß sich das Wort zur richtigen Zeit ein¬
1101 2271 2115 2353 stellt, ohne daß tiefe Gedanken fehlen. Es ist ab schade
1098 2333 2120 2413 darum, wenn ein Poet von Rang sich damit abgid, durch
1088 2377 2122 2469 das Wecken der immer lauernden Gehässigkeit in der Menschen¬
1088 2421 2124 2502 seele billigen Applaus zu erwerben. Schnitzler trägt eine ata¬
1090 2490 2115 2553 vistische Belastung mit einem fast schon erstorbenen Triebe der
1098 2524 2115 2594 Gegnerschaft zwischen militärischen und akademischen Kreisen.
1084 2574 2117 2656 Dieser Trieb hat schon öfter des Dichters Feder in Be¬
1087 2622 2107 2707 wegung gesetzt und peinliches Aufsehen war die Folge.
1084 2679 2113 2748 In jüngster Zeit hat Schnitzler den großen Schritt vom
1088 2718 2120 2802 persönlichen zum menschlichen Motiv schon gemacht. Es
1088 2771 2110 2853 war nur ein Stück aus seiner Sturm= und Drangperiode,
1092 2827 2107 2906 das am Deutschen Volkstheater aufgeführt wurde. „Frei¬
1088 2868 2115 2955 wild" ist die sanfte Ah frau der Hartlebens, der Beyer¬
1084 2921 2106 3003 leins und Bilses. Die k. inen Künstlerinnen der Sommer¬
1090 2972 2110 3041 bühnen sind das Freiwild, und um sie kämpfen die
1090 3024 2104 3096 Männchen aller Sorten. Eine Nebentendenz ist der Protest
1085 3071 2100 3153 gegen das Duell. Die Erstaufführung fand vor acht Jahren
1087 3131 2106 3187 am Carltheater statt. Bei der Darstellung im Volkstheater
1084 3165 2096 3232 Zeichneten sich aus die Damen Erl und Glöckner, die
1084 3222 2107 3305 Herren Tewele, Jensen, Kramer und Kutschera. Das
1085 3257 1667 3348 Publikum war sehr beifallslustig.
