3436 4384
178 188 299 292 8.
342 188 693 299 Freiwild
874 172 1279 290 box 14/3
726 565 1610 656 erweist, streiten allendlich an
731 635 1368 719 Palme und halten das Interesse rege.
845 705 2090 813 Das Carl-Theater, welches in dieser Saison von unleugbarem Glücke
727 770 2087 866 getragen ist, hat mit Arthur Schnitzlers interessantem und wirksamem Schau¬
734 826 2093 919 spiel „Freiwild“ neuerdings einen starken und nachhaltigen Erfolg zu ver¬
736 866 2099 965 zeichnen. Was uns Arthur Schnitzler in kräftigen Strichen vom Theater hinter
736 917 2095 1007 den Coulissen und auf der Straße zeigt, ist ja wahr, aber nicht neu. Ob es gut
739 966 2099 1048 ist, den Schauspielerstand noch mehr zu discreditieren, als er es in der That ist,
736 1019 2104 1106 kann dem Dichter gleichgiltig sein. Er zeigt uns die moralischen Defecte und
734 1071 2104 1147 entblößt die Wunden dieses vielverlästerten Standes. So sind sie, so leben
733 1112 2104 1197 und weben sie wirklich, diese armen Provinzkomödianten! Directoren, wie sie
743 1161 2112 1248 Arthur Schnitzler auf die Scene bringt, existieren thatsächlich und treiben
746 1209 2107 1301 ihr zweifelhaftes Handwerk ruhig weiter. Wir kennen solche Ehrenmänner und
739 1260 2112 1347 könnten sie der Reihe nach beim Namen nennen. Was uns nun der Dichter
748 1315 2116 1398 weiterhin als Tendenzfrage aufrollt, ist das Duell, welches so vielfach erörtert
748 1354 2116 1445 und durch die akademischen Ausführungen Schnitzlers gewiss nicht aus der Welt
746 1407 2112 1503 geschaffen werden wird. Wie unerquicklich auch einzelne Scenen sein mögen und
748 1458 2109 1530 wie zweifelhaft die Gestalt seines Titelhelden auch erscheinen mag, der „versöhnende
760 1509 2124 1591 Schluss des Tendenzdramas ist die einzig mögliche Lösung und mit derselben
751 1549 2122 1631 capituliert Arthur Schnitzler vor seiner ehrlichen Überzeugung, da sie nie zum
758 1600 2117 1692 Durchbruche gelangen wird. Die Darstellung der Novität war ganz und gar
762 1655 1841 1740 mittelmäßig, was wir sonst an dieser Bühne nicht gewöhnt sind.
871 1742 2126 1829 Wenn man nach der Generalprobe schließen darf, die gestern im
758 1795 2116 1888 Raimund-Theater stattfand, dann darf dem Zeitbid: „Die lieben Kinder
767 1861 2128 1974 Ritter / ein starker und nachhaltiger Erfolg prognosticiert werden.
994 2088 2066 2180 Carl-Theater. Diese jetzt so rührige Bühne hat Freitag, den
878 2155 2061 2237 4. Februar, dem Wiener Theaterpublicum die Kenntnis von Arthur
883 2196 2063 2281 Schnitzler's „Freiwild“ vermittelt. Den Dichter der subtilen
886 2237 2068 2336 psychischen Vorgänge in der „Liebelei" hat eine laute und äußerliche
890 2290 2071 2377 Tagesfrage in ihren Bann gezogen, und die mit dem bezeichnenden Worte
881 2336 2071 2438 „Ehrenhandel“ über manches Menschenschicksal jäh entscheidende Katastrophe,
883 2392 2066 2472 deren Erörterung dann wie ein breiter Strom durch die Oeffentlich¬
884 2437 2075 2536 keit fließt, hat ihn menschlich und künstlerisch angeregt. Auf dem Wege
895 2496 2075 2583 jedoch, den ein solcher Anreiz aus dem unbewußt reagirenden Empfinden
888 2539 2075 2633 bis zu der dramatischen Gestaltung zurücklegte, hat sich in der Ver¬
900 2583 2075 2684 standessphäre eine zuerst zersetzende und dann aufbauende Arbeit voll¬
898 2631 2080 2725 zogen, deren Resultat eine kalte und berechnete Behandlung des Stoffes
895 2686 2080 2766 ist. Durch wohlabgewogene, stark in die Erscheinung tretende Bühnen¬
900 2725 2087 2822 effecte übt das Stück eine lebhafte äußere Wirkung, die das Interesse
903 2776 2087 2867 erregt und festhält, also ein kräftiges Spielstück, allein der Knall des
898 2834 2090 2925 Schlußschusses ruft kein Echo im Innern des Hörers wach, er hat das
903 2875 2090 2974 Spiel da droben auf den Brettern mitangesehen und mitangehört, und
900 2927 2090 3024 wenn er geht, nimmt er keine Theilnahme für das Schicksal der
910 2980 2092 3068 Menschen mit, die auf der Bühne gerungen, gekämpft haben. Und
910 3022 2090 3111 dennoch hat sich fast Jeder einmal, wenn auch nur vorstellung weise,
912 3077 2090 3162 mit den drei Personen beschäftigt, die im „Freiwild“ die Haupthand¬
919 3135 2092 3215 lung tragen und die da sind: die junge, auf ein reinliches Leben be¬
919 3178 2099 3263 dachte Schauspielerin, die verwirrt vor ihren zertrümmerten Kunst¬
922 3232 2102 3313 idealen steht; der übermüthige, von leichter Frauengunst verwöhnte
919 3282 2107 3365 Reiterofficier, den diese unabsichtliche Sprödigkeit reizt und der der
920 3321 2102 3415 Ehre der Abwesenden, die seine Bewerbung abgewiesen hat, nahetritt;
922 3367 2105 3465 endlich der andere Mann, den eine reine Neigung mit der jungen
922 3413 2110 3500 Dame eint, und der im zornigen Impulse seines Herzens auf die dem
925 3461 2107 3562 jungen Mädchen angethane Schmach mit der Faust erwiedert. Diese
927 3517 2110 3606 Vorgänge ergeben eine typische Prämisse, die sich im ersten
927 3572 2107 3659 Acte entwickelt, zu einer Zeit, wo uns die handelnden Personen, trotz¬
927 3622 2102 3698 dem sie durch eine ermüdend lange Exposition gehen, nur rein äußer¬
927 3664 2109 3770 lich vorgestellt werden. Aber aus dieser typischen Voraussetzung ent¬
