3436 4256
160 215 1269 328 8. Freiwild box 14/3
2633 1014 3056 1119 an der
820 1054 3041 1167 ung nicht zu erweiten, besonders da wohl Maßnahmen reth. Eine Hauptthätigkeit der „Eisernen Maske
124 1094 3048 1247 Außen gefordert wird, die meisten höheren Verwaltungsämter in Preußen im Besitz bestand bekanntlich auch darin, der sozialdemokratischen Parte
135 1196 3048 1309 Staaten Rechtens, soferner einzigen sozialen Kasse, nämlich des Kindes sind diejenigen Genossin nahmhalt zu machen, welche der vor¬
572 1298 3048 1360 die rechtslos ihre Ehre preisgeben müssen, wenn sie es zu seinem Käthchen Schütz eine wirkliche hochherzige Liebe an¬
1838 1345 3048 1418 schaulich ins Herz gelegt, würde die talentvoll skizzette Figur
576 1371 1805 1426 etwas bringen wollen. Bin ich etwa dazu da, meine Schau
1834 1397 3052 1462 erwärmen können. So trifft nur Martin Greifs trefflicher
124 1382 222 1491 .
580 1407 1809 1477 spielerinnen zu ernähren frägt der Theaterdirektor mit
1834 1455 2024 1531 Vers zu:
576 1451 1798 1553 naivem Sarkasmus. Also müssen sie sonst zusehen, wie sie si¬
2067 1458 2731 1542 „Modern sein heißt, am Tage hangen,
583 1517 912 1579 etwas verdienen.
2049 1524 2665 1582 Aus dem wir selbst hervorgegangen.
667 1524 1812 1619 Diesem trühseligen „Freiwild" eines gut geschilderten
2053 1564 2727 1619 Was aber hat der Mensch erreicht
131 1550 558 1648 rektion dieser Bühn
2053 1612 2764 1659 Wenn er der Eintagsfliege gleicht?
583 1601 1812 1674 Schmierentheaters steht als edleres Freiwild ein junger Mann
142 1615 562 1696 sogenannten Sommer
1925 1626 3052 1706 Ebensowenig nimmt der junge Rönning eine belangreiche
583 1644 1805 1725 gegenüber, welcher noch an die Ehrbarkeit der Schauspielerinnen
142 1677 562 1736 nach der Bauernrege
1830 1692 3048 1757 Stellung ein. Er war früher krank, ist äußerst froh, das
583 1699 1801 1768 glaubt, und einen rabiaten sittenlosen Offizier öffentlich ohrfeigt
149 1725 565 1794 Theater volle Häuser
160 1739 3048 1827 wird doch am Ende der von einer anständigen Naiven verächtlich spricht. Das Leben wieder zu haben, das allein ihm zum Dasein genügt,
1830 1790 3048 1852 Arbeiten mag er nicht. Versucht hat er allerlei. Aber als
139 1801 1805 1881 würdigerweise gestern Duell lehnt Herr Paul Rönning ab. Er hat (so philosophir
1838 1845 3048 1907 sein Vater starb, gab er sofort (eine andere Figur nennt das
142 1838 1801 1925 aus Schnitzler) den Oberlieutenant Karinski „nicht beleidigt", sondern ver
583 1889 3063 1958 dienter Maßen gezüchtigt; und dafür sich todtschießen richtig pietätlos) seine Staatsstellung, die sich der Vater für den
149 1911 558 1991 halb des Theaters so
580 1940 3048 2005 lassen will er nicht. Aber das Vorurtheil ist stärker als die Sohn brennend gewünscht, wieder auf und wird ein mäßig geistreicher
142 1965 554 2038 n, wenn er den du
580 1987 3048 2053 Vernunft. Alle ziehen sich von Paul Rönning zurück, auch Bummler. Er liebt die Schauspielerin nicht (so sagt er) und
142 2016 558 2086 rzog. Eine Operette
1834 2042 3052 2100 sie liebt ihn nicht (so sagt sie), aber er wünscht sie zu „för¬
572 2038 1809 2097 Diejenigen, welche den Offizier verdammen. Denn er wuß
357 2064 554 2133 Der Tite
142 2071 325 2129 Sommer.
1823 2089 3048 2148 dern", zu beschützen, er will wissen, in welcher Umgebung sie
583 2082 1801 2151 sich schlagen. So wird der junge Mann zum Fre wild eine
131 2118 554 2177 Residenztheater un
1830 2133 3048 2195 lebt. Für einen 25jährigen Jüngling ist das ein recht blasi¬
142 2144 1809 2232 aus sehr stichhaltigen Vorurtheils, und schließlich außerhalb des Duells von dem
1827 2184 3048 2250 ter Ton, und als es Seiten des Lieutenants im Theaterrestau¬
583 2180 1805 2275 erbitterten verzweifelten Lieutenant niedergeschossen. Nach den
131 2206 554 2286 reifliches Wetterglü¬
1819 2224 3056 2290 rant zu einer despektirlichen Bemerkung über Fräulein Käthchen
583 2232 1623 2315 Mord fällt der Vorhang. Das Trauerspiel ist aus.
139 2261 518 2330 de Häuser ertragen.
667 2264 3052 2363 Der Fehler des Dramas ist aber nicht nur, daß es keinen Schütz kommt, findet der Zuschauer die nun folgende Ohrfeige
139 2297 572 2374 und handelt vom
139 2326 3052 2428 har das einmal wieder leitenden Gesichtspunkt bietet, sondern daß es zu unwerthige mindestens überflüssig, wenn auch gerecht, denn Paul hat legi¬
1827 2377 3052 2436 tim keinen Anspruch, so für das Theater=Fräulein einzutreten.
135 2381 1801 2476 eitungspolemiken und Charaktere zu Trägern wichtiger Ideen macht. Rönnnig stirbt
139 2417 3052 2520 unzug leidenschaftlich, gut. Er stirbt, weil er aus Ritterlichkeit einem Buben eine Es ist viel Unreise in dieser Supposition, — allerdings auch
583 2472 3048 2556 Ohrfeige gegeben; gut. Aber nun sehe man sich die drei eine Dosis Idealismus. Wie anders aber müßte der geschick
139 2501 562 2578 des berühmten Wiener
1827 2520 3052 2582 aufgebaute Vorgang berühren, wenn für den Zuschauer die
591 2534 1798 2611 Hauptfiguren einmal genauer an: das Mädchen, Rönning un
149 2552 558 2618 Sache dramatisch be¬
1827 2574 3056 2644 Liebe zwischen den beiden jungen Leuten, die sich von nun ab
146 2603 839 2676 gelöst, so wenig wie den Offizier.
685 2603 2421 2713 Schon das Milieu ist fatal, eine Theatergeschichte niederster erst entwickelt, schon feststünde.
117 2647 572 2727 können. Sein Stück
1929 2658 3056 2738 Für den Dritten, den Oberlieutenant, kann man leider
120 2680 1805 2775 chaus wohlgemeinem Art. Wohl hebt der Dichter die kleine Liebhaberin, um die
1830 2716 3048 2778 noch weniger en finden. Das ganze häßliche Verhältniß des
387 2727 1801 2808 angeblich es sich handelt, moralisch etwas heraus. Sie ist nicht
124 2753 303 2819 geholfen
1834 2768 3052 2833 Miltärs zu diesen Schmierentheater ist „wahr, gewiß. Aber
142 2771 1801 2870 Die szenische Wirkung gemein wie die Anderen. Sie soupirt nicht Nachts allein mi
1834 2811 3052 2881 es ist denn doch traurig bestellt, wenn ein von den Kameraden
587 2829 1809 2895 den Offizieren und hat keine Nebeneinnahmen. Soweit braucht
135 2862 3048 2953 oppelsinnig sein soll. der Dichter eine halbwegs anständige weibliche Motiv-Figur, und dem Obersten wegen Spielschulden und Brutalitäten schon
587 2902 3048 2990 Aber im Uebrigen ist sie doch sehr schwankend, unschlüssig und halb preisgegebener äußerst moralbedenklicher Offizier, der ohne¬
142 2943 569 3015 ters genannt werden
157 2957 3052 3085 Hof machen darf und sehr uninteressant. Wäre Schnitzler nicht Verist und hätte hin wird quittiren müssen, noch das Unheil anrichtet, einen
