3436 4384
199 161 715 273 8. Freiwild
890 140 1302 261 box 14/3
1343 876 1689 983 Teleton 1891.
2056 953 2228 1039 Ausschnitt
1066 958 1967 1080 Unternehmen für Zeitungs-Ausschnitte
2034 1031 2128 1123 Nr.
1227 1043 1797 1178 „OBSERVER
814 1114 2240 1256 1. österr. behördl. concess. Bureau für Zeitungsberichte und Personalnachrichten
1112 1204 1949 1337 Wien, IX/1 Türkenstrasse 17.
1009 1274 1995 1424 — Filiale in Budapest: „Figyelö", VIII. Josefsring 31a.
823 1444 1956 1609 Annahme uns de oude
1151 1637 1458 1754 von
1421 1891 1831 1988 Carl-Theater.
1499 1956 1733 2031 „Freiwild.
1149 1980 2194 2102 Es ist erstaunlich, welche Fortschritte das Carl
1034 2038 2191 2144 Theater als moderne Schaubühne macht. Nicht nur
1025 2097 2199 2194 wird das Repertoire nach Möglichkeit mit interessanten,
1025 2159 2189 2244 modernen Stücken bereichert, die Darstellung genügt auch
1025 2192 2199 2295 den strengsten Anforderungen. Mit Darstellern wie Klein,
1022 2247 2194 2338 Reusch, Korff und Tewele kann man sich vor das
1025 2297 2192 2389 verwöhnteste Publicum hinstellen und des Sieges sicher sein.
1022 2340 2191 2428 Wäre noch eine interessante Darstellerin weiblicher Rollen
1018 2391 2185 2476 zur Verfügung, so könnte das Carl-Theater mit der
1018 2430 1398 2497 Burg rivalisiren.
1133 2503 2182 2581 „Freiwild“, die letzte Novität dieser Bühne, ist
1013 2552 2178 2625 eine überaus feine und dabei hochdramatische Arbeit
1015 2575 2178 2673 Arthur Schnitzler's, der künstlerischesten Natur unter
1015 2627 2168 2721 den Modernen. Die Handlung dreht sich um den Gegensatz
1007 2684 2173 2772 zwischen militärischen Ehrbegriffen und bürgerlich=praktischer
1015 2733 2180 2817 Duell verweigerungs=Philosophie. Man thut aber Schnitzler
1000 2795 2171 2873 großes Unrecht, wenn man in seinem Drama ein Tendenz¬
1009 2822 2176 2911 stück wittert. Dieser feinsinnige Künstler wollte nur einen
1011 2873 2166 2962 Ausschnitt des Lebens geben, wie es sich in Wirklich¬
1002 2916 2290 3010 keit abspielt. Das Applaudiren des Publicums war deß¬usive
2180 2992 2272 3026 Porto.
1007 2969 2286 3070 halb in jenen Momenten ganz deplacirt, wo eine Tirade zahlbar
1004 3019 2306 3113 für oder gegen das Duell losgelassen wurde. Bei solchem Voraus¬
995 3065 2356 3163 Tendenzlärm geht leicht die Stimmung für ein so feines das
954 3127 1907 3221 „Kunstwerk, wie es „Freiwild“ ist, unter.
2152 3163 2356 3223 eht es den
937 3182 1696 3280 Abonnement durch keine bestimm¬
935 3187 2254 3342 Abonnenten frei die aufgegebenen Themen zu ergänzen oder zu andern.
