3344 4352
225 184 326 271 8.
372 187 728 248 Freiwil¬
377 243 488 283 .............
931 176 1331 258 box 14/5
981 947 1245 1011 gerne an
898 977 1901 1050 es drei Monaten strengen Arrestes, bedingt, verurteilt.
1156 1059 1859 1124 Theater und Vergnügungen.
1072 1109 2013 1164 Vereinigte deutsche Theater in Brünn. Deutsches Haus:
1147 1149 2016 1195 Die Kleine auf Besuch" (rot). Donnerstag (Vereinsvorstellung)
909 1144 1118 1213 in Mittwoch
1147 1182 2025 1242 — Schauspielhaus: Mittwoch „Freiwild" (gelb). Don¬
978 1195 1118 1238 ung
987 1213 1322 1271 nerstag „Leonie" (blau).
1072 1235 2022 1284 „Freiwild. Schauspiel in drei Akten von Arthur
919 1271 2024 1322 in Schnitzler. Die Aufführung dieses Stückes, das heut 32 Jahre alt
981 1308 2022 1343 ist, rechtfertigt sich von selbst. Zu dem starken menschlichen und
993 1339 2022 1379 theatralischen Wert dieser tragischen Schilderung des Zusammen¬
1002 1368 2025 1416 stoßes von Offiziers= und Bürgerehre, dieser schiksalhaften Duell¬
1002 1398 2019 1442 geschichte, die zwischen Paul Rönning, dem Beschützer der kleinen
932 1425 2013 1463 Schauspielerin, die für den Oberleutnant Karinski „Freiwild“ ist
941 1454 2022 1502 k. und diesem spielt, kommt jetzt noch der historische des Kulturbildes
935 1487 2025 1528 ei aus der Vorkriegszeit österreichs. Im übrigen kehren manche
999 1524 2027 1571 dieser Typen von Offizieren und Schauspielern gleich scharf ge¬
999 1549 2019 1600 zeichnet in Schnitzlers neuer Meisternovelle „Spiel im Morgen¬
1010 1580 2025 1629 grauen wieder, die auch in Baden lokalisiert ist. — Die Vor¬
1005 1611 2028 1662 stellung, von dem Dramaturgen Dr. Glück sorgsam geleitet, brachte
996 1640 2033 1692 einen großen Erfolg. Vortrefflich, von starkem Impuls Herr
999 1671 2022 1715 Wehrle als Karinski, sehr sympathisch Herr Widmann als
1005 1702 2031 1745 Rönning, sicher gezeichnete Figuren die Offiziere der Herren
999 1737 2030 1785 König und Immendorf, die Theaterleute der Damen
999 1758 2031 1804 Ortens und Warden, der Herren Wurmser (ein
1010 1786 2034 1843 prächtiger Direktor), Kalwoda, Schroth, Wilhelm und
1011 1816 2031 1872 Maluschinsky. Fräulein Heilinger, im allgemeinen
1013 1855 2035 1904 schlicht und innig, erschien doch der Anna Riedl nicht ganz ge¬
1010 1878 2034 1933 wachsen. Einen Sondererfolg holte sich Herr Patzal, der lyrische
1013 1912 2031 1970 Tenor, bei diesem Ausflug ins Sprechstück mit seinem belustigend
1013 1947 2038 2015 echten Pepi Greilinger. Auch Herr Holger als Dr. Wellner
1838 1970 2010 2015 Dr. K. K.
1013 1990 1376 2033 verdient Anerkennung.
1096 1990 2031 2056 Drittes ordentliches Konzert des Brünner Musikvereines
907 2010 2037 2093 Per¬ Dem musikalischen Jahresregenten Franz Schubert wurde auch
1797 2068 2037 2116 direktor Josef
1414 2077 1546 2113 lerischen
885 2077 1376 2135 hrend mit dem unter der ki
1800 2099 2033 2145 neert durch die
1442 2101 1619 2142 dritten M.
1018 2107 1376 2156 Heideggers stehen
1776 2127 2031 2172 gt, die allerdings
1017 2136 1309 2184 Wiedergabe der 4.
1776 2160 1858 2202 er
904 2154 1444 2200 Eger zu den weniger interessant
1761 2188 2034 2242 ktor Heidegger als
1457 2173 1582 2245 hatte si¬
892 2187 1313 2258 Preß= weitaus dankbarere
1773 2222 2040 2265 Joh. Brahms,
1018 2227 1493 2282 Abschluß der Vortragsfolge
1800 2250 2037 2296 recht Brahms¬
1027 2261 1628 2299 3. Symphonie, die bald in leidenschaft
1797 2280 2028 2325 in tiefer Ver¬
887 2280 1589 2338 in scher Rhythmik schweigt und dabinst
1752 2310 2037 2360 ten und Orchester
1027 2320 1637 2365 sonnenheit ruhig dahinströmt und damit
904 2322 996 2376 de¬
1758 2348 2038 2382 und Lorbeeren zu
903 2347 1696 2400 über ungleich mehr Gelegenheit bot, sich auszule
1024 2372 2031 2424 ernten. Im Mittelpunkte Abends, mit Spannung erwartet
895 2399 993 2449 timmt
1024 2403 2001 2455 gelangte unter Leitung des Schöpfers Dr. Hans Zatschek des
1755 2431 1933 2474 Traumbilden
1027 2434 1660 2482 Kammersymphonie Op. 6: Die Teepuppe
895 2439 992 2482 nheit¬
895 2458 2040 2516 Richt= Aufführung. Sie umspinnt die drei Gedichte Dr. Zatschecks mi¬
1027 2494 2043 2544 einer stimmungsvollen, süß sinnlichen und farbenprächtigen Musik,
898 2514 996 2560 tives
1899 2522 2041 2565 en Reize¬
1024 2531 1835 2574 die, aus der heutigen Zeit geboten, trotz allen eigen
903 2551 1001 2599 wird
1036 2557 2041 2603 stets nach Klangschönheit strebt und den in den Gedichten austre¬
907 2584 2040 2633 dein tenden Stimmungen echt traumhaften Ausdruck verleiht. Gerad¬
904 2615 2040 2674 histo- die Behandlung eines kleinen Klangkörpers erfordert besonder¬
927 2651 1951 2713 eine feinsinnige Stimmführung und technisches Geschick, welcher
1030 2680 2046 2725 derung der Komponist in hohem Maße gerecht wird. Die Wirkung
913 2701 2043 2743 ende wäre vielleicht noch größer gewesen, wenn die Wiedregabe all
907 2735 2052 2808 Stel= vorhandenen Vorzüge geoffenbart hätte. Trotzdem konnte Dr.
891 2772 1662 2826 fügend Zatscheck mit dem Erfolge zufrieden sein.
890 2818 1002 2869 fgeho=
1110 2818 1985 2879 Radio am Donnerstag. Brünn; 12.15 Mittagskonzert,
1423 2852 2046 2906 Pressenachrichten, Dr. Adolf Fischer: über
888 2849 1379 2916 infra Deutsche Sendung:
1030 2889 2055 2937 das Wesen und die Verhütung der Tuberkulose. 19.30 Symphoniekonzert.
922 2937 2056 2995 samt Wien: 11 und 16.15 Konzert, 17.40 Mitteilungen aus den Bundes¬
1036 2952 2055 2998 theatern, 18.30 Wochenbericht für Körpersport, 1925 Bericht über die Win¬
941 2981 2056 3020 der ter-Olympiade 1928 in St. Moriz, Breslau: 20.05 Till Enkenspiegel,
872 3015 2062 3072 de dort Bruno Schönfeld, 21 Bunte Stunde, 22.30 Funktanzstunde, 23 Tanzmusik.
