3436 4224
223 157 359 285 8.
187 1317 424 1383 in unter die
187 1368 428 1438 selleicht weil
190 1416 417 1482 reise hinein
187 1467 424 1540 nerheblichen
190 1518 424 1581 ist es, der
187 1562 428 1632 ten dieser
209 1614 424 1679 empfindet;
190 1646 428 1734 t mit dem
183 1712 417 1785 sinen, sep¬
194 1764 421 1826 gehört. Der
198 1818 424 1884 das war
194 1859 417 1946 war, und
194 1939 410 2023 8, der i.
198 2009 413 2078 le bringt
183 2060 417 2126 fens, auch
187 2107 421 2173 ner niedri¬
194 2155 417 2221 mit dem
201 2206 417 2279 es schuld¬
234 2250 421 2320 steht, so
194 2301 417 2371 sch stets der
198 2353 421 2422 plose, von
194 2400 417 2466 ge Mann,
198 2448 417 2517 die Tatsache
198 2499 413 2565 im Roman
187 2550 421 2623 t erhalten.
176 2590 417 2678 schaftlichen
187 2649 421 2711 n seelischer
187 2693 413 2762 gestaltung
187 2748 417 2814 zwang, in¬
234 2795 333 2868 ihm
172 2806 402 2909 der tragi
187 2879 410 2960 seien Men¬
198 2938 406 3007 t Arthur
194 2986 410 3059 ten Mann
201 3040 410 3110 wäre, und
209 3092 406 3176 ihr Ziel
238 3161 406 3264 bedeut¬
220 3238 406 3308 gik. Die
220 3282 399 3351 nicht in
216 3329 395 3403 die, wider
205 3384 395 3454 rigkeit zu
220 3432 399 3520 Das Leben
388 168 523 245 Fre
933 150 1339 263 box 14/4
571 165 772 285 wild
446 1185 1606 1306 anderer Wesen ein, als irgend jemand ihr eigenes
1632 1248 2784 1324 nicht unterwerfen will. Paul Rönning, der reiche, unab¬
2814 1229 3366 1313 wenig dürftig. Als der B.
454 1262 1603 1346 beeinflussen vermöchte. Doch eine ausgleichende poetische
1635 1295 2777 1361 hängige junge Mann sieht Anna Rieder diesen Kampf
2814 1299 3362 1376 Karinski sich die Genugtuu
461 1332 1603 1409 Gerechtigkeit verhängt das über sie, was dem Arzte
1643 1339 2777 1405 kämpfen. Um nicht mit zu den Jägern zu gehören,
2814 1346 3362 1427 ihm verweigert hat. Er wo
461 1379 1610 1438 Arthur Schnitzler als der letzte Trumpf des Schicksals
1635 1390 2784 1453 nennt er sein Gefühl für sie Mitleid, und Anna, aus
2814 1409 3366 1471 und Anna mitnehmen. Ab¬
454 1409 1603 1493 erscheint und zugleich als das Schicksalmäßigste, das
1646 1434 2784 1526 Furcht, daß sie vor sich und den anderen doch als käuf¬
2814 1445 3366 1522 den Vorwurf der Feigheit
468 1474 1599 1537 einzige, was jene wirklich zu Boden werfen kann: der
1635 1489 2781 1555 lich erscheinen könnte, nimmt seit seine Freundschaft
2814 1489 3366 1573 schließt er nun, nicht zu fl
461 1518 1603 1584 Tod. Und merkwürdig: selbst diesen Tod erleiden in
1635 1544 2773 1599 nur zögernd und in genügsamen Grenzen an. Doch ihre
2810 1548 3351 1624 volver zu sich, und ist auf
454 1570 1606 1650 Wahrheit nicht die Männer, die sterben, sondern die
1646 1584 2777 1646 Lage wird unerträglich, der Direktor des Kurtheaters
2894 1595 3351 1668 Der dritte Akt besteht
454 1621 1595 1683 Frauen, die daran zugrunde gehen werden. Der Tod
1643 1628 2773 1694 setzt sie auf halbe Gage, um sie kirre zu machen, der
2817 1624 3370 1701 strophe. Karinski, den seine
465 1676 1603 1756 schließt die Tragödie nicht ab, sondern verursacht sie.
1635 1683 2777 1742 brutale Draufgänger Oberleutnant Karinski verfolgt sie
2806 1701 3362 1753 Rohnstedt und der gutmüti
454 1731 1606 1793 Man muß das Leben sehr lieben, um den Tod so un¬
1635 1731 2784 1796 in der frechsten Weise, und sie sieht keinen anderen Aus¬
2814 1745 3362 1811 Besinnung zu bringen vers
443 1774 1551 1855 vestritten als sein tragischestes Ereignis zu empfinden.
1632 1778 2766 1840 weg, als für eine Weile zu ihrer Mutter heimzukehren
2814 1796 3377 1859 letztes Mal auf, sich mit ih¬
534 1815 1595 1884 In allen dreien: in der „Liebelei", im „Vermächt¬
1639 1833 2773 1903 um sich im Herbst ein neues Engagement zu suchen
2806 1833 3355 1914 liche Weigerung hin knali¬
454 1855 1592 1928 nis und im „Freiwild, stirbt der reiche junge Mann
1635 1873 2773 1943 Da hat Paul mit dem Oberleutnant Karinski ein Ren¬
2803 1888 3373 1961 Deine Ehre," sagt Rohnste
446 1917 1595 1983 der der einzige Halt eines armen Mädchens war, aus
1635 1925 2784 1987 kontre; der Offizier, durch das Mißlingen eines neuer¬
2806 1946 3370 2020 über Pauls Leiche zusamm
446 1957 1603 2023 Ursachen, in die einzugreifen diesem Mädchen vollkom¬
1635 1976 2773 2038 lichen Ansturms auf Annas Sprödigkeit wütend gemacht,
2806 1979 3355 2060 unvermeidliche Arzt und
454 2016 1595 2078 men unmöglich ist. In der „Liebelei" fällt er im Duell
1632 2023 2781 2085 läßt sich im Verlaufe eines Wortgeplänkels mit Pau
2806 2031 3370 2096 Werke: „Gehen Sie, Sie
446 2064 1588 2122 wegen einer Frau, deren Existenz das Mädchen, das ihr
1628 2067 2777 2137 dazu hinreißen, Anna gemein zu beschimpfen. Paul
2814 2085 3340 2159 Gehen Sie." Und Anna
446 2115 1603 2181 liebt und das er zu seiner Geliebten gemacht hat, nicht
1635 2118 2773 2199 schlägt ihm ins Gesicht. Besonnene Kameraden Karinskis
2803 2122 3073 2203 Wohin
446 2162 1595 2221 einmal kennt, nur in qualvollem Zweifel ahnt. Im
1628 2181 2711 2250 verhüten ein Unglück und führen den Wütenden fort.
2894 2170 3366 2250 Dieses ganze Geschehen
461 2214 1595 2272 „Vermächtnis ist es ein Reitunfall, der den jungen
1712 2221 2777 2287 Nun soll Paul sich mit Karinski duellieren; zum
2810 2221 3362 2309 wendig und innerlich wahr
446 2268 1595 2323 Mann schon im ersten Alt tötet, und der die Frau, die
1628 2246 2781 2331 Entsetzen der Sekundanten, sowie seiner eigenen Freunde
2806 2272 3351 2353 dramatische Leben. Es ist
446 2301 1595 2367 ihm vier Jahre lang ungetrübtes Glück gegeben hat,
1628 2316 2770 2382 nimmt er die Forderung nicht an. Er hat keine Lust,
2803 2323 3366 2386 Daß diese Erzählung nur
465 2360 1595 2415 samt ihrem Kind zu Parias macht. Im „Freiwild fällt
1632 2378 2773 2444 einer Dummheit wegen sein Leben aufs Spiel zu setzen,
2803 2375 3377 2451 hat, tut nichts zur Sache. A
454 2411 1595 2466 der tödliche Schuß erst in der letzten Szene, aber auch
1628 2418 2770 2481 oder einen Menschen zu töten; er hat Karinski „nicht be¬
2810 2422 3373 2492 schaut; es ist als zusammen
461 2455 1592 2521 hier trifft er für unser Empfinden das Weib, das die
1624 2470 2773 2525 leidigt, sondern gezüchtigt. Alles Zureden hilft nichts.
2803 2470 3355 2536 deren Dialogstellen sich vor
454 2506 1595 2565 Sitte unbarmherzig den Männern ausliefert, wenn der
1628 2517 2781 2587 Die Leute werden ihn verachten? Immerzu. Er braucht
2810 2525 3373 2579 kann in sehr wenig Worten
450 2546 1592 2609 Mann es nicht schützt; und auch hier beginnt die eigent¬
1635 2568 2773 2631 sie nicht. Und die Sache erhält einen ganz feinen, bur¬
2810 2576 3377 2642 unkompliziert bis zur Dürst
457 2601 1592 2678 liche Tragödie mit dem Tode des Mannes — also nach¬
1624 2620 2766 2678 lesken Unterton, wenn Karinskis Freund und Sekun¬
2806 2623 3315 2693 wendigkeiten sind durch
450 2638 1076 2715 dem der Vorhang gefallen ist.
1617 2653 2773 2726 dant, der kluge, besonnene Rohnstedt, nochmals zu Paul
2806 2675 3370 2740 behilft sich Schnitzler mit e¬
531 2675 1592 2759 Das Freiwild ist die Schauspielerin, die, mag sie
1632 2711 2766 2777 zurückkehrt, und ihn im Namen der Menschlichkeit an¬
2799 2711 3381 2770 Dramatikers, der der Wal
446 2722 1595 2810 noch so stolz und trotzig sein, nun einmal als Beute für
1628 2773 2770 2836 fleht, den beleidigten Offizier durch Verweigerung der
2810 2762 3362 2828 Personen einführen muß,
446 2799 1595 2857 alle gilt, die die Hand nach ihr ausstrecken. Nicht nur
1628 2817 2777 2890 Satisfaktion doch nicht unmöglich zu machen. Paul aber
2803 2806 3366 2890 lich mit der Handlung zu
446 2847 1595 2912 Jäger gibt es in dieser Jagd, sondern auch Treiber, die
1628 2854 2770 2920 findet, er könne auch der Karriere des Herrn Oberleut¬
2795 2854 3381 2934 hier noch an allen Ecken un
443 2898 1595 2978 das Wild vor den Lauf der Flinte bringen: der
1624 2916 2766 2975 nants zuliebe nicht sein Leben riskieren, das ihn gerade
2799 2916 3381 2982 Leutnant Vogel, weil doch
443 2942 1592 3011 Theaterdirektor, dessen Interesse es erfordert, daß die
1628 2956 2766 3018 jetzt, nach kaum überstandener schwerer Krankheit, beson¬
2799 2960 3370 3026 kundanten braucht. Da ist
450 2993 1592 3062 Schauspielerin auch andere Erwerbsquellen habe als ihre
1614 3011 2766 3070 ders freut. Und als Anna, aufgeregt und besorgt, zu ihm
2795 3007 3377 3081 Beng von der jeunesse do
454 3040 1511 3103 Gage, die Kolleginnen, die in ihrer Unkäuflichkeit,
1628 3055 3381 3114 kommt, bittet er sie, seine Frau zu werden. Diese Szene habe, über den man ein wenn
446 3092 1584 3154 die sie nicht glauben, nur eine geschickte Konkurrenz sehen
1617 3106 2773 3165 ist von einer ganz unkonventionellen Feinheit. Wie bei
2806 3106 3377 3183 jemand da sein muß, der si¬
443 3143 1584 3205 die Kollegen, die durch ihre Unnahbarkeit in ihrer Eitel¬
1624 3150 2773 3212 Paul das Mitleid mit der armen, gehetzten Anna so
2795 3154 3377 3234 Sekundant anträgt. Da ist
450 3190 1584 3253 keit verletzt sind. Und die Jäger: die Kavaliere, denen
1635 3209 2766 3260 stark wird, daß es sich endlich selbst entlardt und sich als
2795 3212 3333 3275 aber verzeiht, daß er auch
450 3238 1584 3297 die Schauspielerin die beste und doch mit der geringsten
1628 3253 2762 3318 das zu erkennen gibt, was es ist, und wie Anna, wagt,
2795 3245 3377 3322 lung beiträgt, weil er ein V
446 3286 1581 3359 Anstrengung zu erlangende Sorte käuflicher Weiblichkei
1624 3297 2762 3359 ja zu sagen, obwohl es aussieht, als flüchtete sie nur in
2795 3304 3381 3377 vornehmen Männer ist, die
443 3333 1584 3395 bedeutet und die es als eine Art Betrug auffassen, wenn
1621 3351 2770 3414 den Hafen, — diese ganze Liebesszene, die keine, ist, ist
2795 3355 3377 3425 nen edlen Typus der Vertra¬
439 3381 3381 3509 sich eine einmal dem unverbrieften Gesetz ihrer Kaste bester Schnitzler. Dennoch ist selbst dieser zweite Akt ein ferner das ganze Theatergesin
