3484 4384
573 49 1259 121 An Jhr und mehr zu verderben,
1305 80 1492 127 antwortete
173 91 461 145 ambitionirt sind,
489 111 1485 166 die Frau Sopherl. „Das is wenigstens amal a Stuck, wo
168 132 461 197 blich Gelegenheit
489 163 1481 217 net der Schneider Stern oder der Drecoll die Kapell¬
168 179 360 239 absolviren.
492 208 1485 261 master san, dö die Ouvertür mit die dekotel tirten
161 225 458 280 piranten in den
492 249 1492 308 Klader und dö Zwischen nacktmusik besorgen. Wie i
194 267 454 331 die Ausbildung
489 303 1489 353 gelesen habe: „Freiwild", so hab' i mir schon denkt,
168 314 461 381 Jugend des öster¬
492 345 1490 394 denk i mir: „Aba, da wildelt schon der Titel. Und der
165 362 450 432 lange nicht mehr
484 391 1492 443 Dichter, der Herr Natur-Schnitzler, is a net ganz
489 441 1481 489 vertrauenswürdig; der hat nämli das Stuck: „Lieblerei
173 453 451 515 obenen Kadetten¬
492 482 1489 549 g'schrieben, dös was no der Direktor Burckhard — Gott
176 502 454 565 Regelmäßigkeit
492 534 1492 583 tröst ihn und laß ihn selig dichten — aufführ hat lassen.
173 551 456 612 nach Wien. Auch
495 580 1489 637 Hernach hab' i mir aber do wieder denkt, vielleicht is dos.
173 596 461 653 fenen 239 Offi¬
489 624 1492 678 so a Wildschützengeschicht, wo der Wildschütz und der
173 640 458 700 ilitär=Akademien
489 673 1492 720 Jager dasselbe Madl gern haben und wo die ganze Zeit
171 689 458 749 re, welche eine
492 720 1485 775 dö Büchsen an der Wand hängt, wo ma allerweil zittert,
200 735 459 796 (32 Aspiranten)
489 767 1482 814 daß Aner von die Zwa An von die Zwa derschießt
176 785 461 855 dene Porte-épée
495 811 1495 862 Aber es hat sich eigentlich um ganz was Ander's gehandelt.
489 860 1489 915 Nämli, dös is a so. Der Herr Paul Rönning hat
173 863 458 937 dungsprovenien¬
498 904 1495 961 die Fräulein Riedel gern, die trotz ihre jungen Jahr
173 920 461 984 ten dieses Jahres
498 951 1490 1007 schon die Naiven spielt. Sie is a schönes Madl und
213 969 456 1026 167 auf die
495 994 1495 1047 darum steigen ihr a die Offizier alle nach. Besonders der
169 1011 458 1078 rie, 25 auf die
498 1041 1492 1098 Herr Karinsky, das is schon der Wahre. Der hat's
176 1060 461 1125 rtillerie, 14 auf
492 1090 1492 1143 nothwendi. Soll liaber seine Schulden zahlen. A schöne
176 1108 454 1189 Eisenbahn= und
492 1135 1495 1186 Ehr für die anderen Offizier, so a Frücht. Der Herr
495 1182 1489 1239 Karinsky alsdann gibt der Fräulen Riedel ka Ruah, da
200 1173 459 1266 zweite, ja eine
498 1230 1495 1280 anständig's Madl is und will von ihr durchaus a
173 1251 461 1311 riel zu eröffnen
495 1270 1498 1332 Randiwn. Er schickt a Zetterl an sie ab und geht
176 1296 461 1360 n für diese hohe
502 1314 1498 1370 sogar selber hin, wird aber net einlassen. Natürli hat der
178 1340 458 1399 im österreichisch¬
495 1363 1489 1419 Lump, mit Respekt zumelden, um zwanzig Flaschen
197 1386 451 1441 den zwar ab¬
489 1409 1485 1468 Schampani wetten müssen; von was für an Geld, frag
168 1420 454 1495 getheilten Kriegs¬
489 1458 1497 1508 ? Von seiner Gasch"? Daß i net lach! Wie er alsdann
191 1474 450 1538 hochintelligente,
489 1497 1485 1559 derzählt, daß ihn de Fräul'n Riedel hat abblitzen
173 1511 450 1586 bereitete Jugend
489 1554 1490 1611 lassen, muaß natürli der Herr Paul Rönning dazu
173 1568 456 1634 ander segensreich
489 1591 1497 1648 lachen — selbstverständli, weil ihm der hätt' voraus¬
168 1614 451 1697 hisch=ungarischen
489 1643 1492 1699 sagen kinna, daß die Riedel zu sowas ein Lebta net
485 1687 1495 1746 hab'n is. Da is aber in Herrn Leutenant der Bitzl gestiegen
484 1736 1500 1790 und er fragt in seiner schnoderigen Weis, warum der Herr,
484 1775 1489 1840 Rönning gelacht hat? — hätt' gesagt: „Schmecks, Kropfeier,
489 1827 1482 1880 brauchst ka Nasen." Der Herr Rönning hat si aber
194 1837 453 1930 in den Sosten¬
489 1878 1497 1930 viel manierlicher ausdruckt. Drauf schreit der Herr
179 1909 451 1971 er Männer
489 1922 1497 1976 Lieutenant: „So a Frauenzimmer soll sich eine Ehre
179 1958 450 2020 das lustig
489 1964 1489 2021 daraus machen, und dabei betont er das Frauen¬
179 2002 451 2070 „Willkommgruf
484 2015 1484 2065 zimmer so gewiß quasi, daß sa si angehört hat —
171 2052 456 2114 njamin Schier
489 2060 1489 2112 mag gar net sagen wiia. Natürli hat ihm drauf der Herr
179 2099 450 2163 die zweite Chor¬
489 2111 1489 2163 Rönning Ane anschaun lassen, was do in so an Fall
176 2147 451 2210 Max v. Wein¬
489 2156 1489 2213 jeder gebüldete Mensch that. Zum Glück hat der Herr
173 2192 453 2256 tzig angemeldet
484 2205 1485 2256 Karinsky kan Säbel bei eahm gehabt, sonst hätt' er den
186 2240 450 2301 Gasrohr.
484 2249 1489 2301 Watschenspender nach der Dienstvorschrift in einen Dezimal¬
182 2285 448 2349 Burgmusik
485 2297 1489 2378 bruch Null Ganze fünf Zehntel sechshundertstel verwandeln
182 2337 451 2393 de wird bereits
484 2344 632 2411 müssen.
179 2380 451 2438 on 5 bis 7 Uhr
581 2370 1485 2464 In zweiten Akt kummen richt die Kameraden vom
182 2424 450 2497 sse 4, Halbstock.
492 2428 1489 2507 Karinsky — sehr brave Herrn — natürli, so a Asam
179 2477 451 2536 t werden. Es
485 2492 1489 2556 von der höllischen Rindsuppen gehört zu die Ausnahmen
169 2516 453 2585 ten ausgegeben.
537 2544 1489 2595 und bringen in Herrn Rönning die Forderung, er soll
187 2565 450 2635 schaft der
492 2588 1485 2648 si duelliren. Fallt mit gar net ein, sagt der Rönning, für
173 2622 450 2686 den Blumensälen
492 2637 1489 2687 was hätten mir denn a Bezirksgericht? Für a Watschen
179 2671 451 2736 tend überholen.
484 2687 1489 2741 lassi mi net todtschießen. I bitt Ihna, da that er, der
187 2720 451 2780 dem Ballkomin
492 2731 1485 2788 Karinsky — als ob er gleicht und angerührt wäre, aber
187 2762 450 2828 namann, Ferdi¬
484 2780 1484 2832 von fremden Geld lumpen und 's fremde Geld verspielen,
207 2811 450 2870 Robert Lehner,
489 2824 1485 2878 dös vertragt si mit seiner Ehre. — Jetzt hätten S' seg
187 2857 446 2920 Franz Schellen
492 2868 1484 2925 soll'n, was die Freund von Rönning für ein Tanz
191 2904 451 2964 Friedrich Wie¬
482 2915 1492 2972 aufgeführt haben, wie se gehört hab'n, er will si
194 2956 450 3013 Heinrich Zischek
484 2971 1495 3020 net duellin. Dös geht ja net, hab'n gesagt, da
186 3000 453 3062 liche Thatsache
492 3013 1495 3070 schaut di ja ka Mensch mehr an; da wird sich Jeder
189 3047 451 3109 st sich zu einem
485 3060 1481 3119 von die ruckziagen. — Er aber laßt si net ir¬
187 3093 451 3152 im kollegialen
485 3101 1481 3157 machen — i hätt' ihn umarmen können — und sagt:
182 3140 454 3218 de Stunden ver¬
485 3148 1494 3205 Dafür, daß er a gemeiner Kerl is, soll i mi todtschießen
489 3197 1485 3251 lassen? — Und wegen in Muth? — Jeder Mensch hat
182 3231 450 3301 em Protektorate
489 3246 1482 3301 soviel Muth, als er braucht. Hat er da net Recht? Wann
213 3287 451 3342 10. d. in den
484 3293 1481 3350 mei Kind ins Wasser fallt, so spring' i ihm nach, ob
179 3324 450 3381 ischen Ball
484 3342 1484 3398 jetzt schwimma kann oder net. Wann aber a Maus durch¬
173 3363 451 3412 gasse 4). Das
485 3388 1482 3448 Zimmer lauft, so hupf i am Tisch aufi. Is dos a Muth
191 3399 451 3450 aus offiziellen,
182 3429 1485 3484 halten, und ver= oder kaner? I bitt Euch, hört's mir auf, mit Engern
179 3476 454 3533 zenden Feste zu
485 3476 1482 3530 Muth. A jeder verruckte Kerl, der mir auf die Zechen
480 3525 1481 3582 tritt und net Pardon sagt, soll das Recht hab'n, mein
176 3541 451 3600 Schlesien
174 3570 1482 3637 kostümkränzchen, Muth aus probirn. Wann er sich a Jahr in Kugel¬
485 3617 1489 3673 schlaß'n geübt hat, is mei Muth net an Plutzerkern
182 3635 451 3709 anzlei (Gisela¬
441 3666 1482 3723 werth. Wann mi Aner beschimpft, hab' i den Muth, ihm
2925 49 3106 114 .
1914 78 2893 132 Andere soll si extra verschießen lassen. Ma glaubt gar net,
2924 101 3111 160 ein Gesetze
1911 117 2894 174 daß ma im neunzehnten Jahrhundert lebt. Da sieht ma
1911 165 2898 223 erst, wie weit mir Bürgersleut dieser Gesellschaft mit
1917 195 3106 272 ihren gläsernen Ehrenpokoder in der Kultur voraus san annet-
2930 243 3098 293 bringen.
1911 257 2898 319 Mir kummen nämli miten bürgerlichen Gesetzbuch voll¬
2935 287 3108 342 mitteln be¬
1917 305 2904 362 ständig aus. Der Herr Karinsky aber braucht a Extra¬
2925 332 3114 409 ziemlich a
1920 352 2898 409 wurscht — er is a Mensch mit an Ehren....; d'rum
2927 378 3077 432 bestehen,
1917 397 2898 463 schlaßt er im letzten Akt sein Gegner übern Haufen.
2928 422 3122 480 verkehr sei.
1924 441 2896 502 Solang aber net a Gesetz kummt, das solchen Früchteln
2932 469 3113 526 der Flüsse
1914 497 2907 549 dö aus bloßen Uebermuth morden möchten, fünfzwanzig
2935 510 3109 568 solche Hä
1920 536 2898 593 auf ihren Ehren — richti, Kodex haßt's — aberhauen,
2942 557 3114 616 gerecht
1917 580 2898 661 wird ka Ruah sein. Und das war a Wohlthat für alle
2933 601 3109 673 Zentru
1920 625 2419 707 wirklich ritterlichen Naturen.
2933 653 3126 712 gemacht :
2556 643 2875 731 V. Chiavacci.
2945 702 3127 756 für gan¬
2935 743 3126 798 Klage dar
2186 762 2663 849 le
