3484 4384
843 194 1266 320 box 14/3
157 216 689 345 8. Freiwild
367 833 1291 952 deutsch gemeinen Kriegsschaupl., genug
2841 846 3292 943 In dieser Versammlung,
1933 849 2309 946 rupeeseen.
2725 908 3248 977 politická jednota ve Vidni
367 924 605 999 richten vor:
1670 880 2672 987 Schon vor 9 Uhr Vormittags war ein starkes Auf¬
2722 968 3267 1018 Referent Redacteur Jansa
1551 968 2678 1031 gebot von Sicherheitswache zu Fuße und zu Pferde ausge¬
429 949 1460 1056 Die Schließung der Prager Universität.
2725 1006 3305 1065 des Landtagsabgeordneten Dr.
1554 1012 2678 1068 rückt und in der Umgebung der Ressource concentrirt.
2722 1059 3305 1112 meinderäthe Dr. Fochle, un
492 1037 1510 1112 Prag, 6. Februar (Priv.=Tel. der „Extrapost"). Die
1554 1059 2678 1112 Während die Versammlungen tagten, stellten sich die Cordons
2728 1100 3258 1150 versuchte nachzuweisen, daß
1560 1103 2685 1156 auf. Am frühesten — um drei Viertel 11 Uhr war das
367 1081 1513 1156 Regierung hat die Schließung der
2732 1137 3308 1190 czechische Beamte nicht antire
1557 1137 2681 1203 Meeting bei Kastner zu Ende. Thatsächlich zogen die Theil¬
373 1146 1513 1212 deutschen Universität für die Dauer
2728 1190 3305 1250 Bewohner Wiens deutsche Zu¬
1557 1197 2685 1253 nehmer an demselben, zumeist deutschnationale Studenten,
373 1197 1513 1275 des laufenden Semesters angeordnet.
2735 1284 3311 1344 ebenso wie die eindringlichen
1551 1287 2691 1353 ließ sein Problem in Stich und schrieb ein Tendenzstück
2725 1328 3289 1413 Ausführungen seines Arztes
1557 1338 2688 1413 gegen das Duell. Die Thatsache, daß er, trotzdem dieses
2735 1385 3311 1466 (Herr Martin) wirkungs¬
752 1328 1140 1485 Feuilleton.
1560 1394 2688 1472 Thema so vielfach in allerlei Formen behandelt wurde, ob¬
2732 1453 3302 1516 Leben; er will es nicht auf
1560 1441 2700 1516 wohl der Tendenzdialog gar nichts Neues und von dem
2735 1491 3311 1582 auch die Achtung seiner ganz
1566 1497 2691 1566 Alten zumeist nur das Unrichtige bringt, einen ehrlichen Er¬
495 1516 1406 1623 Ein moderner Lebemann.
2732 1554 3308 1632 liegt ihm nichts an ihr, er
1566 1551 2694 1629 folg zu verzeichnen hat, ist die beste Probe auf seine
2732 1604 3308 1685 Millionäre. Und dann,
1563 1604 2691 1682 dramatische Begabung. Er hat ein gutes Stück zu Stande
382 1594 1516 1688 „Freiwild“, Schauspiel in 3 Acten, von Arthur Schnitzler
2732 1660 3324 1732 Weil er einen Ueb¬
1563 1663 2694 1735 gebracht, trotzdem er sich selbst alle Voraussetzungen für das
379 1670 1519 1742 das ersteraal im Carltheater aufgeführt am 4. Februar 1898.
2738 1713 3317 1795 gezüchtigt hat! Diese
1569 1713 2700 1789 Gegentheil geschaffen hatte. Wir wollen dies durch die
498 1723 1507 1817 Eine junge Schauspielerin (Frl. Singora) beginn
2732 1770 3317 1848 raum einen Beifallssturm, be¬
1566 1782 2255 1858 weitere Geschichtserzählung erhärten.
385 1782 1526 1854 ihre Laufbahn an der Sommerbühne eines Curortes. Sie
2738 1817 3324 1892 und die Zustimmenden, vielleich
1685 1820 2700 1889 Der zäheste und verwegenste Verfolger des Freiwild,
392 1829 1526 1911 glaubt mit der Erfüllung der künstlerischen Aufgaben ihre
2741 1876 3311 1948 hätte sein Leben nicht riskirt,
1566 1880 2697 1952 der kleinen Naiven, ist Lieutenant Karinski (Herr Reusch),
385 1886 1516 1964 Pflicht gethan zu haben. Eine gegentheilige Anschauung
2738 1933 3330 1992 mäßiger Weil, dem Officiere
1569 1930 2697 1999 dessen impetuose Art durch die Nervosität gesteigert wird,
388 1945 1529 2020 setzt ihr der Director auseinander, welcher — ein geriebener
2744 1983 3327 2058 und doch hätte letzterer auch de
1566 1986 2694 2049 welche sich seiner bemächtigt, als der soeben aus der Garnison
385 2002 1526 2071 Geschäftsmann und dabei kein Kostverächter — es nicht
2747 2039 3324 2114 Schimpf keine andere Genu
1566 2039 2700 2118 angelangte Rittmeister Rohnstädt (Herr Mayer=Eigen) ihm
385 2055 1519 2127 dulden will, daß seine junge und schöne Naive diese ihre
2747 2083 3302 2158 Allein, auch wie die Sache
1579 2105 2697 2171 schlimme Nachrichten bringt über die ihm (Karinski) drohtade
395 2105 1522 2171 Rolle auch außerhalb der Bühne fortspielt und damit seine
2744 2143 3339 2212 Unrecht gesetzt; er selbst sprich
1573 2146 2697 2215 Cassirung wegen Schulden und Exzesses mit einem Civilisten.
388 2161 1522 2227 beste Kundschaft, eine flotte Officiers=Gesellschaft, brüskirt,
2750 2199 3320 2271 Sache frei — und ein Theil
1569 2202 2697 2268 In dieser Laune macht er einen kühnen Reiterangriff auf
388 2215 1529 2280 Dieser Conflict ist tiefer, als ihn die Darstellungskunst des
2738 2246 3317 2324 viele mochten sich abfällig über
1573 2255 2700 2321 die Schauspielerin, muß jedoch vor der versperrten Thüre
395 2268 1519 2340 Frl. Sangora ahnen läßt. Die Schauspielerin will sich ihr
2747 2312 3327 2384 geäußert haben, ohne Grund;
1563 2312 2706 2381 Kehr machen. Voll Ingrimm berichtet er seiner Gesellschaft
385 2324 1526 2393 bürgerlichen Grundsätze von Charakter und Anstand be¬
2744 2362 3336 2421 wird durch das Betragen der
1576 2365 2703 2443 den Mißerfolg. Der Maler Rönning (Herr Klein),
388 2371 1532 2446 wahren im Kampfe mit dem ganzen Milieu, in welchem sie
2747 2412 3324 2484 (Pepi Fischer — Frl. Glüme
1566 2415 2694 2481 welcher nach überstandener schwerer Krankheit sein millionen
388 2431 1532 2512 leben und wirken soll; gegen sie drängt die brutale Gelo¬
2741 2465 3311 2540 bar — und man kann wohl
1576 2472 2703 2537 reiches Leben jetzt aus dem Vollen genießen will, lächelt
388 2481 1522 2556 macht des Directors, die Genußsucht und kecke Unter¬
2744 2519 3330 2597 daß Keiner aus dem Publikum
1573 2525 2697 2591 befriedigt — denn die kleine Schauspielerin ist ihm mehr
395 2537 1526 2606 nehmungslust der Lebemänner in Uniform und Civil- und
2744 2578 3346 2653 einen kräftigen Faustschlag ins G.
1576 2578 2703 2663 geworden, als er es noch selbst ahnt. Es entsteht ein
398 2591 1522 2663 schließlich die Lebensauffassung ihrer eigenen Collegen und
2738 2631 3330 2694 hätte. Rönning hat sich eb
1576 2625 2703 2694 erregter Wortwechsel zwischen beiden Nebenbuhlern, in dessen
407 2641 1526 2716 Colleginnen. Sie erkennt erst jetzt, daß sie als Schau¬
2741 2688 3317 2763 moderner Lebemann Grundsätze
1576 2688 2703 2753 Verlauf Karinski für die Schauspielerin eine verächtliche
404 2697 1529 2779 spielerin Freiwild geworden ist, daß sie mit ihren schwachen
2747 2738 3286 2810 alles Angenehme erlauben,
1569 2738 2706 2810 Redewendung gebraucht — ein Faustschlag des Malers lohnt
401 2757 1541 2822 Kräften den Kampf aufnehmen soll gegen Jahrhunderte alte
2753 2794 3314 2857 sollen. Im großen Publikum
1582 2794 2710 2866 sie ihm. Ein Duell wird von Rönning abgelehnt; an der
401 2807 1544 2888 Begriffe und sie ahnt es, daß sie bei dieser unmenschlichen
2750 2847 3333 2907 Erfolg haben. Allein Grundse
1582 2847 2700 2919 Festigkeit seiner Grundsätze prallen die commentmäßigen
401 2863 1526 2935 Hetze müde werden und erliegen muß. Man sollte glauben
2741 2901 3339 2973 diese geboten hatten, seiner si
1579 2901 2703 2973 Vorstellungen des köstlich gezeichneten und vorzüglich ge¬
401 2916 1541 2982 daß dieser Stoff auch dem unternehmendsten Autor genügen
2747 2954 3324 3054 kräftige Handbewegung gegen
1582 2963 2710 3070 spielten Gesellschaftsgigerls Poldi Grehlinger (Herr Korff),
398 2966 1529 3060 könnte: bei Arthur Schnitzler war dies nicht der Fall; ei
827 3098 3346 3264 Der Verlobungs-Anzeiger der „Extrapost“ befindet sich auf Seite 6 und
