3436 4096
173 46 401 136 8. F.
864 5 1279 111 box 14/2
453 33 680 130 wil-
539 688 2721 859 der dann den Bau und die Ver. I see is not an ihn
1659 818 2715 889 Gestaltung. In der Welt des Comments geht es naturgemäß ge¬
561 840 1623 911 Sie gestehen müssen, daß ich Sie nicht befördern konnte. Jeden¬
1656 867 2718 924 messen zu. Naturlaute sind da verpönt, und wenn selbst die Gegner
564 883 1626 951 falls war es für Sie eine Ehre, bei der 2. Komp. zu dienen und
1656 902 2715 962 des Comments sich hauptsächlich um die Frage kümmern: Wie stellt
564 927 1621 992 wenn Sie noch einmal zur Uebung eingezogen werden, nehmen Sie
1659 943 2718 1000 du dich zu den Forderungen des Comments? so kommt man vor
569 973 1285 1033 sich zusammen, damit Sie Ihr Ziel erreichen
1659 984 2721 1041 lauter Erwägungen über Dies und Jenes nicht zum Kernpunkt.
618 976 1629 1065 Ich will auf meine Würdigkeit, Gefreiter zu werden, nicht
1661 1022 2721 1079 Man hat lose umschriebene Typen vor sich; man vernimmt wenig
566 1041 1626 1108 eingehen. Aber die Worte des Hauptmanns verlangen einen Kom¬
1661 1057 2718 1119 vom Recht oder dem Ungestüm der Leidenschaft; man erblickt nur
561 1081 1623 1146 mentar. Erstens war meine Führung tadellos. Ich war nicht ein
1669 1098 2715 1163 starre Konsequenzen gewisser gesellschaftlicher Einrichtungen, und
564 1119 1626 1182 einziges Mal im Dienst um eine Sekunde zu spät erschienen und
1659 1144 2724 1203 nimmt nicht an den seelischen Erschütterungen eines bestimmten
561 1154 1631 1225 meine Führung wies nicht den geringsten Tadel auf. Kein Straf¬
1664 1176 2721 1236 Menschen theil. Auf diese Weise kann ein vorzügliches Theaterstück,
566 1198 1629 1255 exerziren, keinen Rapport kann mein Strafregister aufweisen und
1664 1222 2724 1279 ja eine werthvolle, agitatorische Anklage entstehen, nicht aber eine
583 1244 1634 1298 selbst vom Kasernenwohnen war ich verschont geblieben. Die meisten
1661 1257 2724 1312 reichbewegte Dichtung. Im ersten Akt des Schauspiels „Frei¬
572 1274 1631 1333 Einjährigen hatten Strafen zu verzeichnen und wurden trotzdem
1669 1287 2724 1350 wild erkennt man noch am deutlichsten den feinsinnigen
566 1312 1629 1371 befördert. Das Urtheil des Hauptmanns über mein Schießen
1672 1331 2721 1393 Dichter der „Liebelei. Im flüchtigen Geländel wird der
575 1352 1631 1412 widersprach den Thatsachen völlig, da aus verschiedenen seiner
1669 1363 2724 1428 Ernst heraufbeschworen. In einem Badeort nicht allzuweit
577 1390 1629 1453 Aeußerungen das Gegentheil hervorgeht und ich auch beim Armee¬
1669 1406 2726 1466 von Wien verkehren Offiziere, nicht gerade die geistvollsten ihres
572 1428 1634 1496 prüfungsschießen das beste Resultat von den Einjährigen der Kom¬
1672 1444 2721 1507 Schlags, Bürgersöhne aus „guten Häusern, die unendlich
572 1474 1637 1534 pagnie erzielt hatte. Ihm ist wohl noch erinnerlich, daß ich deß¬
1664 1485 2726 1537 viel auf chikes Auftreten und auf die Ordnung, die der
580 1504 1637 1566 halb als Einziger Pfingsturlaub bekam. Daß ich kurzsichtig bin,
1669 1518 2726 1583 Schneider gebietet, halten und die Theater=Bohème ungezwungen mit
583 1542 1637 1612 ist wohl kaum ernstlich ein Hinderungsgrund! Was das Marschiren
1669 1564 2726 1623 einander. Die Offiziere schlendern mit ihren Spazierstöckchen herum,
583 1583 1634 1648 anbetrifft, gebe ich ohne weiteres zu, darin kein Held zu sein. Indeß
1672 1610 2732 1659 man plaudert im Café, trinkt, liebelt, und die hübsche, dumme
583 1623 1642 1683 möchte ich dafür anführen, daß ich als einziger Einjähriger der
1669 1629 2726 1696 Soubrette hält einen miselsüchtigen verliebten Komiker, einen ent¬
577 1661 1634 1753 Kompagnie in der ersten besonderen Turnklasse und der einzige
1677 1675 2737 1734 fernten Vetter des unglücklichen Raimund, zum Narren. Der
588 1715 916 1783 Freischwimmer war.
1672 1713 2734 1797 Theaterdirektor, der satirisch-karikirt gezeichnet ist, sorgt in seinem
1677 1759 2734 1816 „Kunstinstitut für Amusement und Weiber: das männliche Chor¬
1672 1789 2726 1851 personale mag er nicht leiden. Die Kerle sehen so verhungert aus
854 1789 1366 1889 Kleines Feuilleton.
1680 1829 2729 1892 und Kohn, der Theaterkassirer, ein theatralischer Schmack, ist an
1027 1837 1610 1905 Frankfurt a. M., 5. November.
1691 1867 2732 1930 schlechte Behandlung gewöhnt. Wenn er einmal zu empörenden
615 1867 1645 1951 Arthur Schnitzler's „Freiwild.) Man schreibt uns
1677 1908 2734 1978 Prutalitäten des Direktors ein Wort riskirt, wird er angefahren,
585 1924 1642 2000 aus Berlin v. 4. ds.: Wieder ein Kämpfen um Begriffe, wieder
1677 1946 2734 2008 und demüthig schluckt er hinunter. In dieser Gesellschaft lebt ein
585 1965 1650 2032 eine Debatte um Ehre nach ihrem gesellschaftlichen Werth oder
1683 1981 2743 2043 junges, unbescholtenes Mädchen, Frl. Anna Riedl, die Lieb¬
588 2008 1648 2068 um individuelle Menschenwürde; wieder ein sorgsam konstruirtes
1683 2016 2740 2087 haberin am Sommertheater. Weil sie so herb und abwehrend ist
588 2043 1642 2111 und auf die Spitze getriebenes Spiel der Wortführer einer erstarr¬
1683 2057 2743 2127 und mit Niemandem verkehrt, als mit einem alten Wiener Bekann¬
593 2079 1656 2146 ten alten und einer noch nicht gekräftigten neuen Welt; und
1683 2100 2740 2168 ten, Herrn Rönning, der genau weiß, daß er es mit einer Dame
593 2125 1653 2184 wiederum eine verzweifelte Antwort des Dichters das sind die
1683 2141 2743 2203 ohne Makel zu thun hat, erscheint sie dem kecken, begehrlichen, zu
591 2163 1648 2219 Merkmale des Schauspiels „Freiwild von Arthur Schnitz¬
1686 2176 2745 2238 Husarenstreichen geneigten Oberlieutenant der Kavallerie Karinski
591 2195 1653 2260 ler, das dank einem zufälligen Zusammentreffen mit aktuellen
1686 2217 2737 2276 als willkommene Freibente. Der Mann ist in seinen äußeren Ver¬
591 2238 1653 2306 Vorgängen sensationell wirken mußte. Hart, zu hart für die graziöse
1686 2257 2743 2312 hältnissen, wie innerlich derout und geht eine freche Wette ein, das
591 2276 1656 2347 Hand des Dichters, ist das Stoffgebiet, auf das er diesmal verfiel;
1688 2290 2743 2355 Frl. Riedl in den Kreis der Lebemänner einzuführen. Er wird abge¬
591 2314 1659 2371 und streng und hart, für mein Empfinden nicht tragisch nothwendig,
1688 2331 2745 2390 wiesen; das kränkt seinen hochfahrenden Sinn, und als Herr
599 2360 1659 2420 ist die Lösung des Konfliktes. Sie steckt voll von geheimem Grauen
1691 2371 2748 2431 Rönning zu Karinskis Niederlage lächelt, da wird Karinski brutal
591 2393 1656 2453 über die Macht der Offiziersehre. Diese Macht ist zum
1691 2409 2745 2474 provozirend. Er verlangt eine Erklärung, die Rönning zu geben
593 2431 1656 2488 Popanz übertrieben, damit der Beweis geliefert werde: Kämpfe
1688 2447 2748 2507 verweigert und stößt bübische Infamien gegen das „Mensch vom
599 2477 1659 2531 Du noch so selbstbewußt um Dein Leben! Du hast es ver¬
1683 2482 2745 2569 Theater", gegen Frl. Riedel aus. Rönning versetzt dem Lieutenant
602 2504 1656 2572 wirkt, sobald Du die Ehre der Uniform angetastet haft und
1688 2526 2745 2580 eine Ohrfeige. Es war unsein von Rönning, der seines freien
604 2545 1650 2618 nicht sofort bereit bist, Genugthuung mit den Waffen zu geben
1688 2561 2745 2629 Menschenthums, seiner glücklichen Unabhängigkeit sich rühmt, dem
642 2591 1661 2653 — Es ist etwas Schlimmes um die Ueberfluthung mit Dramen,
1694 2607 2751 2664 frechen Wettspiel beizuwohnen. Mit Leuten vom Schlag Karinskis
596 2631 1661 2688 die den Ehrenkoder und den Duellkomment kommentiren.
1691 2642 2748 2705 darf ein Mann vornehmer Gesittung“ keine Gemeinschaft halten.
604 2661 1653 2726 So deutlich sich in diesen Dramen die Erregung unserer Tag¬
1699 2677 2743 2759 Es war unein, über den gereizten Offizier zu lächeln; und durch
602 2696 1659 2767 wiederspiegelt, so sehr verführen sie zu Abstraktionen. Die Debatte
1694 2718 2683 2775 den Hieb, der einem bübischen Verläumder beigebracht wurde
604 2740 1659 2805 über schwierige „Fälle, die manchmal sinnreich zurecht gelegt sind,
1691 2753 2726 2862 nichts für die Ehre eines wackeren Mädchens bewiesen. Heiße Au
602 2789 1667 2870 überwiegt wirklich zu sehr und verkürzt die Freude an bildnerischer
