3436 4448
2025 171 2122 262 20
627 271 1580 343 witz=Reminiscenzen entfernen lassen werde, war vor¬
1608 271 2558 345 ersichtlich mit großer Befangenheit; es ist allerdings
2583 268 2867 354 wirken zu lassen
633 337 1580 387 auszusehen. Sicherlich nicht aus Rücksicht auf den Karls¬
2586 334 2865 387 leitung volles
1611 337 2547 384 zu berücksichtigen, daß sie eine neue Rolle zu schaffer
635 376 2547 420 ruher Held als vielmehr um einer Demonstration gegen und dazu in München zu debutiren hatte. Erst in
2583 373 2867 428 Konzertpublikum
635 414 1577 461 einen ganzen Stand, der für krankhafte Auswüchse
1611 409 2550 461 letzten Akt wurde ihr Spiel, dem Bühneroutine nicht
2586 412 2851 470 ponisten zur V
635 453 2553 500 nicht verantwortlich gemacht werden soll, vorzubeugen, abzusprechen ist, freier, doch dürfte sie das Wort
2588 453 2848 503 einer so vor
635 492 1577 536 Konnte sich doch ein Zuschauer im Parkett nicht ent¬
2586 492 2845 544 Das Interesse
1611 494 2547 541 „Schurke" dem Mörder ihres Bräutigams noch energ
635 530 1575 594 halten, ein lautes Bravo auszurufen, als Paul Ranning
1611 530 2555 575 ischer zuschleudern. Fräulein Behrens war zwei Jahre
2586 530 2845 575 vorträge des
635 569 1312 613 den Oberlieutenant Karinski züchtigte.
1605 566 2550 613 am Hoftheater in Kassel, vier Jahre am Hoftheater
2588 566 2851 619 Alfred Kre
2588 611 2840 657 chenern mit ei
715 588 1583 657 Der Inhalt von Freiwild ist ein sehr schlichter.
1608 605 2547 646 in Schwerin, wo sie je erstes Fach spielte, engagirt
633 638 1583 691 Oberlieutenant Karinski, dessen von Leidenschaften
1611 644 2845 691 sie wird zweifellos eine werthvolle Bereicherung des wieder in Er¬
2588 682 2851 732 Begleitung des
633 685 2550 732 und Ausschweifung entstelltes Gesicht Herr Schmidt= Ensembles bilden. Brillant in Maske und Haltung
638 721 1577 771 Häßler in vorzüglicher Maske wiedergab, bilde
1605 721 2547 768 des Gigers war Herr Klein=Rhoden, seine pagoden
2591 727 2845 768 Richard Strau
638 762 1583 818 sich Schauspielerin Anna Riedel ein, er ist ge¬
1611 762 2851 809 haften Bewegungen mit dem Bemühen Eleganz zu Violinspiel hat
630 798 1583 848 wöhnlich zu erzwingen, was ihm versagt wird. Sie
1613 798 2558 848 repräsentiren, sind die stumme Entschuldigungsbitte
2586 801 2851 856 Geläufigkeit er
2588 840 2862 892 ernster und au¬
635 837 1586 884 lehnt seine Einladung ab, er begibt sich selbst zu ihr
1613 843 2550 892 für die Dummheit seines Standes, mit welcher er in
1613 878 2550 920 grellen Gegensatz zu seinem energischen und kraft¬
635 878 1580 925 und findet die Thüre verschlossen. Zu seinen Kameraden
2594 878 2867 931 schen dem Künf
2591 917 2873 975 größerer Tonstä
635 925 1586 964 zurückgekehrt, erzählt er sein Mißgeschick; der spätere
1611 917 2550 961 bewußten Freund Karl Ranninger, vorzüglich durch
641 956 1580 1000 Verlobte der Schauspielerin sitzt om Nebentisch und
1608 953 2558 1006 Herrn Pahlan dargestellt stand. Nicht minder vorzüglich
2586 959 2873 1011 begleitung zuwe
1608 997 2876 1039 war Herr Neumann als Schmierendirektor, Herr wurden auch für
633 997 1583 1041 belächelt wohl mit innerer Genugthuung den Vorfall.
2583 1039 2862 1086 von Spohr und
633 1033 2555 1080 Karinski stellt Paul Ranninger zur Rede und läßt Sieder als Schauspieler Enderle, Fräulein Nebauer
635 1066 2851 1122 sich dazu hinreißen, die Schauspielerin zu verdächtigen, als Schauspielerin des Sommertheaters. Die kläg¬ Beifallsspenden
2583 1116 2843 1169 Kranzspenden
1613 1116 2555 1157 lichen Verhältnisse eines solchen Theaters in intimer
644 1119 1588 1157 Eine Ohrfeige im Originaltert — ein Würgen am
2583 1152 2834 1204 die mit feurig
644 1155 1588 1196 Hals nach Vorschrift der Censur — ist die Antwort
1613 1152 2555 1202 Malerei als Episodenwerk vorzuführen, war jedenfalls
2591 1191 2826 1243 Festouvertüre
1608 1193 2558 1238 ein sehr geschickter Griff des Autors, das seine
635 1193 1580 1235 Ranningers. Die Kameraden Karinskis und die
2591 1232 2823 1287 wieder treffli¬
1613 1229 2558 1274 Wirkung als beißende Satire, die ein oberflächlicher
641 1229 1591 1287 Freunde Ranningers trennen beide, Karinski schickt
2586 1271 2821 1323 wie aus eine
641 1271 2558 1318 seinen Sekundanten, Ranninger weigert sich, sich mit Urtheiler frivol finden könnte, nicht verfehlte. Berück¬
2597 1307 2815 1356 sei hier noch
638 1307 1583 1354 einem „Schuft" zu schlagen. Oberlieutenant Rohn¬
1611 1309 2561 1356 sichtigen wir noch, daß das erschienene Publikum
638 1348 1580 1395 stadt bittet Ranninger, wenigstens ein Scheinduell ein¬
1611 1340 2823 1392 keineswegs aus Feiertagsbesuchern bestanden, sondern der Kaimfäl¬
638 1387 2561 1436 zugehen, Karinski werde in die Luft schießen, müsse aus einem eher blasirten Premierenpublikum, so hat die
2586 1387 2809 1436 längst geru¬
638 1425 2821 1470 aber seinen Rock ausziehen, wenn Ranninger die Direktion allen Grund, auf den überaus reichlich ge¬ nach Thunli=
1619 1464 2823 1511 spendeten Beifall stolz zu sein. Galt der Beifall auch ginn des Ko
633 1464 1583 1514 Satisfaktion verweigere. Mit Entrüstung weist
2594 1500 2812 1553 findlichen K.
1613 1506 2564 1550 zum Theil der Tendenz des Stückes, so partizipirt die
641 1500 1583 1547 Ranninger, der sich im zweiten Akt mit der Schau¬
649 1536 2815 1586 spielerin verlobt hat, diese Komödie zurück. Karinski Direktion, durch Erwerb und Aufführung auch an diensteten v.
638 1580 2804 1630 lauert ihm auf, fragt ihn nochmals, ob er ihm Genug- diesem und hat das Verdienst es in musterhafter Dar¬ beginnt un
1627 1616 2793 1671 stellung und sehr geschickter Inszenierung uns gebracht darf jeder
638 1622 1583 1671 thuung geben wolle, um ihn auf seine Weigerung
2588 1660 2793 1710 nicht mehr
641 1663 1580 1707 auf offener Straße niederzuschießen. Mit einer be¬
1611 1663 1790 1732 zu haben.
2600 1699 2790 1749 sondern wi
641 1696 1591 1751 zeichnenden Handbewegung mahnt Rohnstadt seinen
1688 1682 2558 1768 Deutsches Theater. Samstag, den 16. Januar
2586 1738 2790 1790 Vorraum
1611 1721 1912 1801 Geschlossen.
638 1738 1580 1787 Kameraden, rasch zu thun, was jetzt seine Pflicht sei
1691 1746 2793 1818 Spielplan des Deutschen Theaters. Sonntag, klein, kalt
641 1776 1591 1848 Ueberflüssig hinzuzufügen, daß er ihn ermahnt, der
2594 1815 2785 1870 schieden
1616 1812 2561 1865 den 17. Nachmittags halb 4 Uhr zu ermäßigten Preisen:
641 1818 1343 1870 weltlichen Gerechtigkeit zuvorzukommen.
2586 1854 2785 1906 kann. M.
1619 1856 2558 1912 „Die Galloschen des Glücks“. Abends halb 8 Uhr:
713 1843 1583 1901 Man hat gegen das Stück eingewendet, daß
2588 1892 2787 1942 bar an W.
1611 1890 1820 1970 „Freiwild
635 1887 1577 1939 der Auten die Sympathien und das wahre Interesse
2591 1931 2779 1983 Schaffung
641 1937 1580 1986 für seinen Helden ihn durch eine brutale Handlungs
1688 1912 2561 1981 J. Schmid's Marionetten-Theater, Marsstr. 13
1627 1956 2798 2041 (Maffeianger). Sonntag, den 17. Januar: „Aladin Einführung
641 1972 1591 2025 weise selbst verscherzen lassen. Das ist sicherlich
2588 2011 2768 2061 gebot an
641 2014 2561 2058 richtig, aber es konnte eben auch nur eine an Ort und oder Die Wunderlampe, Zaubermärchen aus
2597 2050 2790 2100 zwingende
638 2047 2348 2097 Stelle nicht gerächte Realinjurie den Konflikt her 100 Nacht. Anfang Nachmittags 3 Uhr.
1696 2055 2564 2135 Comédie Française. Auf der Durchreise nach
638 2088 1588 2138 beiführen und andererseits ist Karinski keineswegs
1613 2111 2558 2174 Rußland wird das Ensemble der Comédie Française
641 2133 1591 2180 Mustertypus seines Standes, als vielmehr ein Zer¬
638 2163 2569 2213 bild. Der deutsche Offizier ist — wie Graf Westatt am 25. Januar l. Is. einmal im kgl. Hoftheater zu
2655 2177 2796 2246 Kirche
646 2204 2564 2254 in seiner Auseinandersetzung „Ehre" sagt — „ Stuttgart gastiren und auch in München am 26.
2591 2229 2785 2287 Haidhause
1616 2249 2564 2293 und 27. Januar zwei Vorstellungen geben. Das En¬
638 2240 1583 2293 tadellos erzogener Gentleman; die mustergiltige ge¬
1627 2271 2785 2329 semble bringt die wirkungsvollsten Stücke als Repertoir brachte an
644 2279 1588 2337 schaftliche Haltung, die er in jeder Lebenslage be¬
1613 2309 2790 2359 mit, wie „La Doctoresse" von Paul Ferriere und H. von A. Bö=
641 2318 1588 2365 wahrt, ist überall anerkannt, wo man gute Sitte zu
1351 2348 2776 2406 mitzler von Bocage, „Le Choix d'un Gendre von Labiche und Werk des
638 2362 1580 2437 eben dieser Vorauszug ausgeht, durfte er ein krank
1638 2398 2787 2459 Delacour, „La Petite Marquise von H. Meilhac und sehr gelun
641 2423 1583 2478 haftes Zerrbild auch züchtigen lassen, über eine mo¬
1613 2428 2790 2489 L. Halévy, „La Papilione“ von Victorien Sardou, eine Fest
2583 2475 2762 2522 von ganz
641 2467 2550 2544 ralische Ohrfeige müßten die eigenen Standesgenossen „Ménages Parisiens" von A. Valabrique, „Le Klephte
633 2506 2014 2564 Befriedigung empfinden. Daß ein haltloser Mensch, von A. Dreyfus u. a.
2583 2511 2787 2572 Gnaden de
635 2544 1583 2597 wie Karinski, dessen Ehre nur eine äußerliche ist,
2586 2544 2779 2600 v. Hötzl,
633 2586 1591 2630 auf die tiefste Stufe, zum Mörder, sinkt, ist wiederum
2588 2588 2779 2638 Fachkreise
1978 2600 2224 2680 Konzert.
633 2619 1588 2674 durch seinen Charakter begründet, nicht durch den
2588 2630 2779 2677 einer wah¬
635 2663 1588 2707 Ehrenkomment, der eben auch Ehrenmänner mit einem
1688 2649 2558 2721 Musikelub „Mozart. Alle Mitglieder und Ehren¬
638 2702 1588 2751 Ehrgefühl voraussetzt, Ehrenmänner, für welche es
1613 2716 2555 2762 mitglieder, sowie Gönner und Freunde obigen Vereins
635 2740 2555 2807 ganz unmöglich ist, nach Verdienst geohrfeigt zu werden zu der heute Samstag den 16. Januar statt¬
633 2787 1591 2832 werden. Nur aus diesen Voraussetzungen läßt sich
1616 2790 2555 2843 findenden maskirten Familienunterhaltung höflichst
2669 2779 2765 2854 das
633 2821 1583 2865 der Beifall des Publikums rechtfertigen. Und diesen
1611 2834 2550 2879 eingeladen. Dieselbe findet im Dürnbräukeller (ober¬
2682 2834 2771 2909 sch
633 2856 1580 2903 spendete es in reichstem Maße, ja wir gehen wohl
1608 2862 2550 2917 Säle, Preysingstraße 80, vis-à vis Café Gasteig, statt.
635 2898 1586 2945 nicht fehl, wenn wir annehme, daß Freiwild zahl¬
1613 2906 2550 2967 Beginn präcis 8 Uhr Abends, Saaleröffnung Uhr
630 2928 1583 2997 lose, gut besuchte Wiederholungen erleben werde,
1699 2948 2553 3000 Symphoniekonzert Kaimsaal. Eine Leistung
2577 2898 2771 3019 Marien
635 2961 2558 3028 Wiederholungen vor einem Publikum, das den Autor von styrtechnisch nicht besser zu gebender Form, Vollend¬
635 3019 2553 3075 versteht und vor einem Publikum, das sein Schauspiel ung musikalischer Klarheit und Schärfe des Ausdruckes
633 3061 2550 3108 in lebhafter Erinnerung an bedauerliche Vorkommnisse bot uns am vergangenen Mittwoch das Kaimorchester
635 3086 1083 3155 eben mißverstehen will.
1605 3108 2544 3152 mit Aufführung der vierten Symphonie Anton Bruck
2655 3086 2760 3158 Sut
718 3100 1572 3180 Ein frischer Hauch ging durch die ganze Vor
1613 3113 2762 3191 ner's in Es. Dieses Werk charakterisirt uns den Anton St.
641 3158 2547 3227 stellung, die mit liebevoller Sorgfalt inszenirt war, kürzlich verstorbenen Komponisten als einen Musiker
2586 3188 2751 3238 Johann
633 3207 2550 3268 Die drei verschiedenen Typen der österreichischen Offi= von kraftvoller Initative und nicht gewöhnlicher In¬
2580 3227 2762 3274 Mayer,
630 3251 1580 3298 ziere waren scharf ausgeprägt, Herr Schmidt=Häßler
1613 3257 2547 3312 strumentirungsgabe. In dem Werke spricht sich aber
2575 3263 2746 3312 Kirmeier
635 3290 1586 3332 charakterisirte das von Leidenschaften erfüllte Gesicht,
1611 3301 2547 3348 auch die ganze Eigenart der Persönlichkeit Bruckners
2586 3301 2771 3370 Fabrikant.
635 3323 1580 3370 dem Spiel, Weiber, Schulden, Trinken ihren Stempel
1611 3340 2550 3384 aus, es fehlt der Symphonie an innerer thematischer
2652 3340 2757 3390 Oest
635 3365 2544 3428 aufgedrückt, in meisterhafter Weise; gleich vorzüglich Ruhe, die einzelnen Tonbilder entwickeln sich zu wenig
2583 3362 2757 3437 Friederike
633 3406 1575 3456 war die Auffassung der Rolle wie seine Sprache. Herr
1605 3420 2754 3464 und im sprunghaften Drängen nach Weiterentwicklung Alois Os
633 3448 1575 3492 von Lenor machte die weniger dankbare Rolle des
1605 3450 2547 3503 entwickelt sich nichts. Es kommt der Komponist in
2580 3456 2751 3522 ger, Spe¬
635 3489 1572 3530 „guten Kerl, durch das Gepräge des Kavaliers, der
1613 3484 2757 3542 seinem Werte trotz vieler hübscher Ansätze zu guten Schneider
633 3517 1575 3566 die Zierde des Salons bildet, interessant; sein Rohn¬
1605 3528 2547 3577 Ideen selbst nicht zu jener tieferen schöpferischen Ruhe
2580 3536 2746 3586 Spängler
633 3564 1572 3611 stedt war ein Kabinetstück vornehmer Darstellung. Wie
1599 3569 2542 3613 und Beharrlichkeit, die sich unbedingt auch in einem
2569 3575 2749 3638 aushelfer
635 3600 1575 3658 scharf er den Geist der Rolle erfaßt, beweisen seine
1602 3602 2754 3660 Tonwerke in gewissem Grade behaupten muß, soll sich 3½ M.,
635 3638 1577 3685 Schlußworte, als er mit eisiger Kälte sagt: „Der
1611 3647 2544 3716 für den Hörer mit der Aufführung zugleich ein künst¬
2646 3652 2754 3702 No¬
633 3682 1575 3729 Herr Oberlieutenant — sonst spricht er von seinem
1608 3685 2539 3738 lerischer Genuß und nicht bloß ein Gesammtbild
2580 3671 2743 3749 Franz K.
633 3716 1572 3765 Freund oder Kameraden — „weiß selbst, was er
1599 3727 2542 3787 musikalischer Effekte in kunstgerechter Form aneinander¬
2646 3732 2749 3779 Hai
641 3754 1572 3801 jetzt zu thun hat." Er war wohl auch der einzige,
1599 3760 2542 3812 gereiht verhinden. Bei aller Anerkennung für den
2575 3749 2751 3821 Anton Ho¬
627 3793 1569 3845 dem Beifall auf offener Szene wurde. Herr Kirsa
1597 3807 2539 3854 „Tonbildner Bruckner, seiner kraftvollen und reich¬
2575 3809 2754 3862 Gschwend
638 3832 2539 3884 stattete den jungen Lieutenant der kleinen Garnison haltigen Schaffensbegabung müssen wir ihm doch zum
2644 3848 2751 3892 Sen
633 3870 1577 3923 stadt mit den studentischen Manieren und dem harm¬
1613 3856 2749 3931 größeren Theile absprechen, was bei jedem Werk¬ Klara Ho
633 3909 1575 3961 losen Selbstbewußtsein, hübsch zu sein, aus. Ueber
1613 3920 2539 3967 schöpfer die Hauptsache ist, „Conceptionsgabe, das
2566 3926 2743 3970 Anna
635 3950 2539 4006 Fräulein Behrens möchten wir ein endgültiges Ur¬ äußerlich Wirksame auch nach innen wirkungsvoll zu
2586 3961 2738 4014 Friederik
622 3986 2751 4080 theil nicht abgeben, sie kämpfte in den ersten Akten / gestalten und es von innen heraus auf die Hörer brosius
