3392 4224
221 158 505 248 8. Fre
533 160 630 233 i.
922 142 1323 247 box 14/3
1776 83 2783 134 Klein), von dem er weiß, daß er sich
1778 130 2858 188 Anna interessirt, Händel. Er macht eine Bemerkung, die die
1778 170 2867 226 weibliche Ehre der Schauspielerin verdächtigt, und wird von
1776 221 2861 276 Rönning deshalb mit einer Ohrfeige gezüchtigt. Seine
1785 257 2860 311 Kameraden verhindern ihn, den Beleidiger sofort niederzu¬
1785 304 2870 354 schlagen, und so sendet er ihm seine Zeugen. Rönning lehnt
1776 349 2860 406 als principieller Duellgegner die Forderung ab, und weigert sich
1776 392 2860 441 auch, auf den ihm von den Kameraden Karinski's gemachten Vor¬
1781 436 2858 486 schlag eines Scheinduells einzugehen, durch welches diese hoffen,
1776 479 2861 528 vor der Welt die Ehre Karinski's retten zu können. Er will mit
1778 521 2854 571 Anna, welche durch sein Eintreten für ihre Ehre gerührt, ein¬
1776 564 2860 608 willigt, seine Frau zu werden, abreisen. Als er aber von an¬
1780 606 2858 655 deren hört, sein Bleiben könne ihm gefährlich werden, da Karinski
1776 653 2860 698 ein neues Rencontre mit ihm suche, bleibt er und be¬
1781 694 2856 747 gegnet dem leidenschaftlich erregten Gegner auf der Promenade.
2889 726 3018 781 clusive
1776 738 2861 785 Dieser fordert ihn drohend auf, ihm Satisfaction zu geben. Er
2898 771 3002 806 Porto.
1743 783 2858 835 10 lehnt ab und begehrt energisch von Karinski, er solle ihm nicht
2891 795 3009 839 Zahlbar
1740 826 3031 868 den Weg vertreten. Als das erfolglos bleibt, will er sich mit in Voraus.
1736 866 2854 917 5 dem Revolver, den er zu sich gesteckt hat, freie Bahn erzwingen,
1679 896 3075 962 „ 10 in demselben Augenblicke hat aber auch schon der Officier te ist das
1785 941 3077 997 seine Waffe gezogen und ihn mit einer wohlgezielten Kugel eht es den
1667 984 2990 1040 Ahon durchbohrt. Das die Handlung der Novität, die bereits den dern.
1667 1037 2863 1090 Abon Weg über eine Reihe deutscher Bühnen nahm, ehe sie hier in
1776 1080 2860 1130 Scene ging. Der Dialog behandelt mit längst abgenützten
1783 1127 2851 1184 Phrasen die sociale Stellung der Schauspielerinnen und di
1778 1167 2858 1228 Duellfrage. Schnitzler polemisirt gegen das Duell, vermag
1776 1215 2861 1269 aber nur den Theil des Publikums für sich zu gewinnen, der
1776 1255 2868 1302 schon vor der Aufführung mit ihm eines Sinnes war. Aus den
1776 1300 2861 1347 Vorgängen dieses Stückes kann man gerade so viel Argumente für
1781 1342 2858 1387 das Duell entnehmen, wie gegen dasselbe. Das eingehend zu be¬
1785 1384 2860 1436 gründen würde uns zu weit führen und hieße auch der Novität,
1776 1427 2860 1479 in der einige thatsächlich spannenden Scenen mit vielen anderen,
1776 1474 2861 1517 in denen zum Ueberdruß leeres Stroh gedroschen wird, ab¬
1769 1512 2861 1563 wechseln, zu viel Ehre anthun. Der Hauptfehler des Stückes
1776 1556 2860 1613 liegt in der Inconsequenz der Handlungen des Helden, der
1776 1603 2861 1651 um in der Sprache der Duellgegner zu sprechen, wohl den
1769 1641 2853 1702 „Muth" hat, ein Duell auszuschlagen, aber nicht den „Muth"
1776 1684 2860 1738 findet, abzureisen, weil er nicht den Verdacht auf sich laden
1778 1731 2861 1776 will, er fliehe feige vor der ihm durch Karinski drohenden Ge¬
1785 1774 2854 1828 fahr. Der mit Schnitzler gehende Zuschauer sagt sich
1778 1809 2858 1866 natürlich: „Der Mann, der es wagt, ein Duell
1776 1854 2860 1912 auszuschlagen, muß auch den Muth haben, den Verdacht auf
1781 1905 2858 1952 sich zu nehmen, daß man glaubt, er fliehe vor den Drohungen
1776 1950 2860 1995 Karinskis." Die Darstellung der Hauptpartien war, jede für
1781 1981 2858 2037 sich betrachtet, ausgezeichnet. Der leidenschaftliche Karinski, der
1776 2035 2851 2089 Officier, der nur in den Anschauungen des Kreises lebt, in
1776 2075 2851 2129 dem er aufgewachsen ist, kann unmöglich charakteristischer,
1778 2122 2858 2165 vornehmer und wirkungsvoller gegeben werden, als dies Herrn
1776 2158 2854 2215 Reusch gelang; und auch mit Herrn Klein, dem Darsteller
1776 2207 2851 2259 des Rönning, wird der Autor sehr zufrieden sein, er ließ keinen der
1781 2248 2856 2295 ihm in den Mund gelegten Schlager gegen das Duell fallen.
1776 2294 2860 2351 Ein rührendes Bild mädchenhafter Keuschheit und Anmuth
1781 2332 2856 2394 bot Fräulein Sangora, und auch die übrigen als Militär
1785 2377 2851 2434 und Civilisten in die Duellaffaire eingreifenden Darsteller,
1781 2419 2861 2472 die Herren Korff als ein streng nach dem „Codex" lebender
1785 2465 2861 2521 Gentleman und Herr Meyer=Eigen als Rittmeister
1776 2512 2854 2561 voran, traten mit ihrer ganzen Persönlichkeit wirksam für die
1778 2549 2858 2601 Ideen des Autors ein, ausgenommen Herr Blum, der als
1776 2594 2860 2650 Officier absolut unmöglich war und seine Rolle in recht schüler¬
1778 2639 2854 2689 hafter Manier herunterleierte. Famose Schauspielertypen boten
1780 2683 2856 2742 die Damen Glümer und Martin, sowie die Herren
1776 2722 2860 2778 Tewele, Worms und Czasta, So gut die einzelnen
1776 2771 2851 2828 Leistungen, so schlecht war aber das Ensemble. Herr Reusch
1785 2813 2854 2868 sprach im echtesten preußischen Lieutenantston, Herr Blum
1776 2854 2854 2906 versuchte ein Ungarisch deutsch zu radebrechen, Herr Meyer¬
1778 2896 2854 2953 Eigen sprach ein reines Hochdeutsch und Herr Korff wienerisch.
1776 2945 2860 2995 Dazu kam noch, daß die in dem kleinen Badeorte in der
1776 2985 2854 3037 Nähe von Wien verweilenden Officiere eine Phantasie=Uniform
1776 3031 2851 3082 trugen, die der preußischen weit ähnlicher sah, wie der öster¬
1778 3068 2853 3124 reichischen, und trotzdem gebrauchten sie Ausdrücke, wie „Servus"
1778 3115 2854 3167 und „Du Herr Rittmeister", die in preußischen Officierskreisen
1776 3163 2854 3207 absolut nicht gebräuchlich sind. Gibt es denn am Carl-Theater
1778 3200 2854 3259 keinen Regisseur, der derartige störende Fehler unmöglich macht?
1785 3247 2860 3299 Freunde Schnitzler's suchten diese Schnitzer damit zu entschuldigen,
1773 3288 2856 3347 daß die Censurbehörde nicht erlaube, das Stück in der
1778 3327 2853 3379 Originalfassung zu geben, die natürlich österreichische Officiers¬
1776 3377 2860 3420 typen auf die Bühne stellte. Diese Entschuldigung gilt
1776 3419 2854 3467 indeß nicht. Wäre dem so, so müßte der Autor, der ja
1778 3462 2849 3512 doch auch ein Apostel des Verismus ist, sein Stück einfach
1776 3502 2854 3563 borussisiren. Die Aufnahme der Novität war natürlich
1776 3547 2860 3599 eine sehr enthusiastische, Schnitzler predigt ja Tendenzen,
1776 3591 2854 3648 die den Repräsentanten des „Neuen Ghetto", die sich auch
1776 3639 2860 3691 gestern wieder ein Rendezvous gegeben hatten, aus der Seele
1781 3674 2856 3729 geschrieben sind. Warum sollte ihm dieses Publikum
1776 3724 2860 3769 dafür nicht dankbar sein. Am meisten jubelten die guten Leute
1776 3768 2854 3815 ganz wie bei der Première des „Neuen Ghetto", als der
1776 3806 2860 3867 Officier die tendenziöse Ohrfeige bekam. Wir fanden das
1776 3851 2854 3905 begreiflich. „Unsere Leut" scheinen sich ja auch in Ohrfeigen¬
1778 3898 2863 3945 angelegenheiten im Leben nach dem Grundsatze zu richten:
1776 3938 2861 3988 „Nehmen ist seliger denn geben", warum sollten sie da nicht
1785 3983 2854 4035 jubeln, wenn es auf der Bühne einmal umgekehrt zugeht.
1877 4025 2691 4063 in
