3484 4256
405 157 784 231 Freiwild
264 166 472 286 8.
965 141 1364 253 box 14/4
2404 228 2716 345 „Freiwild.
2420 321 2717 399 (Stadttheater.)
2222 365 3005 468 Das ist bekanntlich das Stück mit der
2125 426 2993 514 Ohrfeige zum ersten Aktschluß; die notabene
2126 473 2997 553 ein Offizier von einem Zivilisten erhält.
2136 521 2998 606 Aber man kann sich erst dann die richtige
2132 577 2998 650 Vorstellung davon machen, wie sehr diese
2133 621 2999 702 Tatsache einmal als Kühnheit gewertet
2136 667 3007 746 worden ist, wenn der Zufall einem einen
2137 714 3001 797 angenehmen älteren Sitznachbarn beschert
2142 764 3009 850 hat, der der Uraufführung im Carl-Theater
2137 811 3007 896 beigewohnt hat und der, im Zwischenakt
2142 861 3008 943 natürlich, seine Erinnerungen auskramt.
2137 908 3007 996 Vor einundzwanzig Jahren war das:
2142 961 3009 1048 Korff hat mitgewirkt und Hubert Reusch,
2137 1006 3001 1087 und Rudolf Schildkraut, der damals weber
2142 1056 3008 1132 entdeckt, noch berühmt gewesen ist, hat den
2142 1103 3015 1194 Theaterkassier gespielt, eine Rolle, die es
2145 1154 3012 1241 dem Darsteller nicht einmal gestattet, in
2149 1199 2994 1287 ganzer Person aufzutreten. „Freiwild
2148 1267 3018 1325 wurde natürlich sofort von der Zensur ver¬
2145 1299 3018 1374 boten. Aber zum Glück hat doch der Direktor
2145 1352 3018 1429 Jauner seine guten Beziehungen gehabt.
2147 1397 3022 1476 Wo doch sein Bruder bekanntlich ein ganz
2145 1455 3024 1526 hohes Tier bei der Polizei oder im Ministe¬
2626 1494 3024 1554 Kurz — er hat das
2149 1509 2510 1582 rium gewesen ist
2153 1542 3024 1630 Stück frei gekriegt. Allerdings mußten
2153 1602 3021 1675 ganz besondere Weisungen befolgt werden.
2149 1636 3024 1724 Weil doch die Herren Offiziere auf die
2156 1684 3020 1760 Bühne kommen sollten. Vor allem wurden
2156 1730 3020 1811 die Rosetten verboten, die bisher an Stelle
2160 1783 3021 1866 der Sterne auf den Uniformkragen pranger
2157 1833 3021 1910 durften. Aber auch sonst waren noch ein¬
2169 1882 3024 1964 schneidende Aenderungen anbefohlen wor¬
2166 1937 3041 2016 den. Die uniformierten Schauspieler wurden
2163 1990 3036 2064 teils mit krummen Türkensäbeln, teils mit
2157 2038 3036 2108 malayischen Dolchmessern ausgestattet, die
2157 2073 3034 2158 mit papageiengrünen Portepees geschmückt
2166 2125 3039 2201 waren; die Waffenröcke waren schottisch
2163 2175 3040 2256 karriert, die Hosen karmesirt. Die Kopfbe¬
2162 2224 3033 2302 deckung hielt die Mitte zwischen einer
2174 2272 3036 2348 Portiermütze und einem Briefträgerkäppi.
2171 2320 3038 2410 Also ausgestattet, konnte man die „Offi¬
2169 2384 3042 2450 ziere" für indianische Medizinmänner oder
2172 2414 3040 2487 venezuelanische Gardereiter halten. Trotz¬
2172 2465 3041 2535 dem stand auf dem Theaterzettel: Baden bei
2168 2512 3046 2603 Wien, und nach dem letzten Vorhangfallen
2168 2573 2797 2656 gab es einen Sensationserfolg.
2264 2615 3044 2692 Diesmal paradierte eine blütenweiße
2178 2685 3050 2753 Sommerbluse mit rotem Aufschlag auf der
2177 2722 3047 2797 Szene, daneben schimmerte eine herrlich
2175 2777 3052 2842 echt mit Gold verschnürte Husarenattila
2178 2832 3052 2894 und vorschriftsmäßig ergänzten auf allen
2181 2878 3044 2944 Kragen die Sterne, silbern klirrten die
2185 2925 3054 2985 Sporen ... Aber trotzdem — oder eben
2185 2979 3055 3032 darum war einem zumute, als ob von
2185 3011 3052 3090 einer Schachtel der Deckel abgenommen
2187 3065 3053 3135 worden wäre, die über zwanzig Jahre lang
2186 3116 3051 3183 im Winkel gestanden hatte. Spielzeug, ver¬
2187 3178 3053 3246 staubt und entseelt eigentlich, kraftlos ge¬
2190 3213 3053 3276 wordene Aufrichtigkeiten und Verlogen¬
2187 3258 3048 3335 heiten. Was sich gar nicht verändert hat, ist
2186 3319 3061 3372 wenn man vom Substanziellen absicht, das
2193 3357 3056 3420 eben inzwischen zerbröselt ist; die elegante
2192 3404 3057 3478 Form, die Meisterschaft, einen wirklich
2193 3468 3061 3518 natürlichen Dialog zu führen, die Artur
2195 3499 3056 3569 Schnitzler immer und auch damals
2193 3554 3059 3623 schon besessen und die er ja seither noch um
2195 3599 3028 3682 ein Bedeutendes zu steigern vermocht hat.
2286 3651 3054 3711 Die Aufführung durchaus ansprechend
2199 3700 3069 3760 in ihrem Mittelpunkt diesmal von Herrn
2199 3750 3065 3815 Strobl belebt, der den Oberleutnant mit
2201 3807 3067 3872 famosen Strichen zeichnete; man kann die
2199 3843 3066 3908 ekelhafte Schneidigkeit des Stänkerers von
2208 3892 3067 3960 Beruf, den Hergottsdünkel eines Niemands,
2199 3957 3064 4015 der Katzenjammer mit Melancholie zu ver¬
2199 3991 3066 4048 wechseln beliebt, nicht überzeugender dar¬
2199 4053 3077 4113 stellen. Herr Zeska, in seiner angenehm
