3436 4384
148 172 239 280 8.
846 164 1250 267 box 14/3
412 179 649 281 il
714 950 1053 1046 Teleton 1890.
438 1064 1335 1143 Unternehmen für Zeitungs-Ausschnitte
1421 1055 1590 1134 Ausschnitt
1393 1120 1595 1229 Nr. 27
612 1127 1170 1249 OBSERVER
193 1215 1585 1314 1. österr. behördl. concess. Bureau für Zeitungsberichte und Personalnachrichte
478 1293 1316 1416 Wien, IX/1 Türkenstrasse 17.
415 1374 1377 1481 — Filiale in Budapest: „Figyelö", VIII. Josefsring 31a.
197 1555 630 1653 Ausschnitt aus:
696 1607 1398 1717 Heracle de Acten Berlin
507 1704 806 1847 von
436 1852 1513 1928 Arthur Schnitzlers dreiaktiges Schauspiel „Freiwild“
345 1912 1518 1966 kam vorgestern Abend im Carl-Theater zum ersten Male
352 1947 1520 2005 hier zur Darstellung. Ich muß gestehen, nach „Anatole“ und
361 2003 1528 2063 „Liebelei Besseres erwartet zu haben. Die Vertrautheit mit
346 2040 1518 2096 den Verhältnissen und Leuten vom Theater befähigt den Ver¬
354 2081 1516 2139 fasser vorzugsweise für deren Schilderung. Leider beschränkt
354 2135 1518 2184 er sich nicht darauf. Die Duellfrage wird ihm zur Haupt¬
359 2170 1525 2227 sache, obgleich er darüber nichts Neues, noch Altes besonders
352 2214 1528 2267 gut vorzubringen weiß. Wie darf der Gegner des Zwei¬
352 2260 1532 2307 kampfes als Vertreter des gesunden Menschenverstandes
357 2307 1513 2360 glauben, ein geohrfeigter Offizier, dem man die übliche Genug¬
354 2350 1521 2402 thuung verweigert, werde sich dabei beruhigen? Man muß es
348 2387 1525 2446 ihm erst sagen, ihn warnen. Nun steckt er für alle Fälle
352 2436 1521 2485 einen Revolver ein. Das hat der Gegner auch gethan, und
354 2480 1525 2536 nun kommt es darauf an, wer zuerst zum Schuß kommt.
357 2522 1521 2584 Ein Yankee behauptete einmal, die höchste Lebensweisheit
345 2564 1525 2628 bestehe darin, den ersten Schuß zu haben. Wollte Schnitzler
357 2608 1521 2666 für das Duell demonstriren. Schwerlich — also wozu die
354 2654 1530 2714 Frage zum Mittelpunkt eines Dramas machen, wenn er keine
345 2700 1530 2751 neuen Gründe für und gegen bringt? Ein Stück kann
346 2738 1528 2805 übrigens als Tendenzstück verfehlt und doch ein gutes Stück
357 2786 1527 2847 sein. Theilweise ist dies auch „Freiwild, nämlich in dem Theile,
352 2830 1525 2886 der das Theaterleben an einer Sommerbühne schildert.
361 2876 1467 2935 Große dramatische Begabung verleugnet sich nirgends.
354 2920 1525 2976 Beifall gab es viel. Nach dem zweiten und dritten Akt wurde
354 2960 1530 3022 der Dichter wiederholt gerufen. Mir gefiel der erste Akt am
357 3007 1607 3073 besten. Gespielt wurde im Ganzen gut, besser seitens der
241 3009 318 3104 Far¬
364 3051 1602 3104 Herren als der Damen, hervorragend war Herr Rensch als to.
343 3083 1604 3136 Karinski, Hr. Klein als Rönning und Herr Korff als bar
343 3134 1521 3189 Poldi Grehlinger. — Wenn ich ausnahmsweise über ein bei
267 3180 1590 3252 Ihnen schon bekanntes und besprochenes Stück dem Berichte
345 3227 1592 3291 über Darstellung und Aufnahme einige Worte vorausschickte, es
250 3275 1578 3349 so geschah es, weil der Verfasser ein mir besonders sympathi¬
250 3315 1525 3386 Avorscher Wiener Dichter ist, dessen dramatische Begabung ich er¬
348 3363 1534 3410 kannte, lange bevor sie zu allgemeiner Anerkennung ge¬
352 3400 496 3479 langte.
2227 918 2568 1018 Telefon 12801.
1947 1013 2833 1097 Unternehmen für Zeitungs-Ausschnitte
2925 1036 3108 1108 Aussonnitt
2916 1099 3002 1196 Nr.
2096 1103 2670 1224 OBSERVER
1687 1194 3097 1279 I. österr. behördl. concess. Bureau für Zeitungsberichte und Personalnachrichten
1982 1273 2812 1377 Wien, IX/1 Türkenstrasse 17.
1896 1349 2883 1439 — Filiale in Budapest: „Figyelö", VIII. Josefsring 31 a.
1690 1498 2888 1655 Ausschnitt aus:
1998 1646 2191 1780 NON.
1922 2059 2955 2158 Carl-Theater. Das Schnitzlerische Werk
1815 2153 2942 2209 „Freiwild" sollte eigentlich „Der Säbel" heißen. Es bringt
1806 2195 2946 2265 die Conflicte zwischen civilem und militärischem Ehrbegriff
1813 2241 2942 2309 mit wenig Witz und auch mit wenig Behagen zum Ausdruck.
1808 2286 2939 2357 Man besorgte, daß diese Novität der Leopoldstädter Bühne,
1808 2339 2939 2402 die jetzt mit großer Vorliebe in Tendenz macht, Anlaß zu
1792 2381 2939 2457 Demonstrationen geben werde, nachdem die Aufführung von
1813 2452 2937 2508 „Freiwild“ unmittelbar der Officiersaffaire in Marburg
1815 2482 2942 2550 folgte. Es kam aber nicht dazu. Der Märtyrer seiner Grund¬
1815 2533 2939 2591 sätze, der duellscheue Maler, ist ein zu arger Querkopf, als
1803 2584 2937 2640 daß man mit ihm sympathisiren könnte. Als er von dem
1808 2633 2942 2723 gereizten Lieutenant niedergeschossen ward, war auch das
1799 2673 2237 2759 ganze Stück erschossen.
2093 2905 2752 3014 Bezugs-Bedingungen.
2719 2988 2888 3053 fl. 7.50
1718 2990 2643 3076 Für 50 Zeitungsausschnitte (Artikel oder Notizen.
2934 3014 3092 3073 inclusive
2777 3029 2876 3088 14.—
2953 3062 3062 3101 Porto.
2731 3074 2858 3129 „ 25.—
2946 3088 3080 3129 Zahlbar
2774 3113 2867 3159 55.—
2920 3104 3102 3176 im Voraus.
1799 3088 1884 3175 50
2731 3152 2891 3206 „ 100.—
1745 3150 1880 3229 „ 1000
1841 3176 3143 3259 Im Gegensatze zu anderen Bureaux für Zeitungsausschnitte ist das
2770 3233 3139 3308 auch steht es den
1722 3224 2728 3299 Abonnement durch keine bestimmte Zeitdauer begrenzt;
1724 3271 3043 3359 Abonnenten frei die aufgegebenen Themen zu ergänzen oder zu ändern.
