3532 4384
866 249 1285 338 box 14/3
184 270 734 376 8. Freiwild
772 960 1129 1045 Telefon 12801.
513 1034 1407 1128 Unternehmen für Zeitungs-Ausschnitte
670 1135 1246 1250 „OBSERVER
300 1227 1531 1310 sér. behördl. concess. Bureau für Zeitungsberichte und Personalnac
555 1294 1391 1393 Wien, IX/ Türkenstrasse 17.
486 1370 1449 1485 Filiale in Budapest: „Foyel, VIII. Josefering 312.
249 1561 714 1646 Ausschnitt aus.
1243 1587 1389 1693 tung
566 1709 882 1799 vom
1478 1688 1573 1813 6
486 1872 1451 1987 ten Brief. Aus Wien, 3. Februar, id und
506 1955 1437 2022 en findet im Carltheater die erste Aufführ¬
566 1988 1437 2063 Schaus „Freiwild statt.
380 2026 1446 2109 der diese echte Wiener Stück des echten
384 2063 502 2110 Wien
606 2079 1439 2142 sich hier zeigen durfte. Man gab es in
378 2102 1428 2176 vorigen Jahr Norden und dachte nichts Arges dabei.
378 2140 1430 2213 man gab es in Prag, den am Traunsee, und jetzt erst ist
373 2185 1439 2255 man in Wien so frei, so frei zu sein Theaterleben zu geben.
373 2215 1421 2300 Schnitzler hatte natürlich das Werk noch warm dem Burg¬
378 2252 1423 2330 theater überreicht; man wagte nicht, es der Hauscensur vorzulegen.
380 2300 1425 2390 Es ist so stark österreichisch, daß es bedenklich schien, daran zu
375 2345 1416 2432 rühren, zumal sich um Offiziere handelt, die das „Freiwild
376 2384 1430 2482 die „Mädel vom Theater, jagen oder ihnen Schlingen legen. Daß
373 2421 1432 2517 man durch fremdländische Uniformen den Anstoß heben könne,
371 2466 1426 2551 maskiren und cachiren, das kam Einem kaum in den Sinn, denn das
373 2497 1421 2600 Manöver war zu durchsichtig. Zwei Offiziere sprechen Dialekt,
368 2542 1423 2632 wienerisch und polnisch, die Theaterwirthschaft kleinerer öster¬
362 2581 1419 2671 reichischer Theater dazu, kurz Wien kam bisher um sein vater¬
364 2611 1421 2713 ländisches Schauspiel, ein interessantes Stück, das Geist und Herz
364 2657 1416 2752 in Bewegung setzt. Die „Schmiere in unseren kleinen Bade=Orten
362 2695 1419 2796 u. s. w. ist selten so gut beobachtet und so freilichtfarbig gemalt
355 2733 1421 2828 worden wie von Schnitzler. Ich habe Ihnen schon öfter gesagt,
362 2770 1409 2865 daß die von der Statthalterei in Wien geübte Censur, bei aller Vor¬
355 2809 1418 2908 sicht und Rücksicht, von jeder unnöthigen Beschränkung absieht; beim
362 2855 1410 2946 „Freiwild begnügte man sich mit dem Versprechen, die Uniformen
362 2888 1412 2984 fremdländisch gestalten zu wollen; indessen man kann dem Husaren
355 2929 1403 3024 noch so viel nehmen oder anhängen, Attila bleibt doch Attila. Und
343 2968 1410 3061 endlich, gerade heraus, um was handelt es sich? Daß ein Offizier
355 3005 1400 3102 sich schlecht benimmt, während ihm ein zweiter gegenübergestellt
343 3045 1398 3127 wird als Ideal eines pflichtbewußten ehrenvollen Militärs u. s. w.
346 3083 1398 3178 Stellen Civilisten nicht auch dem „Freiwild“ noch in kleinen und
1536 3097 1614 3164 la
346 3121 1398 3215 in großen Orten? Die reine Kinderei! Dort ein Souper mit
1518 3141 1615 3206 im V.
341 3159 1387 3254 Champagner, hier ein Brillantschmuck um 100,000 Kronen oder ein
345 3204 1587 3275 Haus. Derlei Geschichten erzählt ganz Wien und zeigt mit dem isschnitte,
346 3233 1603 3330 Finger auf Frau X., die nimmt, und Herrn Y., der gibt. Nun, die auch sten
334 3279 1386 3371 Uniformen im Carltheater sind mehr norddeutsch als österreichisch,
1414 3309 1617 3378 zu ändern
332 3311 1386 3410 damit ist der Moral Genüge gethan und man kann sich dem Genuß
336 3356 1386 3448 des Stückes ohne Hintergedanken hingeben. Schnitzler fand im
332 3394 1387 3487 Carltheater in der Person des leihweise vom Raimundtheater über¬
329 3431 1384 3521 lassenen Klein einen Schauspieler ersten Ranges. Der Mann
332 3471 1382 3562 hätte längst ins Burgtheater gehört, nach dem Tode Mitterwurzer
334 3516 1384 3618 erst recht. Ob man jetzt an ihn denkt? Es gibt nicht nur Farben¬
320 3539 884 3611 blinde, sondern auch Talentblinde.
373 3590 1055 3659 Aus den Raden.
2137 954 2471 1064 Telefon 192991.
2844 1043 3017 1142 Ausschnitt
1859 1041 2754 1138 Unternehmen für Zeitungs-Ausschnitte
2833 1117 2922 1225 Nr.
2018 1121 2591 1273 „OBSERVER
1608 1230 3028 1326 1. österr. behördl concess. Bureau für Zeitungsberichte und Personalnachrichten
1900 1308 2733 1405 Wien, IX. Türkenstrasse 17.
1835 1389 2794 1495 — Filiale in Budapest: „Figel“, VIII. Josefsring 31 a.
1614 1568 2063 1670 Ausschnitt aus:
2651 1582 2775 1679 re
1937 1688 2246 1824 vom
1868 1934 2823 2013 Ein Telegramm aus Wien meldet uns: Unter
1813 1974 2821 2054 ungewönlicher Spannung, vor dem gesammtem
1815 2034 2823 2107 literarischen und gesellschaftlichen Forum von Wien
1821 2075 2823 2142 ging soeben im Carl-Theater Schnitzler's gewagtes
1812 2117 2821 2183 Plaidoyer gegen das Duell „Freiwild in Scene.
1815 2158 2826 2220 Das Publikum nahm wahrend des mit scharf
1821 2197 2830 2262 polemischer Klinge geführten Wortduells im zweiten Acte
1824 2234 2832 2300 entschieden Stellung für die Auffassung, daß das Duell
1817 2278 2833 2338 überflüssig ist, und applaudirte einzelne Kraftstellen
1821 2317 2835 2377 demonstrativ. Wenngleich, Dank der geschickten Mache,
1821 2356 2826 2421 das Publikum bis zum Schluß gefesselt blieb, war doch
1824 2400 2846 2473 der Eindruck des erstem Actes mit dem scharf beob¬
2496 2441 2842 2501 Schnitzler wurde
1824 2450 2420 2503 achteten Milieu der stärkste.
1835 2480 2839 2543 lebhaft gerufen und erschien nach dem zweiten und
2376 2526 2840 2581 In den Zwischenacten
1835 2529 2307 2589 letzten Acte wiederholt.
1838 2568 2840 2625 zitterte die Erregung nach, eine lebhafte Discussion
1829 2605 2839 2667 über die Duellfrage entfesselnd. Die Aufführung
1829 2653 2846 2711 war im Ganzen befriedigend. Josef Klein schuf mit
1835 2694 2846 2748 dem Duell gegen Renning ein fesselndes Charakter¬
1829 2727 2839 2786 bild, Hubert Reusch, der nach Berlin in's „Lessing¬
1826 2771 2844 2833 Theater" zurückkehren soll, zeichnete seinen Gegner mit
1835 2807 2849 2872 ätzlaugenartiger Schärfe und packender Wahrheit.
1838 2853 2846 2929 Sonst ragte noch Tewele durch die ergötzliche, gut
1838 2897 2844 2984 portraitirte Studie des Theaterdirectors, ferner
1838 2941 2303 3001 Karf als Gigerl hervor.
1904 2950 2844 3035 Im Josefstädter Theater erzielte Fischer=Jarnos
1842 3026 2798 3114 Schwank „Aschermittwoche einen guten Lacherfolg.
2904 3037 3040 3107 inclusive
2920 3097 3024 3127 Porto.
2734 3109 2833 3153 25.—
2908 3114 3038 3159 Zahlbar
2881 3136 3060 3212 im Voraus.
2690 3144 2837 3203 „ 55.—
2695 3183 2849 3243 „ 100.—
1702 3210 1842 3303 1000
1803 3197 3113 3326 Im Gegensatze zu anderen Bureaux für Zeitungsausschnitte ist das
1691 3265 3111 3358 Abonnement durch keine bestimmte Zeitdauer begrenzt; — auch steht es den
1691 3309 3010 3432 Abonnenten frei die aufgegebenen Themen zu ergänzen oder zu ändern.
