<?xml version="1.0" encoding="UTF-8" standalone="yes"?>
<PcGts xmlns="http://schema.primaresearch.org/PAGE/gts/pagecontent/2013-07-15" xmlns:xsi="http://www.w3.org/2001/XMLSchema-instance" xsi:schemaLocation="http://schema.primaresearch.org/PAGE/gts/pagecontent/2013-07-15 http://schema.primaresearch.org/PAGE/gts/pagecontent/2013-07-15/pagecontent.xsd">
    <Metadata>
        <Creator>prov=READ-COOP:name=PyLaia@TranskribusPlatform:version=2.12.1:model_id=39995:lm=provided:date=28_03_2024_21:32</Creator>
        <Created>2019-10-07T11:47:59.959+02:00</Created>
        <LastChange>2024-03-28T21:32:35.937+01:00</LastChange>
        <TranskribusMetadata docId="223990" pageId="9504464" pageNr="183" tsid="156390328" status="IN_PROGRESS" userId="40391" imgUrl="https://files.transkribus.eu/Get?id=FLPGXCLJJSWVAHCEGROFLSRG&amp;fileType=view" xmlUrl="https://files.transkribus.eu/Get?id=WNHNQYMIAPZMDTCSTBKVDORK" imageId="6194678"/>
    </Metadata>
    <Page imageFilename="223990_0183.jpeg" imageWidth="3484" imageHeight="4256">
        <ReadingOrder>
            <OrderedGroup id="ro_1712662613142" caption="Regions reading order">
                <RegionRefIndexed index="0" regionRef="tr_1"/>
                <RegionRefIndexed index="1" regionRef="tr_2"/>
            </OrderedGroup>
        </ReadingOrder>
        <TextRegion orientation="0.0" id="tr_1" custom="readingOrder {index:0;}">
            <Coords points="250,123 250,282 722,282 722,123"/>
            <TextLine id="tr_1_tl_1" custom="readingOrder {index:0;}">
                <Coords points="241,235 335,234 383,261 718,260 717,169 623,172 602,192 542,163 501,184 466,166 444,183 397,163 344,180 240,170"/>
                <Baseline points="250,223 276,223 302,223 328,225 354,225 381,223 407,224 433,226 459,226 486,226 512,226 538,226 564,226 590,228 617,229 643,229 669,228 695,226 722,232"/>
                <TextEquiv>
                    <Unicode>8. Freiwil</Unicode>
                </TextEquiv>
            </TextLine>
            <TextEquiv>
                <Unicode></Unicode>
            </TextEquiv>
        </TextRegion>
        <TextRegion orientation="0.0" id="tr_2" custom="readingOrder {index:1;}">
            <Coords points="796,200 796,3764 2289,3764 2289,200"/>
            <TextLine id="tr_2_tl_1" custom="readingOrder {index:0;}">
                <Coords points="932,229 1083,246 1130,228 1169,246 1190,229 1246,256 1334,232 1334,174 1299,166 1189,181 1157,164 1098,190 932,174"/>
                <Baseline points="940,223 966,223 992,224 1019,225 1045,227 1072,229 1098,229 1125,229 1151,229 1178,228 1204,226 1231,226 1257,226 1284,224 1310,223 1337,223"/>
                <TextEquiv>
                    <Unicode>box 14/3</Unicode>
                </TextEquiv>
            </TextLine>
            <TextLine id="tr_2_tl_2" custom="readingOrder {index:1;}">
                <Coords points="1462,717 1779,720 1789,717 1791,643 1726,656 1696,649 1669,667 1577,655 1559,667 1531,647 1463,652"/>
                <Baseline points="1471,692 1497,690 1524,692 1551,690 1578,690 1605,691 1632,692 1658,692 1685,690 1712,689 1739,689 1766,689 1793,689"/>
                <TextEquiv>
                    <Unicode>Telefon 12801.</Unicode>
                </TextEquiv>
            </TextLine>
            <TextLine id="tr_2_tl_3" custom="readingOrder {index:2;}">
                <Coords points="1187,795 2079,807 2070,717 1753,750 1187,739"/>
                <Baseline points="1196,775 1240,781 1284,781 1329,778 1373,778 1417,775 1462,775 1506,775 1550,775 1595,775 1639,775 1683,773 1728,775 1772,775 1816,773 1861,773 1905,773 1949,773 1994,773 2038,773 2083,773"/>
                <TextEquiv>
                    <Unicode>Unternehmen für Zeitungs-Ausschnitte</Unicode>
                </TextEquiv>
            </TextLine>
            <TextLine id="tr_2_tl_4" custom="readingOrder {index:3;}">
                <Coords points="788,833 907,860 1050,848 1124,877 1132,771 966,747 923,766 854,754 792,774"/>
                <Baseline points="796,838 821,841 847,839 873,837 899,836 924,834 950,832 976,830 1002,829 1027,827 1053,825 1079,823 1105,820 1131,817"/>
                <TextEquiv>
                    <Unicode>Nr. 105</Unicode>
                </TextEquiv>
            </TextLine>
            <TextLine id="tr_2_tl_5" custom="readingOrder {index:4;}">
                <Coords points="1299,914 1978,892 1979,824 1898,803 1304,804"/>
                <Baseline points="1307,895 1340,891 1374,886 1408,884 1441,886 1475,884 1509,883 1542,883 1576,883 1610,883 1644,883 1677,883 1711,883 1745,883 1778,879 1812,873 1846,871 1879,871 1913,867 1947,863 1981,865"/>
                <TextEquiv>
                    <Unicode>„OBSERVER¬</Unicode>
                </TextEquiv>
            </TextLine>
            <TextLine id="tr_2_tl_6" custom="readingOrder {index:5;}">
                <Coords points="902,982 2064,981 2064,935 1884,895 902,938"/>
                <Baseline points="910,958 967,958 1025,958 1083,958 1141,958 1199,958 1257,958 1315,958 1373,959 1431,959 1489,958 1546,958 1604,958 1662,958 1720,958 1778,958 1836,958 1894,958 1952,955 2010,955 2068,961"/>
                <TextEquiv>
                    <Unicode>1. österr. behördl., concess. Bureau für Zeitungsberichte und Per.</Unicode>
                </TextEquiv>
            </TextLine>
            <TextLine id="tr_2_tl_7" custom="readingOrder {index:6;}">
                <Coords points="1221,1049 2049,1052 2049,985 2017,981 1890,1009 1510,976 1221,999"/>
                <Baseline points="1229,1038 1270,1038 1311,1038 1352,1039 1393,1040 1435,1038 1476,1038 1517,1041 1558,1038 1599,1041 1641,1041 1682,1041 1723,1039 1764,1038 1805,1038 1847,1038 1888,1038 1929,1039 1970,1041 2011,1038 2053,1035"/>
                <TextEquiv>
                    <Unicode>Wien, IX/1 Türkenstrasse 17.</Unicode>
                </TextEquiv>
            </TextLine>
            <TextLine id="tr_2_tl_8" custom="readingOrder {index:7;}">
                <Coords points="935,1138 2106,1124 2078,1053 1444,1085 1224,1049 1032,1097 935,1067"/>
                <Baseline points="943,1107 1001,1105 1059,1108 1118,1112 1176,1114 1234,1116 1293,1116 1351,1116 1409,1116 1468,1116 1526,1116 1584,1113 1643,1113 1701,1113 1759,1113 1818,1116 1876,1113 1934,1115 1993,1116 2051,1116 2110,1116"/>
                <TextEquiv>
                    <Unicode>— Filiale in Budapest: „Figyelö", VIII. Josefsring 31 a.</Unicode>
                </TextEquiv>
            </TextLine>
            <TextLine id="tr_2_tl_9" custom="readingOrder {index:8;}">
                <Coords points="905,1290 1776,1308 2047,1276 2050,1193 905,1251"/>
                <Baseline points="913,1280 970,1283 1027,1283 1084,1283 1141,1283 1198,1283 1255,1283 1312,1282 1369,1276 1426,1271 1483,1268 1540,1268 1597,1268 1654,1265 1711,1264 1768,1262 1825,1262 1882,1258 1939,1255 1996,1253 2053,1253"/>
                <TextEquiv>
                    <Unicode>Ausschnitt aus: Hamburgicher Correspondent</Unicode>
                </TextEquiv>
            </TextLine>
            <TextLine id="tr_2_tl_10" custom="readingOrder {index:9;}">
                <Coords points="1506,1415 1635,1423 1741,1388 1830,1423 1913,1414 1910,1338 1851,1353 1741,1316 1667,1355 1631,1359 1563,1329 1503,1346"/>
                <Baseline points="1513,1381 1538,1381 1563,1382 1588,1387 1613,1392 1638,1397 1664,1399 1689,1399 1714,1398 1739,1396 1764,1396 1790,1395 1815,1394 1840,1393 1865,1393 1890,1393 1916,1393"/>
                <TextEquiv>
                    <Unicode>38</Unicode>
                </TextEquiv>
            </TextLine>
            <TextLine id="tr_2_tl_11" custom="readingOrder {index:10;}">
                <Coords points="2041,1454 2085,1467 2127,1451 2147,1462 2203,1448 2280,1480 2292,1355 2256,1349 2224,1362 2207,1346 2161,1367 2129,1352 2084,1355 2068,1338 2053,1343"/>
                <Baseline points="2050,1447 2076,1443 2103,1439 2129,1438 2156,1438 2182,1434 2209,1431 2235,1430 2262,1422 2289,1411"/>
                <TextEquiv>
                    <Unicode></Unicode>
                </TextEquiv>
            </TextLine>
            <TextLine id="tr_2_tl_12" custom="readingOrder {index:11;}">
                <Coords points="902,1457 913,1454 922,1462 975,1453 1005,1470 1026,1456 1046,1462 1044,1396 1006,1393 997,1400 955,1374 935,1388 922,1381 899,1390"/>
                <Baseline points="910,1435 938,1437 966,1438 994,1438 1022,1440 1050,1441"/>
                <TextEquiv>
                    <Unicode>vom</Unicode>
                </TextEquiv>
            </TextLine>
            <TextLine id="tr_2_tl_13" custom="readingOrder {index:12;}">
                <Coords points="1488,1581 1513,1590 1531,1584 1540,1590 1557,1581 1574,1593 1589,1584 1631,1590 1642,1581 1673,1578 1675,1512 1664,1509 1639,1518 1604,1510 1562,1533 1491,1533"/>
                <Baseline points="1498,1578 1523,1576 1549,1575 1574,1575 1600,1575 1625,1575 1651,1572 1677,1569"/>
                <TextEquiv>
                    <Unicode>Freiwild.</Unicode>
                </TextEquiv>
            </TextLine>
            <TextLine id="tr_2_tl_14" custom="readingOrder {index:13;}">
                <Coords points="1138,1620 1251,1646 1384,1616 2025,1622 2035,1571 1744,1556 1574,1593 1441,1551 1233,1584 1139,1562"/>
                <Baseline points="1146,1614 1190,1617 1235,1617 1279,1617 1324,1617 1369,1614 1413,1614 1458,1614 1502,1614 1547,1614 1592,1614 1636,1614 1681,1611 1725,1611 1770,1614 1815,1614 1859,1614 1904,1614 1948,1614 1993,1614 2038,1614"/>
                <TextEquiv>
                    <Unicode>Schauspiel in drei Akten von Arthur Schnitzler.</Unicode>
                </TextEquiv>
            </TextLine>
            <TextLine id="tr_2_tl_15" custom="readingOrder {index:14;}">
                <Coords points="1349,1664 1823,1664 1823,1614 1678,1613 1642,1628 1568,1616 1543,1631 1512,1617 1349,1622"/>
                <Baseline points="1357,1650 1383,1652 1409,1653 1435,1653 1461,1653 1487,1653 1513,1653 1539,1653 1565,1653 1591,1653 1617,1653 1643,1652 1669,1650 1695,1652 1721,1653 1747,1651 1773,1651 1799,1653 1826,1653"/>
                <TextEquiv>
                    <Unicode>Berlin, S. Fischer Verlag.</Unicode>
                </TextEquiv>
            </TextLine>
            <TextLine id="tr_2_tl_16" custom="readingOrder {index:15;}">
                <Coords points="1123,1699 2121,1697 2121,1643 2079,1635 1810,1669 1123,1658"/>
                <Baseline points="1131,1692 1180,1695 1230,1695 1280,1692 1329,1692 1379,1692 1429,1692 1478,1694 1528,1693 1578,1692 1628,1692 1677,1689 1727,1692 1777,1690 1826,1692 1876,1692 1926,1692 1975,1692 2025,1692 2075,1689 2125,1686"/>
                <TextEquiv>
                    <Unicode>Das bereits viel aufgeführte neue Schauspiel Schnitzlers</Unicode>
                </TextEquiv>
            </TextLine>
            <TextLine id="tr_2_tl_17" custom="readingOrder {index:16;}">
                <Coords points="1059,1741 2121,1737 2093,1690 1059,1687"/>
                <Baseline points="1068,1734 1120,1734 1173,1734 1226,1734 1279,1731 1332,1731 1385,1732 1437,1732 1490,1731 1543,1731 1596,1731 1649,1730 1702,1728 1755,1728 1807,1728 1860,1731 1913,1729 1966,1731 2019,1729 2072,1728 2125,1725"/>
                <TextEquiv>
                    <Unicode>ist nun im Druck erschienen und fordert somit doppelt ernste</Unicode>
                </TextEquiv>
            </TextLine>
            <TextLine id="tr_2_tl_18" custom="readingOrder {index:17;}">
                <Coords points="1044,1771 2124,1774 2124,1734 2049,1732 1044,1746"/>
                <Baseline points="1053,1772 1106,1771 1160,1770 1214,1770 1268,1769 1321,1769 1375,1769 1429,1769 1483,1769 1536,1767 1590,1766 1644,1767 1698,1769 1751,1767 1805,1766 1859,1769 1913,1768 1966,1767 2020,1769 2074,1767 2128,1766"/>
                <TextEquiv>
                    <Unicode>litterarische Schätzung heraus. Leider hält es einer solchen in</Unicode>
                </TextEquiv>
            </TextLine>
            <TextLine id="tr_2_tl_19" custom="readingOrder {index:18;}">
                <Coords points="1050,1812 2121,1812 2108,1771 1050,1786"/>
                <Baseline points="1059,1808 1112,1811 1165,1809 1218,1808 1272,1808 1325,1808 1378,1808 1432,1808 1485,1808 1538,1808 1592,1805 1645,1805 1698,1806 1751,1806 1805,1805 1858,1805 1911,1805 1965,1805 2018,1807 2071,1806 2125,1802"/>
                <TextEquiv>
                    <Unicode>nur wenigen Beziehungen stand. Gewiß läßt der Dialog mit</Unicode>
                </TextEquiv>
            </TextLine>
            <TextLine id="tr_2_tl_20" custom="readingOrder {index:19;}">
                <Coords points="1062,1851 2117,1848 2091,1810 1062,1818"/>
                <Baseline points="1071,1847 1123,1847 1175,1847 1228,1850 1280,1847 1333,1847 1385,1847 1437,1847 1490,1847 1542,1844 1595,1844 1647,1844 1699,1844 1752,1844 1804,1844 1857,1844 1909,1844 1961,1844 2014,1844 2066,1844 2119,1841"/>
                <TextEquiv>
                    <Unicode>einer angenehmen Frische Töne des Lebens durchklingen, be¬</Unicode>
                </TextEquiv>
            </TextLine>
            <TextLine id="tr_2_tl_21" custom="readingOrder {index:20;}">
                <Coords points="1062,1895 2124,1887 2124,1851 2068,1844 1062,1850"/>
                <Baseline points="1071,1880 1123,1886 1176,1886 1229,1886 1282,1886 1335,1883 1388,1886 1440,1884 1493,1885 1546,1883 1599,1883 1652,1883 1705,1883 1758,1883 1810,1881 1863,1882 1916,1883 1969,1883 2022,1883 2075,1883 2128,1880"/>
                <TextEquiv>
                    <Unicode>sonders auch in discreter Anlehnung an die Wiener Mundart,</Unicode>
                </TextEquiv>
            </TextLine>
            <TextLine id="tr_2_tl_22" custom="readingOrder {index:21;}">
                <Coords points="1062,1940 2129,1937 2115,1887 1062,1896"/>
                <Baseline points="1071,1925 1124,1925 1177,1923 1230,1924 1283,1925 1336,1924 1389,1923 1442,1925 1495,1923 1548,1922 1602,1922 1655,1922 1708,1923 1761,1923 1814,1922 1867,1922 1920,1922 1973,1922 2026,1922 2079,1922 2133,1919"/>
                <TextEquiv>
                    <Unicode>Und auch die Richtung des Stückes gegen das Duell fordert</Unicode>
                </TextEquiv>
            </TextLine>
            <TextLine id="tr_2_tl_23" custom="readingOrder {index:22;}">
                <Coords points="1068,1970 2118,1966 2097,1925 1068,1940"/>
                <Baseline points="1077,1963 1129,1963 1181,1963 1233,1963 1286,1962 1338,1960 1390,1960 1442,1960 1495,1963 1547,1960 1599,1960 1651,1960 1704,1960 1756,1960 1808,1960 1860,1960 1913,1959 1965,1959 2017,1960 2069,1960 2122,1957"/>
                <TextEquiv>
                    <Unicode>unsere Sympathie heraus. Im übrigen freilich ist die Hand¬</Unicode>
                </TextEquiv>
            </TextLine>
            <TextLine id="tr_2_tl_24" custom="readingOrder {index:23;}">
                <Coords points="1065,2010 2121,2007 2121,1963 1065,1967"/>
                <Baseline points="1074,1999 1126,2002 1179,2002 1231,2002 1284,1999 1336,1999 1389,1999 1441,1999 1494,1999 1546,1999 1599,1999 1652,1999 1704,1999 1757,1999 1809,1996 1862,1999 1914,1996 1967,1996 2019,1996 2072,1996 2125,1996"/>
                <TextEquiv>
                    <Unicode>lung recht leer und banal. Nicht daß es ihr an Wahrscheinlich¬</Unicode>
                </TextEquiv>
            </TextLine>
            <TextLine id="tr_2_tl_25" custom="readingOrder {index:24;}">
                <Coords points="1065,2061 2124,2050 2124,2007 2075,2001 1065,2008"/>
                <Baseline points="1074,2041 1126,2041 1179,2041 1232,2041 1284,2038 1337,2038 1390,2038 1442,2040 1495,2038 1548,2038 1601,2038 1653,2038 1706,2038 1759,2036 1811,2038 1864,2038 1917,2035 1969,2036 2022,2038 2075,2036 2128,2038"/>
                <TextEquiv>
                    <Unicode>keit fehlte: sie ist nur zu wahrscheinlich, es liegt alles so one</Unicode>
                </TextEquiv>
            </TextLine>
            <TextLine id="tr_2_tl_26" custom="readingOrder {index:25;}">
                <Coords points="1062,2081 2084,2094 2120,2046 1062,2061"/>
                <Baseline points="1071,2080 1123,2080 1176,2077 1228,2080 1281,2077 1333,2078 1386,2080 1438,2078 1491,2077 1543,2077 1596,2079 1649,2077 1701,2077 1754,2077 1806,2077 1859,2077 1911,2077 1964,2077 2016,2075 2069,2076 2122,2074"/>
                <TextEquiv>
                    <Unicode>weiteres auf der Hand, daß tiefer greifende Empfindungen kaum</Unicode>
                </TextEquiv>
            </TextLine>
            <TextLine id="tr_2_tl_27" custom="readingOrder {index:26;}">
                <Coords points="1062,2123 2124,2124 2124,2085 1062,2079"/>
                <Baseline points="1071,2119 1123,2119 1176,2117 1229,2116 1282,2116 1335,2118 1388,2116 1440,2116 1493,2116 1546,2116 1599,2116 1652,2116 1705,2116 1758,2116 1810,2116 1863,2116 1916,2114 1969,2115 2022,2115 2075,2116 2128,2110"/>
                <TextEquiv>
                    <Unicode>irgendwo wachgerufen werden. Ein reicher junger Mann ver¬</Unicode>
                </TextEquiv>
            </TextLine>
            <TextLine id="tr_2_tl_28" custom="readingOrder {index:27;}">
                <Coords points="1056,2159 2121,2159 2099,2118 1056,2123"/>
                <Baseline points="1065,2154 1118,2157 1171,2157 1224,2157 1277,2154 1330,2154 1383,2155 1436,2155 1489,2154 1542,2154 1595,2154 1648,2154 1701,2154 1754,2154 1807,2151 1860,2154 1913,2154 1966,2154 2019,2152 2072,2153 2125,2151"/>
                <TextEquiv>
                    <Unicode>liebt sich in eine Schauspielerin, die ihre theatralische Laufbahn</Unicode>
                </TextEquiv>
            </TextLine>
            <TextLine id="tr_2_tl_29" custom="readingOrder {index:28;}">
                <Coords points="1062,2204 2121,2198 2111,2159 1062,2161"/>
                <Baseline points="1071,2196 1123,2196 1176,2196 1229,2196 1281,2196 1334,2193 1387,2193 1439,2195 1492,2193 1545,2193 1598,2193 1650,2193 1703,2193 1756,2193 1808,2190 1861,2193 1914,2192 1966,2190 2019,2192 2072,2193 2125,2193"/>
                <TextEquiv>
                    <Unicode>soeben erst aus Noth und reiner Begeisterung für die Kunst</Unicode>
                </TextEquiv>
            </TextLine>
            <TextLine id="tr_2_tl_30" custom="readingOrder {index:29;}">
                <Coords points="1062,2250 2124,2242 2124,2198 1062,2204"/>
                <Baseline points="1071,2235 1123,2235 1176,2235 1229,2235 1282,2232 1335,2235 1388,2234 1440,2232 1493,2232 1546,2232 1599,2232 1652,2232 1705,2232 1758,2232 1810,2232 1863,2232 1916,2232 1969,2231 2022,2231 2075,2232 2128,2232"/>
                <TextEquiv>
                    <Unicode>begonnen. Während er entschlossen ist, das unschuldige Geschöpf</Unicode>
                </TextEquiv>
            </TextLine>
            <TextLine id="tr_2_tl_31" custom="readingOrder {index:30;}">
                <Coords points="1065,2287 2121,2278 2121,2240 1981,2234 1065,2251"/>
                <Baseline points="1074,2280 1126,2274 1179,2271 1231,2274 1284,2271 1336,2272 1389,2274 1441,2272 1494,2271 1546,2271 1599,2271 1652,2271 1704,2271 1757,2271 1809,2271 1862,2268 1914,2268 1967,2269 2019,2271 2072,2271 2125,2271"/>
                <TextEquiv>
                    <Unicode>zu seiner Gattin zu wählen, bewirbt sich ein Lieutenant</Unicode>
                </TextEquiv>
            </TextLine>
            <TextLine id="tr_2_tl_32" custom="readingOrder {index:31;}">
                <Coords points="1065,2317 2120,2314 2109,2274 1065,2286"/>
                <Baseline points="1074,2316 1126,2313 1178,2313 1231,2313 1283,2311 1336,2313 1388,2313 1440,2311 1493,2313 1545,2310 1598,2310 1650,2310 1702,2310 1755,2308 1807,2307 1860,2307 1912,2307 1964,2307 2017,2307 2069,2309 2122,2307"/>
                <TextEquiv>
                    <Unicode>Kowinski, der sich durch wüstes Spielen und Raufen ohne¬</Unicode>
                </TextEquiv>
            </TextLine>
            <TextLine id="tr_2_tl_33" custom="readingOrder {index:32;}">
                <Coords points="1058,2376 2121,2363 2088,2313 1059,2317"/>
                <Baseline points="1068,2351 1120,2351 1173,2349 1226,2351 1279,2351 1332,2351 1385,2350 1437,2350 1490,2349 1543,2348 1596,2348 1649,2348 1702,2348 1755,2346 1807,2348 1860,2345 1913,2345 1966,2345 2019,2345 2072,2347 2125,2348"/>
                <TextEquiv>
                    <Unicode>dies dem unfreiwilligen Abschluß seiner Officierslaufbahn</Unicode>
                </TextEquiv>
            </TextLine>
            <TextLine id="tr_2_tl_34" custom="readingOrder {index:33;}">
                <Coords points="1059,2400 2129,2397 2129,2358 1949,2349 1059,2376"/>
                <Baseline points="1068,2393 1121,2390 1174,2390 1227,2390 1281,2390 1334,2390 1387,2390 1440,2388 1494,2387 1547,2387 1600,2387 1653,2387 1707,2387 1760,2385 1813,2384 1866,2384 1920,2384 1973,2384 2026,2386 2079,2387 2133,2390"/>
                <TextEquiv>
                    <Unicode>nahegebracht hat, in üblichem Leichtsinn um den flüchtigen</Unicode>
                </TextEquiv>
            </TextLine>
            <TextLine id="tr_2_tl_35" custom="readingOrder {index:34;}">
                <Coords points="1068,2434 2118,2453 2099,2393 1068,2400"/>
                <Baseline points="1077,2429 1129,2432 1181,2432 1233,2431 1286,2429 1338,2429 1390,2429 1442,2426 1495,2429 1547,2429 1599,2427 1651,2426 1704,2426 1756,2428 1808,2426 1860,2426 1913,2424 1965,2423 2017,2426 2069,2429 2122,2432"/>
                <TextEquiv>
                    <Unicode>Genuß ihrer Gunst. Eine wörtliche und thätliche Beleidigung</Unicode>
                </TextEquiv>
            </TextLine>
            <TextLine id="tr_2_tl_36" custom="readingOrder {index:35;}">
                <Coords points="1080,2474 2136,2506 2135,2452 2099,2447 1080,2444"/>
                <Baseline points="1089,2468 1141,2471 1194,2471 1246,2473 1299,2474 1351,2477 1404,2477 1456,2478 1509,2480 1561,2480 1614,2480 1666,2483 1719,2486 1771,2486 1824,2487 1876,2489 1929,2489 1981,2492 2034,2492 2086,2496 2139,2498"/>
                <TextEquiv>
                    <Unicode>durch den ernstlichen Bewerber Paul Röming ist die Folge.</Unicode>
                </TextEquiv>
            </TextLine>
            <TextLine id="tr_2_tl_37" custom="readingOrder {index:36;}">
                <Coords points="1083,2518 2141,2544 2139,2505 2025,2492 1083,2476"/>
                <Baseline points="1092,2510 1144,2510 1197,2510 1249,2512 1302,2513 1355,2513 1407,2515 1460,2516 1513,2518 1565,2518 1618,2518 1671,2521 1723,2521 1776,2524 1829,2525 1881,2527 1934,2527 1987,2530 2039,2530 2092,2531 2145,2536"/>
                <TextEquiv>
                    <Unicode>Die Herausforderung des also Gezüchtigten lehnt der Beleidiger</Unicode>
                </TextEquiv>
            </TextLine>
            <TextLine id="tr_2_tl_38" custom="readingOrder {index:37;}">
                <Coords points="1080,2560 2114,2584 2132,2547 1079,2521"/>
                <Baseline points="1089,2548 1141,2545 1193,2548 1246,2548 1298,2550 1350,2554 1403,2554 1455,2557 1507,2557 1560,2557 1612,2557 1664,2557 1717,2560 1769,2561 1821,2563 1874,2563 1926,2567 1978,2566 2031,2569 2083,2570 2136,2569"/>
                <TextEquiv>
                    <Unicode>ab. Dadurch ist Kowinski das Verbleiben im Officiersstande</Unicode>
                </TextEquiv>
            </TextLine>
            <TextLine id="tr_2_tl_39" custom="readingOrder {index:38;}">
                <Coords points="1080,2594 2058,2636 2135,2625 2135,2580 1079,2559"/>
                <Baseline points="1089,2587 1141,2587 1194,2587 1246,2587 1299,2589 1351,2593 1404,2593 1456,2596 1509,2596 1561,2596 1614,2596 1666,2599 1719,2599 1771,2601 1824,2600 1876,2604 1929,2603 1981,2605 2034,2608 2086,2609 2139,2611"/>
                <TextEquiv>
                    <Unicode>endgültig unmöglich gemacht, und außerhalb desselben vermeint</Unicode>
                </TextEquiv>
            </TextLine>
            <TextLine id="tr_2_tl_40" custom="readingOrder {index:39;}">
                <Coords points="1085,2633 2130,2661 2135,2625 1083,2600"/>
                <Baseline points="1092,2626 1144,2623 1196,2626 1249,2626 1301,2628 1353,2632 1406,2632 1458,2633 1510,2634 1563,2634 1615,2635 1667,2638 1720,2638 1772,2641 1824,2642 1877,2644 1929,2644 1981,2644 2034,2647 2086,2648 2139,2650"/>
                <TextEquiv>
                    <Unicode>er nicht leben zu können. So sucht er durch Zwang oder</Unicode>
                </TextEquiv>
            </TextLine>
            <TextLine id="tr_2_tl_41" custom="readingOrder {index:40;}">
                <Coords points="1083,2666 2132,2701 2105,2654 1083,2634"/>
                <Baseline points="1092,2662 1144,2662 1196,2665 1248,2665 1300,2665 1353,2668 1405,2671 1457,2671 1509,2674 1561,2674 1614,2674 1666,2674 1718,2677 1770,2677 1822,2678 1875,2680 1927,2682 1979,2683 2031,2686 2083,2686 2136,2689"/>
                <TextEquiv>
                    <Unicode>Rache zu seiner Genugthuung zu kommen. Paul Röming</Unicode>
                </TextEquiv>
            </TextLine>
            <TextLine id="tr_2_tl_42" custom="readingOrder {index:41;}">
                <Coords points="1080,2702 2132,2738 2096,2693 1080,2666"/>
                <Baseline points="1089,2701 1141,2701 1193,2701 1246,2703 1298,2706 1350,2707 1403,2709 1455,2709 1507,2710 1560,2712 1612,2712 1664,2712 1717,2715 1769,2715 1821,2716 1874,2718 1926,2720 1978,2721 2031,2721 2083,2724 2136,2724"/>
                <TextEquiv>
                    <Unicode>hält es für feige, vor der ihm angedrohten Gewaltthat zu fliehen;</Unicode>
                </TextEquiv>
            </TextLine>
            <TextLine id="tr_2_tl_43" custom="readingOrder {index:42;}">
                <Coords points="1083,2752 2111,2776 2130,2740 1082,2704"/>
                <Baseline points="1092,2739 1144,2736 1196,2739 1248,2740 1300,2742 1352,2744 1404,2745 1456,2748 1508,2748 1560,2749 1612,2751 1664,2751 1716,2754 1768,2754 1820,2757 1872,2757 1924,2757 1976,2759 2028,2760 2080,2763 2133,2763"/>
                <TextEquiv>
                    <Unicode>so schießt ihn Kowinski nieder. Man sieht, alles liegt in diesem</Unicode>
                </TextEquiv>
            </TextLine>
            <TextLine id="tr_2_tl_44" custom="readingOrder {index:43;}">
                <Coords points="911,2788 2121,2817 2100,2767 910,2732"/>
                <Baseline points="919,2772 979,2771 1039,2769 1099,2776 1160,2778 1220,2781 1280,2781 1341,2783 1401,2784 1461,2787 1522,2787 1582,2787 1642,2788 1702,2792 1763,2793 1823,2793 1883,2796 1944,2796 2004,2798 2064,2799 2125,2802"/>
                <TextEquiv>
                    <Unicode>Für 50 Fall typisch, nichts originell. Bezeichnend wählt der Verfasser</Unicode>
                </TextEquiv>
            </TextLine>
            <TextLine id="tr_2_tl_45" custom="readingOrder {index:44;}">
                <Coords points="997,2817 2129,2853 2117,2808 996,2784"/>
                <Baseline points="1005,2811 1061,2812 1117,2817 1174,2817 1230,2820 1287,2821 1343,2823 1399,2825 1456,2826 1512,2827 1569,2829 1625,2829 1681,2829 1738,2830 1794,2832 1851,2832 1907,2835 1963,2835 2020,2837 2076,2841 2133,2841"/>
                <TextEquiv>
                    <Unicode>100 in richtiger Erkenntniß der halbschlächtigen Handlung den Titel</Unicode>
                </TextEquiv>
            </TextLine>
            <TextLine id="tr_2_tl_46" custom="readingOrder {index:45;}">
                <Coords points="1089,2865 2124,2889 2123,2852 1969,2836 1089,2829"/>
                <Baseline points="1098,2850 1149,2853 1201,2856 1252,2857 1304,2861 1355,2862 1407,2862 1458,2862 1510,2865 1561,2865 1613,2865 1664,2867 1716,2868 1767,2871 1819,2871 1870,2872 1922,2874 1973,2874 2025,2876 2076,2880 2128,2877"/>
                <TextEquiv>
                    <Unicode>„Schauspiel. Zu einem echten Trauerspiel fehlt eben schon</Unicode>
                </TextEquiv>
            </TextLine>
            <TextLine id="tr_2_tl_47" custom="readingOrder {index:46;}">
                <Coords points="991,2895 2062,2932 2126,2928 2126,2892 990,2859"/>
                <Baseline points="999,2889 1055,2890 1112,2892 1168,2894 1225,2895 1281,2896 1338,2898 1394,2900 1451,2903 1507,2903 1564,2903 1621,2903 1677,2903 1734,2906 1790,2908 1847,2909 1903,2912 1960,2912 2016,2914 2073,2915 2130,2918"/>
                <TextEquiv>
                    <Unicode>500 die bedeutsame, tragisch erschütternde Katastrophe, nichts aber</Unicode>
                </TextEquiv>
            </TextLine>
            <TextLine id="tr_2_tl_48" custom="readingOrder {index:47;}">
                <Coords points="935,2948 2124,2966 2088,2922 935,2912"/>
                <Baseline points="943,2936 1002,2929 1061,2929 1120,2930 1180,2933 1239,2933 1298,2936 1357,2937 1417,2939 1476,2939 1535,2942 1594,2942 1654,2945 1713,2945 1772,2945 1831,2948 1891,2949 1950,2951 2009,2953 2068,2954 2128,2954"/>
                <TextEquiv>
                    <Unicode>„ 1000 hebt hier den Stoff aus der Alltäglichkeit. Am wenigsten die</Unicode>
                </TextEquiv>
            </TextLine>
            <TextLine id="tr_2_tl_49" custom="readingOrder {index:48;}">
                <Coords points="1032,2978 2126,3004 2076,2957 1032,2941"/>
                <Baseline points="1041,2975 1095,2972 1149,2972 1204,2972 1258,2972 1312,2972 1367,2976 1421,2978 1475,2978 1530,2978 1584,2981 1638,2981 1693,2983 1747,2984 1801,2984 1856,2987 1910,2988 1964,2990 2019,2993 2073,2993 2128,2996"/>
                <TextEquiv>
                    <Unicode>Hauptgur — denn den Helden des Stückes kann man ihn</Unicode>
                </TextEquiv>
            </TextLine>
            <TextLine id="tr_2_tl_50" custom="readingOrder {index:49;}">
                <Coords points="920,3027 2115,3046 2115,3007 919,2978"/>
                <Baseline points="928,3014 987,3014 1047,3014 1106,3011 1166,3011 1225,3011 1285,3011 1344,3014 1404,3016 1463,3017 1523,3020 1583,3020 1642,3020 1702,3021 1761,3023 1821,3023 1880,3026 1940,3026 1999,3029 2059,3032 2119,3035"/>
                <TextEquiv>
                    <Unicode>bonne kaum nennen. Paul Röming's Wesen bleibt von Anfang</Unicode>
                </TextEquiv>
            </TextLine>
            <TextLine id="tr_2_tl_51" custom="readingOrder {index:50;}">
                <Coords points="917,3061 2121,3078 2120,3045 1989,3028 917,3031"/>
                <Baseline points="925,3053 985,3056 1045,3052 1105,3047 1165,3050 1225,3050 1285,3051 1345,3055 1405,3053 1465,3055 1525,3057 1585,3059 1645,3060 1705,3062 1765,3062 1825,3062 1885,3064 1945,3068 2005,3069 2065,3071 2125,3071"/>
                <TextEquiv>
                    <Unicode>Abonne bis zu Ende völlig unbedeutend. Ein anständiger</Unicode>
                </TextEquiv>
            </TextLine>
            <TextLine id="tr_2_tl_52" custom="readingOrder {index:51;}">
                <Coords points="1064,3102 2088,3126 2111,3078 1062,3063"/>
                <Baseline points="1071,3089 1123,3089 1175,3089 1227,3089 1280,3089 1332,3091 1384,3092 1436,3092 1489,3095 1541,3095 1593,3096 1645,3097 1698,3100 1750,3101 1802,3103 1854,3103 1907,3103 1959,3106 2011,3106 2063,3109 2116,3109"/>
                <TextEquiv>
                    <Unicode>und ziemlich vernünftiger Mensch zu sein, erscheint gewiß sehr</Unicode>
                </TextEquiv>
            </TextLine>
            <TextLine id="tr_2_tl_53" custom="readingOrder {index:52;}">
                <Coords points="1056,3132 2035,3161 2115,3156 2115,3122 1055,3087"/>
                <Baseline points="1065,3127 1117,3127 1170,3127 1223,3129 1275,3128 1328,3130 1381,3130 1433,3133 1486,3133 1539,3133 1592,3133 1644,3136 1697,3139 1750,3140 1802,3141 1855,3141 1908,3142 1960,3142 2013,3146 2066,3149 2119,3148"/>
                <TextEquiv>
                    <Unicode>ehrenwerth, bedeutet aber im Leben und gar in der Dichtung</Unicode>
                </TextEquiv>
            </TextLine>
            <TextLine id="tr_2_tl_54" custom="readingOrder {index:53;}">
                <Coords points="1059,3173 2044,3211 2115,3200 2114,3158 1058,3132"/>
                <Baseline points="1068,3163 1120,3163 1172,3164 1225,3166 1277,3168 1330,3169 1382,3169 1434,3172 1487,3173 1539,3173 1592,3172 1644,3175 1696,3175 1749,3176 1801,3179 1854,3181 1906,3181 1958,3181 2011,3184 2063,3187 2116,3187"/>
                <TextEquiv>
                    <Unicode>noch nicht allzu viel. Ist doch Paul Röming sogar erheblich</Unicode>
                </TextEquiv>
            </TextLine>
            <TextLine id="tr_2_tl_55" custom="readingOrder {index:54;}">
                <Coords points="1065,3211 2117,3238 2067,3189 1064,3171"/>
                <Baseline points="1074,3205 1126,3202 1178,3203 1230,3205 1283,3207 1335,3208 1387,3208 1439,3208 1492,3211 1544,3211 1596,3213 1648,3214 1701,3217 1753,3217 1805,3218 1857,3220 1910,3220 1962,3223 2014,3223 2066,3226 2119,3226"/>
                <TextEquiv>
                    <Unicode>schattenhafter als die meisten übrigen Figuren gezeichnet. Da</Unicode>
                </TextEquiv>
            </TextLine>
            <TextLine id="tr_2_tl_56" custom="readingOrder {index:55;}">
                <Coords points="1056,3254 2058,3275 2114,3272 2115,3238 1055,3205"/>
                <Baseline points="1065,3244 1117,3244 1170,3243 1223,3243 1275,3244 1328,3247 1381,3247 1433,3250 1486,3250 1539,3250 1592,3250 1644,3250 1697,3253 1750,3254 1802,3256 1855,3258 1908,3259 1960,3259 2013,3262 2066,3263 2119,3265"/>
                <TextEquiv>
                    <Unicode>fallen wenigstens ein paar Typen aus dem Officiers= und dem</Unicode>
                </TextEquiv>
            </TextLine>
            <TextLine id="tr_2_tl_57" custom="readingOrder {index:56;}">
                <Coords points="1056,3283 2112,3312 2111,3271 2068,3266 1056,3254"/>
                <Baseline points="1065,3277 1117,3280 1169,3281 1222,3283 1274,3283 1327,3286 1379,3286 1431,3286 1484,3287 1536,3288 1589,3288 1641,3288 1693,3291 1746,3292 1798,3294 1851,3294 1903,3294 1955,3297 2008,3300 2060,3302 2113,3300"/>
                <TextEquiv>
                    <Unicode>Schauspielerstand auf. Aber über das Typische, Durchschnitt¬</Unicode>
                </TextEquiv>
            </TextLine>
            <TextLine id="tr_2_tl_58" custom="readingOrder {index:57;}">
                <Coords points="1059,3325 2109,3348 2090,3306 1059,3283"/>
                <Baseline points="1068,3321 1120,3321 1172,3321 1224,3321 1277,3321 1329,3323 1381,3324 1433,3324 1486,3325 1538,3327 1590,3327 1642,3327 1695,3330 1747,3333 1799,3331 1851,3333 1904,3333 1956,3336 2008,3339 2060,3342 2113,3342"/>
                <TextEquiv>
                    <Unicode>liche geht allerdings keine Rolle des Schnitzler'schen Schauspiels</Unicode>
                </TextEquiv>
            </TextLine>
            <TextLine id="tr_2_tl_59" custom="readingOrder {index:58;}">
                <Coords points="1056,3365 2037,3393 2111,3387 2111,3348 1055,3328"/>
                <Baseline points="1065,3360 1117,3357 1169,3357 1222,3357 1274,3359 1327,3360 1379,3363 1431,3363 1484,3364 1536,3366 1589,3366 1641,3366 1693,3369 1746,3371 1798,3369 1851,3371 1903,3372 1955,3372 2008,3375 2060,3379 2113,3381"/>
                <TextEquiv>
                    <Unicode>hinaus. Es sind Zeichnungen, wie man sie sonst im — Schwank</Unicode>
                </TextEquiv>
            </TextLine>
            <TextLine id="tr_2_tl_60" custom="readingOrder {index:59;}">
                <Coords points="1044,3411 2114,3425 2114,3387 1915,3375 1044,3380"/>
                <Baseline points="1053,3399 1106,3396 1159,3396 1212,3398 1265,3397 1318,3401 1371,3402 1425,3402 1478,3402 1531,3404 1584,3405 1637,3405 1690,3408 1743,3408 1797,3410 1850,3411 1903,3411 1956,3414 2009,3414 2062,3417 2116,3417"/>
                <TextEquiv>
                    <Unicode>zu finden gewohnt ist; und in der That hält Referent nicht</Unicode>
                </TextEquiv>
            </TextLine>
            <TextLine id="tr_2_tl_61" custom="readingOrder {index:60;}">
                <Coords points="1044,3451 2108,3464 2106,3425 2019,3414 1044,3413"/>
                <Baseline points="1053,3435 1105,3435 1158,3435 1211,3437 1264,3438 1317,3438 1370,3441 1422,3443 1475,3441 1528,3443 1581,3444 1634,3444 1687,3447 1740,3447 1792,3449 1845,3450 1898,3450 1951,3453 2004,3454 2057,3456 2110,3456"/>
                <TextEquiv>
                    <Unicode>mit seiner Meinung zurück, daß fast alles, was sich heut</Unicode>
                </TextEquiv>
            </TextLine>
            <TextLine id="tr_2_tl_62" custom="readingOrder {index:61;}">
                <Coords points="1059,3484 2105,3509 2103,3466 2026,3452 1058,3443"/>
                <Baseline points="1068,3474 1122,3474 1177,3474 1232,3474 1286,3474 1341,3477 1396,3479 1450,3479 1505,3480 1560,3482 1614,3482 1669,3483 1724,3485 1778,3485 1833,3488 1888,3488 1942,3490 1997,3491 2052,3494 2107,3497"/>
                <TextEquiv>
                    <Unicode>„Schauspiel“ nennt, im ernsten Drama die Stelle einnimmt,</Unicode>
                </TextEquiv>
            </TextLine>
            <TextLine id="tr_2_tl_63" custom="readingOrder {index:62;}">
                <Coords points="1044,3514 2072,3549 2106,3511 1043,3482"/>
                <Baseline points="1053,3509 1105,3512 1158,3512 1211,3512 1264,3514 1317,3515 1370,3515 1422,3516 1475,3518 1528,3520 1581,3521 1634,3521 1687,3521 1740,3524 1792,3524 1845,3526 1898,3527 1951,3527 2004,3531 2057,3534 2110,3536"/>
                <TextEquiv>
                    <Unicode>die im komischen der Schwank gewonnen hat: flache Ansätze,</Unicode>
                </TextEquiv>
            </TextLine>
            <TextLine id="tr_2_tl_64" custom="readingOrder {index:63;}">
                <Coords points="1047,3556 2067,3586 2106,3585 2106,3546 1046,3514"/>
                <Baseline points="1056,3551 1108,3551 1161,3551 1214,3553 1266,3552 1319,3551 1372,3554 1424,3554 1477,3555 1530,3559 1583,3560 1635,3557 1688,3560 1741,3561 1793,3563 1846,3565 1899,3566 1951,3569 2004,3569 2057,3570 2110,3575"/>
                <TextEquiv>
                    <Unicode>leichte Striche an Stelle des großen Stils und der künstlerischen</Unicode>
                </TextEquiv>
            </TextLine>
            <TextLine id="tr_2_tl_65" custom="readingOrder {index:64;}">
                <Coords points="1044,3594 2094,3626 2106,3585 1043,3556"/>
                <Baseline points="1053,3587 1105,3590 1158,3590 1211,3592 1264,3591 1317,3593 1370,3593 1422,3596 1475,3596 1528,3596 1581,3596 1634,3596 1687,3599 1740,3600 1792,3602 1845,3604 1898,3605 1951,3608 2004,3609 2057,3612 2110,3614"/>
                <TextEquiv>
                    <Unicode>Vertiefung. Als Schwankfiguren wären sie alle gar nicht übel,</Unicode>
                </TextEquiv>
            </TextLine>
            <TextLine id="tr_2_tl_66" custom="readingOrder {index:65;}">
                <Coords points="1041,3630 2076,3665 2103,3624 1040,3601"/>
                <Baseline points="1050,3629 1102,3629 1155,3629 1208,3629 1261,3629 1314,3632 1367,3632 1419,3633 1472,3635 1525,3635 1578,3635 1631,3638 1684,3641 1737,3641 1789,3641 1842,3643 1895,3644 1948,3644 2001,3647 2054,3648 2107,3650"/>
                <TextEquiv>
                    <Unicode>besonders der melancholische, eifersüchtige Komiker und der</Unicode>
                </TextEquiv>
            </TextLine>
            <TextLine id="tr_2_tl_67" custom="readingOrder {index:66;}">
                <Coords points="1038,3675 2103,3695 2023,3648 1038,3630"/>
                <Baseline points="1047,3668 1100,3668 1153,3669 1206,3669 1259,3668 1312,3668 1365,3674 1418,3674 1471,3674 1524,3674 1577,3674 1630,3679 1683,3679 1736,3679 1789,3679 1842,3681 1895,3682 1948,3682 2001,3686 2054,3688 2107,3688"/>
                <TextEquiv>
                    <Unicode>Director, der nicht dazu da ist, „seine Schauspielerinnen zu</Unicode>
                </TextEquiv>
            </TextLine>
            <TextLine id="tr_2_tl_68" custom="readingOrder {index:67;}">
                <Coords points="1043,3712 1887,3758 2100,3742 2099,3695 1041,3675"/>
                <Baseline points="1050,3709 1102,3706 1155,3703 1208,3705 1260,3706 1313,3709 1366,3709 1418,3710 1471,3713 1524,3715 1577,3717 1629,3718 1682,3721 1735,3725 1787,3726 1840,3724 1893,3724 1945,3727 1998,3724 2051,3726 2104,3733"/>
                <TextEquiv>
                    <Unicode>ernähren, sondern mehr auf ihren ..... „Anhang als auf</Unicode>
                </TextEquiv>
            </TextLine>
            <TextLine id="tr_2_tl_69" custom="readingOrder {index:68;}">
                <Coords points="1035,3752 1201,3782 1364,3760 1385,3778 1408,3772 1408,3716 1391,3709 1284,3721 1234,3704 1210,3719 1035,3709"/>
                <Baseline points="1044,3751 1070,3751 1096,3751 1122,3749 1148,3748 1175,3748 1201,3748 1227,3748 1253,3748 1279,3749 1306,3751 1332,3751 1358,3751 1384,3751 1411,3754"/>
                <TextEquiv>
                    <Unicode>die Fähigkeiten sieht.</Unicode>
                </TextEquiv>
            </TextLine>
            <TextEquiv>
                <Unicode></Unicode>
            </TextEquiv>
        </TextRegion>
    </Page>
</PcGts>
