3392 4256
242 177 732 292 8. Freiwil
945 174 1343 283 box 14/4
672 857 1072 948 (Quellenangabe eine Ge¬
904 886 1309 994 Nap, Budapest
369 945 774 1019 Ausschnitt aus:
592 982 846 1093 2 u. 1913
375 1045 507 1103 vom
1040 997 1344 1137 und
517 1175 1138 1288 A PREDI
401 1268 1332 1366 Schnitzler szimme a Magyar Sinházban).
495 1368 1331 1469 Talin lizen, vagy něg löbl estendökkel
397 1457 1324 1516 zelt, mikoraz embere meg a Reigen samo-
392 1499 1324 1554 zot, nem notato példányainak hatsa alati
393 1551 1324 1622 ottak, irta Schnitzler Artur à préda cima sin¬
394 1619 1332 1673 mivét. Akkoriban — nem emlkszem rá tisztán,
398 1656 1322 1727 de bonos mettent, ay megakado-
401 1712 1323 1788 zoll párbajo divata foglalkoztalta az embere¬
398 1758 1322 1820 ket es problema voll: a katonalis, ainek me¬
398 1821 1328 1889 tagadjak a fegyveres cléglétell. Schnitzler sze¬
394 1865 1324 1940 rint ekkor a katona lelotte ellenfelt, mert meg¬
394 1934 1330 1986 tagadni a elegtétet éppoly bin, mint megyere¬
401 1986 1331 2044 kedni. Hiszem, hogy a kitin Schnitzlernek a
401 2029 1324 2108 problema volta lo es nem a korje font celek¬
398 2076 1320 2148 mény, maga a drama, amely pedig ers és gé¬
403 2138 1328 2193 sées, mint eros es egesseges volt as ifju
398 2182 1324 2266 Schnitzler, nem a föhadnagy drámája, ki vil¬
401 2236 1324 2307 kola párbajéri, de azé a fatal szinsné, aki ui
394 2295 1319 2375 szinekkel es hangokkal telve, tobzódva a szin¬
398 2345 1334 2422 ha, a szinátszás misztériumaiban, lekeril a
403 2396 1315 2454 vidéki kis vároba, ahol mindenki prédának te
392 2456 1324 2519 kinti, halali kie les a zákmány. Ha védeke-
394 2507 1323 2565 zik, fel gazsit kap az igazgatojától, vagy megfor¬
394 2558 1324 2623 dul megy a másik vidéki városba kezdeni min-
398 2615 1324 2674 den löbl. Tizent, vagy még löbl estendok-
394 2666 1330 2739 kel ezelt törtent, a problema ma már nem
401 2717 1330 2786 fontos, talán — mint sokszor — a drama sem.
393 2771 1331 2835 Az a fatal sineszne: Ver Marta a fontos, aki
392 2820 1324 2903 mintha megéneklése lett volna a vidéki szinesz-
392 2874 1320 2944 nonek, a prédának. Szeretném hinni, hogy na-
394 2925 1324 3003 gon étérezte szerepet, hogy nem csak tehetsé¬
394 2985 1330 3052 gesen komedizot, de gondolkoot is no
401 3034 1334 3098 mégis is iron, — a problemán. E a fatal
398 3093 1331 3149 lány, gomblés en sép vállának vibrálá-
394 3122 1349 3221 sal tuda kiejeni a legneherebb, legkompli¬
392 3189 1331 3275 kaltabbéréseket. Komoly és jelentös siker
401 3246 1331 3317 les. Mellette Haraszty Mici, Törz, Csortos,
398 3300 1324 3375 Sebestyen viszik friss talentummal a játekot.
390 3344 1039 3439 darabot Salgó Ern forditotta.
1869 428 2921 571 Ausschnitt aus des Pester Journal
1864 558 2321 668 2
1987 667 2878 747 (Ungarisches Theater.) Arthur Schnitzler
1888 724 2877 781 sagt in „Freiwild" schon oft Gesagtes. Und bereits
1873 778 2881 832 vor Jahren, als er sich zum dramatischen Anwalt der
1873 828 2881 891 Liga zur Bekämpfung des Duells machte und seine
1873 870 2877 939 bleichsüchtige Komödie als Streitschrift dem Duell¬
1873 924 2875 989 koder gegenüberstellte, war dies kein glücklicher Ent¬
1884 967 2883 1035 schluß, der auch keine geglückte That erzeugte. In
1873 1017 2874 1074 dieser Frage hätte der Dichter ein gewichtigeres Wort
1879 1065 2895 1123 sprechen oder die Sache ganz bleiben lassen sollen.
1873 1116 2877 1188 Es ist uns keine bedeutungslosere Arbeit des Dich¬
1873 1163 2881 1218 ters des „Anatol“ bekannt, als dieses arme Bühnen¬
1873 1216 2881 1271 werk, das wie ein mit Bleistift beschriebenes fliegen¬
1875 1258 2874 1327 des Blättchen anmuthet unter den magistralen Seiten,
1873 1302 2883 1376 die Schnitzler mit den feinen Schriftzügen seines
1876 1364 2879 1417 kostbaren Talentes gefüllt hat. Sich so tief zu bücken,
1876 1408 2883 1465 um einen werthlosen Kieselstein aufzuheben, ist eines
1879 1465 2883 1517 Schnitzler gewiß nicht würdig. Eine Duellpolemik zu
1873 1509 2881 1564 schreiben und das Leben einer Provinzschmiere zu schil¬
1869 1562 2883 1613 dern, dazu ist doch ein Schnitzler zu gut. Und mit
1873 1603 2877 1661 welchen dürftigen Mitteln! In drei Akten, jeder ebenso
1867 1656 2881 1727 kurz wie leer, wird kaum mehr ausgeführt, als daß
1873 1702 2881 1778 ein Offizier einen Maler über den Haufen schießt,
1873 1762 2877 1810 weil ihm dieser die ritterliche Satisfaktion für eine
1876 1803 2879 1872 thätliche Insulte verweigert. Und an die Tagödie des
1865 1854 2870 1926 Malers hängt sich das Schicksal einer Schauspielerin,
1867 1900 2881 1964 die ebenfalls ein Opfer des Duells wird, da gerade
1869 1952 2879 2011 der getödtete Maler berufen gewesen wäre, dieses
1869 2008 2879 2074 bedauernswerthe Wesen aus dem Jammerdasein
1876 2048 2877 2104 herauszureißen, das einer tugendhaften Schauspie¬
1876 2101 2877 2158 lerin in einem Provinztheater beschieden ist. Dem
1873 2148 2881 2207 Ungarischen Theater war mit der Aufführung von
1867 2193 2877 2261 „A préde" nicht so sehr um den Erfolg eines
1869 2241 2879 2307 Stückes, sondern um das Debut einer jungen Schau¬
1876 2298 2883 2357 spielerin zu thun, die mit ihrem offenbarungsgleichen
1867 2350 2877 2413 Talent unsere Darstellungskunst reich zu beschenken
1864 2399 2879 2450 berufen ist. Denn Martha Verö, ein Mädchen von
1869 2446 2879 2503 achtzehn Jahren, ist seit langer Zeit die erste, wirk¬
1869 2493 2870 2544 lich werthvolle Neuerwerbung unserer Bühnenkunst.
1877 2543 2875 2607 Sie ist eine Persönlichkeit durch und durch und voll
1867 2591 2881 2668 der feinsten Kunstinstinkte, die ihr Dinge leicht er¬
1873 2644 2887 2706 scheinen lassen, welche selbst von Auserwählten um
1873 2692 2870 2748 den Preis jahrelangen Ringens erworben werden.
1867 2733 2872 2803 Alles, was dieses junge Mädchen macht und spricht,
1873 2785 2870 2854 bricht aus tiefen Quellen des Gemüths und aus einer
1867 2839 2868 2899 reichen Natur hervor und wird durch eine wundersame
1873 2886 2874 2950 Kraft des Zusammenhaltens zu Schönheiten der
1876 2934 2870 2989 Seelenmalerei gesammelt. Uebung und Schulanlei¬
1867 2987 2874 3067 tung haben noch kein Thautröpfchen von dieser
1873 3030 2870 3090 frischen Theaterblüthe weggewischt, und auch die
1869 3084 2870 3141 Unzulänglichkeiten ihrer hilflosen Technik sind nur
1873 3135 2868 3195 beruhigende Erkenntnisse dafür, daß der Drill und das
1873 3186 2868 3246 Handwerkliche hier das Gottesgadenthum noch nicht
1876 3230 2868 3296 angetastet haben. Auf dem Gesichte dieser Novize
1873 3282 2868 3344 erblickt man staunend das Spiel innerer Regungen
1867 3335 2865 3401 mit der Treue und Schärfe des feinsten Spiegels
1867 3378 2862 3462 wiedergegeben, und wenn sie an der Leiche des Ge¬
1852 3431 2862 3504 liebten zusammenbricht, hört man den großen
1873 3481 2870 3571 Herzensschrei, mit glück und Hoffnung eines
1880 3563 2869 3625 ganzen Lebens begabe werden. Mit Ueberlegung
1873 3610 2868 3665 und Ueberzeugung kann es ausgesprochen werden,
1879 3656 2868 3710 daß in Martha Verö unserem Theater ein neues
1879 3697 2868 3758 Phänomen erstanden ist. Unter dem Eindruck dieser
1873 3747 2858 3807 Wahrnehmung, die das ganze Publikum beherrschte,
1873 3799 2864 3847 vollzog sich heute im Ungarischen Theater in Be¬
1879 3842 2866 3900 gleitung von Zeichen freudvoll=stürmischer Beifalls¬
1876 3888 2621 3973 äußerungen eine feierliche Talentweihe.
