3484 4320
190 180 410 261 8. F.
329 235 410 280 .......
598 168 711 248 d
596 240 718 284 .........
880 167 1299 259 box 14/4
2019 528 2359 612 Telephon 12801.
1636 595 2722 695 Alex. Weigls Unternehmen für Zeitungs-Ausschnitte
1831 685 2548 831 SERER
1638 791 2723 880 I. österr. behördl. konz. Bureau für Zeitungsberichte u. Personalnachrichten
1834 873 2563 966 Wien, I., Concordiaplatz 4.
2053 940 2321 1013 Vertretungen
1639 983 2725 1056 in Berlin, Budapest, Chicago, Genf, London, New-York,
1649 1029 2718 1100 Paris, Rom, Mailand, Stockholm, Christiania, St. Petersburg.
1921 1076 2456 1150 (Quellenangabe ohne Gewähr.)
2106 1119 2765 1217 anders Armee-Zeitung, Wien.
1644 1168 2098 1252 Ausschnitt aus:
2006 1231 2268 1330 168.05
1659 1277 1806 1353 vom
1605 1372 1853 1458 „Freiwild.
1725 1432 2903 1486 Das „Deutsche Volkstheater“ in Wien, das mit feinem In¬
1612 1469 2906 1534 stinkt sein Repertoire dem engen Horizont seines philiströsen Bürgerpublikums
1612 1524 2903 1575 anzupassen versteht, holte aus dem an kostbaren Dingen nicht armen Werke
1618 1558 2905 1607 Artur Schnitzlers gerade das „Freiwild“ heraus, jenes Stück, in dem Schnitzler
1618 1596 2905 1643 sich von seiner schwächeren Seite zeigt, dafür aber in die Niederungen der
1612 1638 2903 1675 Tagesfragen herabsteigt. Bekanntlich behandelt Schnitzler hier das Duell¬
1612 1673 2906 1725 thema: Ein Offizier, Oberleutnant in einem Husarenregiment, eigensinnig und
1605 1714 2908 1761 brutal, beschimpft eine notorisch tadellose Schauspielerin und wird dafür von
1605 1750 2903 1805 dem „beinahe Verlobten dieser Dame coram publico gezüchtigt. Forderung
1612 1788 2903 1840 zum Duell. Der Zivilist verweigert als Gegner des Duells ritterliche Genug¬
1612 1832 2900 1874 tuung, worauf ihn der Oberleutnant auf der Straße zusammenschießt. Ueber
1615 1868 2901 1910 den Wert des Stückes sei heute nicht mehr disputiert. Die Zeit hat das
1618 1905 2905 1957 Urteil gesprochen: kaum zehn Jahre alt, erscheint das Stück schon altmodisch
1612 1944 2903 1994 und verstaubt. Das Duellthema ist heute schon abgegriffen und die endlosen
1605 1986 2908 2041 Reden für und wider im zweiten Akt wirken nur mehr langweilig. Hübsche,
1609 2023 2835 2069 gutbeobachtete Details entschädigen teilweise für die Mängel des Ganzen.
1725 2053 2900 2106 Aber Eine Frage interessiert auch heute noch: kann man sich in
1605 2100 2903 2150 Uniform dieses Stück anhören? Die Frage erscheint insoferne
1615 2137 2903 2184 auch schon überholt, als man bei den bisherigen Aufführungen des Stückes
1609 2176 2900 2219 etliche Kameraden in Uniform im Parkett bemerken konnte, darunter sogar
1618 2218 2906 2263 Generäle. Wir wollen uns nun nicht auf jenen engherzigen Standpunkt
1612 2249 2893 2304 stellen, nach dem beispielsweise in Preußen der Besuch des „Zapfenstreiches
1618 2292 2906 2336 untersagt wurde. Der „Zapfenstreich ist im Grunde nicht eigentlich militär¬
1615 2331 2903 2375 feindlich und das „Freiwild“ noch weniger. Natürlich malt Schnitzler den
1618 2367 2905 2417 Gegner des Duells in eitel rosaroten Farben. Aber als Verfechter dieser
1618 2402 2906 2453 mittelalterlichen Sitte" werden nicht allein Offiziere vorgeführt,
1618 2446 2900 2498 sondern auch zwei Zivilisten, der eine allerdings ein Hohlkopf, der andere aber
1605 2482 2587 2527 eine durchaus sympathische und achtenswerte Persönlichkeit.
1732 2509 2900 2561 Von den drei Offizieren, die auftreten, ist der eine — Leutnant Vogel —
1609 2542 2903 2607 ein guter Kerl, oberflächlich, aber keine Karikatur. Der zweite, Oberleutnant
1615 2602 2903 2654 Rohnstedt, wird als tadelloser Kavalier vorgeführt, natürlich befangen in den
1618 2634 2906 2689 „Vorurteilen" seines Standes, aber geistig und menschlich hochstehend. Bleibt
1615 2671 2901 2723 also nur Oberleutnant Krasinski. Auch er wird nicht völlig verworfen. Einem
1612 2712 2898 2762 Zivilisten werden die Worte in den Mund gelegt, solche willensstarke Menschen
1615 2751 2906 2803 wie Krasinski seien eigentlich ideale Offiziere, im Ernstfalle würde ein solcher
1612 2791 2898 2835 Heldentaten leisten, das Alltagsleben gibt ihnen aber keine Gelegenheit, ihre
1615 2827 2901 2879 Kräfte richtig anzuwenden und sie verlieren das Gleichgewicht. Was uns aber
1609 2866 2900 2918 wesentlich dünkt, Krasinski steht schon zu Beginn des Stückes „auf der
1618 2897 2905 2950 Schneide", gute Kameraden legen ihm nahe, den Rock des Kaisers auszuziehen,
1618 2944 2900 2994 solch leichtsinnige Schuldenmacher und Krakeeler könne man im Offizierskorps
1618 2979 2900 3025 nicht brauchen; die Gefahr ehrengerichtlicher Untersuchung schwebt über ihm.
1615 3018 2897 3080 Also: Krasinski wird durchaus nicht als typischer Offizier gezeigt, das Stück
1618 3055 2906 3104 gibt nicht die zwingende Veranlassung, die Brutalität Krasinskis im militär¬
1618 3101 2479 3162 feindlichen Sinne zu generalisieren, und trotzdem ...
1732 3148 2903 3234 Der Schluß des ersten Akts: Krasinski provoziert in empörender Art
1622 3212 2903 3282 den Zivilisten, beschimpft bewußt eine anständige Dame, da springt der Zivilist
1618 3253 2905 3305 auf und ohrfeigt Krasinski. Krasinski, ohne Säbel, will sich auf den Gegner
1618 3287 2910 3349 werfen, aber seine Kameraden springen dazwischen und verhüten eine Balgerei,
1618 3324 2910 3384 der Vorhang fällt. Der Zuschauerraum wird erhellt und da und dort leuchtet
1618 3366 2906 3428 aus dem „Damenflor" und dem Schwarz des Zivils eine Uniform heraus
1625 3408 2913 3473 vielleicht gerade genau eine solche, wie sie oben Herr v. Krasinski trug, und
1623 3439 2911 3501 aller Blicke wenden sich unwillkürlich zu ihnen. Ein peinlicher
1625 3481 2913 3541 Moment. Wir sind der unmaßgeblichen Ansicht, daß es opportun wäre, des
1622 3527 2381 3596 Kaisers Nock solchen Blicken nicht auszusetzen.
