3436 4448
215 200 741 302 8. Freiwild
903 208 1307 314 box 14/3
2279 930 3133 998 auf Congressen sich, wie bisher, auf „Gew.
2263 1016 3170 1096 guirt und zwanglos, wogegen Herr Homann
431 1035 2241 1092 Weiter läßt Paul Rönning den Beleidiger der von lieutenant Rohnstedt, der ältere Kamerad des Rauf
208 960 393 1119 Angel.
2263 1069 3174 1134 als Husarenlieutenant nicht frei war von Gesuchtheit,
204 1088 2241 1149 lasse unter ihm geliebten und hoch geachteten Schauspielerin nicht boldes und Frauenverleumders Karinsky, doch auch
2263 1130 3174 1175 In den Theaterdirector legte Herr Brahm mancher
1326 1130 2241 1183 dieser ist von einer schweren Unterlassung nicht fre
408 1141 1183 1198 kommen. Er schlägt ihn auf den Mund.
208 1145 385 1205 Menschen
431 1168 3189 1228 Im Beginn des zweiten Actes erfahren wir, daß zu sprechen. Denn andernfalls hätte er als älterer dem Leben abgelauschten Zug hinein. Die Herren
295 1187 389 1247 inne¬
223 1205 3185 1281 baut er die Secundanten des Karinsky bei Rönning ge- Officier, der überdies mit dem excessiven Charakter Flashar, Bozenhard und Peters und die Damen
189 1255 3170 1334 iner Spitze wesen, von diesem aber kurzer Hand abgelehnt seines jüngeren Kameraden genau bekannt ist, es Doré (als Schauspielerin Anna Riedel) und Eng
196 1292 3178 1357 das Duell worden sind. Rönning hat einen Buben, der ihm nie zugeben dürfen, daß, nach bereits erfolgter Ab¬ (als Soubrette Fischer) hatten zwar nirgends Ge¬
196 1341 3178 1402 mit einem über den Weg gelaufen ist, gezüchtigt wie er es ver= weisung des Kellnerjungen von Seite des Fräulein legenheit zu einem selbständigen Hervortreten, doch
2275 1383 3178 1440 fügten sie sich wirksam in den Rahmen des Ganzen.
212 1394 2248 1447 abschließt, dient, damit ist der Fall für ihn erledigt. An diesem Riedel, Karinsky selbst sich auf den Weg macht
227 1428 3178 1493 ganz un¬ Entschlusse hält er auch seinen Freunden gegenüber um der wehrlosen Schauspielerin seinen Willen Die scenischen Anordnungen waren im Allgemeinen
189 1474 3174 1561 ungsvollster fest, nachdem diese ihm unverhohlen ausgesprochen, aufzunöthigen. Was Paul Rönning betrifft, so so getroffen, daß der Zuschauer einen ziemlich wahr
412 1523 3185 1580 daß er sich damit auch für sie unmöglich gemacht hat er die Sympathie, die er durch sein mannhaftes heitsgemäßen Begriff von den Verhältnissen des
212 1538 389 1606 Stiche ge
1341 1564 3178 1621 Eintreten für die Ehre der Schauspielerin erworben, auf Schmierenkomödiantenthums gewinnen konnte. Viel
412 1576 1315 1629 hat. Er habe nur in Erfüllung einer Pflicht
1334 1610 3185 1678 das allergründlichste wieder dadurch verscherzt, daß er es leicht gerade darum haben von Seiten verschiedener
215 1598 1232 1670 entwickeln somit im guten Rechte gehandelt,
204 1651 3185 1723 jugendliche dafür sich todtschießen lassen, das steht zwar ganz in der Ordnung findet, daß der an dem Schauspieler sich Stimmen wider dieses Stück er¬
193 1689 3216 1765 eine Augen nicht nach seinem Geschmack, dazu ist ihm sein Handel mit betheiligte Andere, Oberlieutenant Ka¬ hoben, die im „Freiwild eine wider den ganzen
189 1734 3189 1802 haberin des Leben zu lieb. Das Gleiche erklärt er auch einem rinsky, die Consequenzen seiner Handlungsweise voll Stand gerichtete Verunglimpfung erblickten. Nicht
412 1787 3193 1852 Kameraden des geoh feigten Karinsky, der zu Rönning ertrage, es jedoch ablehnt, auch seinerseits mit Unrecht. Denn in einer Zeit, die so schnell bereit
208 1795 397 1859 geworfen,
189 1825 3189 1897 g erfahren, mit dem Vorschlag kommt, dem Letzteren wenigstens ein Gleiches zu thun. Soll dieser Rönning ist, das Einzelne und Ausnahmsweise zu verall¬
193 1874 3193 1942 use aus zu ein Scheinduell zu bewilligen, da anderen Falles wirklich als so erhaben über alle Vorurtheile gemeinern, ist es nicht klug, Handhaben zu bieten,
189 1916 3193 1976 rpflichtet er jenem nichts übrig bleibe, als sich glattweg eine stehend gedacht werden, als es der Autor wünscht, so die geeignet sind, das Ansehen eines ganzen Standes
189 1946 3227 2033 Bröde Dame Kugel in den Kopf zu schießen. Rönning erklärt muß er auch vernünftig genug sein, um sich zu tiefer zu drücken, der von dem Uebergewicht ererbter
189 2007 3189 2078 gemeinsamen kühl, keine Ursache zu haben, den Herrn daran zu sagen, daß ein Mann, vollends ein Officier, der Vorurtheile ohnehin noch mancherlei Behinderung
189 2048 2830 2150 junge, der hindern. Im dritten Art wird Rönning von Karinsky niedrig genug ist, von einer Dame, weil sie ihn ab= und Anfechtung zu erleiden hat.
2947 2052 3159 2143 H. E. W.
189 2093 2263 2161 de Karte an an derselben Stelle ereilt, wo die Ohrfeige gefallen gewiesen hat, Uebles zu sprechen, nicht sie, sondern
204 2139 2260 2199 kurz ab¬ ist. Dreimal wiederholt Karinsky an Rönning die nur sich selbst beschimpft und dieses Bewußtsein macht
2566 2139 2902 2237 Concert.
193 2184 2260 2248 den Restau¬ Frage, ob er ihm Genugthuung geben wolle. Drei- jede andere Satisfactionsnahme überflüssig. Hat er
2313 2207 3189 2279 Herr Caesar Schwormstädt gab gestern seinen
193 2237 2263 2297 dann hören mal antwortet dieser mit „nein!" Beim dritten aber erst einmal zugeschlagen, dann steht es nicht
185 2267 3193 2339 Ad sicher sei, „Nein, während er zugleich festen Schrittes auf den mehr in seiner Macht, über sein ferneres Thun selbst zweiten Kammermusikabend; an der Spitze des Pro¬
189 2316 3189 2384 tung dessen Officier losgeht, erhebt dieser den Revolver, es willig zu entscheiden, dann muß er sich dem Her= gramms stand die schöne Sonate für Pianoforte und
189 2358 3189 2437 Seet, die fällt ein Schuß und mit diesem zugleich auch kommen fügen, oder er muß behandelt werden, wie Violoncell -dur p. 99 von Brahms, ein viel¬
2279 2403 3193 2460 gespieltes und gehaltvolles Werk, dem Herr Julius
1341 2407 2229 2468 ihn der Geschlagene auch thatsächlich behandelt hat.
208 2407 642 2490 Aber dem Rönning.
1383 2445 3193 2505 Die Darstellung bewegte sich in einem frischen Spengel und der Concertgeber eine sorgfältige und
446 2434 1330 2509 Es wäre unrichtig, dem Verfasser zu bestreiten, daß
185 2437 401 2517 dem Kellner.
185 2494 3185 2573 erschlossener er mit geschickter Berechnung vorgegangen ist und Tempo und bot, wenn wir von der Behandlung befriedigende Ausführung zu Theil werden ließen
189 2536 3189 2604 wird von Wirkungen erzielt hat, die stark auf die Nerven des Wiener Dialects absehen, die, bis auf einige Herr Schwormstädt ist ein Cellist, der über einen
189 2573 3189 2653 men, u. a. fallen. Doch die Mittel, deren er sich hiezu bedient, vereinzelte Ausnahmen, ziemlich ungnädig ausfiel, großen und klangvollen Ton und eine durchaus
178 2634 3189 2694 s Fräulein sind nicht die des Kunstdramas vornehmen Stils, im Ganzen wie im Einzelnen viel des respectable technische Fertigkeit gebietet. In seinen
427 2664 3182 2732 sondern die des Effectstückes groben Kalibers. Verdienstlichen. Herr Witt spielte den unange¬ Spiel vereint sich mit der Kraft des Tons gesundes
196 2687 397 2747 am Neben
181 2709 3189 2792 kehrt sich Ohrfeige und Todtschlag sind, so wenig als in der nehmen Herrn Karinsky mit großer Verve und hielt männliches Empfinden. Herr Spengel, als Brahms¬
178 2758 3189 2815 s Karinsky, gesitteten Gesellschaft, so wenig auch im literarischen ihn in der ganzen Anlage so, daß das Folgende spieler in seinem Element, ist einer der Musiker,
185 2811 3201 2872 Pas es wohl Kunstwerk Recht oder Unrecht beweisende ganz gut als Ausfluß seiner Charactereigenschaften die in die Mysterien dieses Componisten völlig ein¬
178 2842 3197 2906 de bestimmen, Documente. Das sind die guten Gründe der erscheinen konnte. Was die Gestalt des Rönning geweiht sind, und wenn sich Herr Spengel an das
181 2887 3201 2959 Inn mit unter Rowdies, und denen mögen sie überlassen Sympathisches an sich hatte, hatte sie lediglich der Clavier setzt, um Brahms zu spielen, so darf
1353 2932 3201 2989 Persönlichkeit und dem warmherzigen Spiel des man überzeugt sein, daß seine Seele in Hingebung an
185 2940 1326 3019 sei, daß sie bleiben. Der einzige Mann in dem Stücke
200 2978 3189 3068 verweigere, der im Wesen und in seinen Anschauungen den An= Herrn Rhil zu danken. Als Oberlieutenant Brahms schmitzt, daß sein ganzes Fühlen und Denken,
404 3023 3208 3125 forderungen der guten Sitte näher kommt, ist Ober=Rohnstedt gab sich Herr Hallenstein distin¬ sein Ich, in der Musik jenes Meisters untertaucht.
185 3042 344 3117 .
