3484 4256
192 144 716 258 8. Freiwild
885 136 1295 234 box 14/4
1416 1048 1783 1160 Telephon 11891.
1054 1151 2139 1235 Alex. Weigls Unternehmen für Zeitungs-Ausschnitte
1239 1220 1992 1353 „
1052 1338 2143 1425 I. österr. behördl. konz. Bureau für Zeitungsberichte u. Personalnachrichten
1245 1409 1981 1514 Wien, I., Concordiaplatz 4.
1476 1488 1736 1553 Vertretungen
1064 1508 2139 1590 in Berlin, Budapest, Chicago, Genf, London, New-York,
1064 1576 2137 1659 Paris, Rom, Mailand, Stockholm, Christiania, St. Petersburg.
1341 1625 1871 1693 (Quellenangabe ohne Gewähr.)
1060 1704 1511 1803 Ausschnitt aus:
1285 1775 2139 1893 8-2 1905 Wiener Bilder
1072 1825 1228 1900 vom
1107 1948 2144 2004 Im Deutschen Volkstheater kam in der Vor¬
1064 1985 2151 2044 woche Arthur Schnitzlers temperamentvolles Kampfstück
1077 2039 2144 2101 gegen das Duell, „Freiwild“, zu höchst erfolgreicher Aufführung.
1082 2080 2151 2148 Vor Jahren erschienen, ist das Stück, welches das Theaterleben
1082 2129 2145 2189 und seinen lebenslustigen Anhang in glücklich erschauten und
1075 2185 2150 2249 lebenswahr dargestellten Figuren zeigt, heute noch so wirksam
1072 2235 2145 2288 und frich nie ehedem, was wohl der beste Beweis seiner
1075 2265 2144 2342 dichterischen Kraft und Echtheit ist. Schnitzler kämpft gegen
1069 2326 2143 2390 das Duell, ist aber objektiv genug, für und gegen dasselbe
1072 2359 2139 2431 gleichmäßig aufzutreten, und er hatte auch den Mut, für seinen
1076 2424 2143 2492 Helden alle Konsequenzen der Handlung zu ziehen. Das Stück
1072 2478 2148 2538 wurde geradezu vollendet dargestellt; Herr Kutschera ist
1072 2530 2140 2584 niemals besser, als wenn er ehrliche Ueberzeugung darzustellen
1071 2569 2139 2643 hat, für welche er den richtigen Ton hat und frei von jeder
1068 2620 2139 2693 komödiantischen Kunst ist. Nicht minder prächtig waren die
1071 2667 2131 2745 Herren Kramer, Jensen und Höfer, welche das mili¬
1064 2718 2126 2790 tärische Element darstellten; namentlich Herr Höfer über¬
1067 2770 2129 2834 raschte durch sein rechtes Offiziersdeutsch, in welchem die
1069 2811 2131 2883 Idiome von Ungarn und Galizien diskret durchklangen. Fräulein
1067 2868 2136 2935 Er war ganz ausgezeichnet, trotzdem ihr Kraft des Ausdrucks
1064 2924 2125 2985 mangelt. Urecht war Tewele als Schmierendirektor, Frau
1061 2950 2131 3027 Glöckner als muntere Liebhaberin in und außer dem Theater,
1056 3007 2125 3080 und die anderen Bühnenfiguren. Herr Raeder ergänzte mit
1064 3054 2131 3159 seiner überzeugenden Kunst in bester Weise das erfolgreiche
1060 3095 1242 3188 Ensemble.
