3484 4256
164 194 716 303 8. Freiwild
860 207 1263 301 box 14/4
1525 1145 1913 1249 Kellon 1280).
1074 1252 2357 1347 Alex. Weigls Unternehmen für Zeitungs-Ausschnitte
2088 1306 2234 1361 Ausschnitt
2323 1352 2460 1452 80
2111 1354 2212 1450 Nr.
1133 1325 2018 1457 OBSERVER
1014 1439 2442 1528 I. österr. behördl. conc. Bureau für Zeitungsberichte u. Personalnachrichten
1201 1518 2262 1617 Wien, IX. Türkenstrasse 17.
1396 1598 2052 1690 Filiale in Budapest: „Figel“
1028 1683 2444 1781 Vertretungen in Berlin, Chicago, Genf, London, Newyork, Paris, Rom, Stockholm.
1017 1797 1518 1899 Ausschnitt aus:
2045 1797 2378 1911 I
1026 1897 2351 2050 von 10 bis fer¬
1715 1999 2508 2123 niille
1621 2098 1813 2184 Theater.
1176 2129 2323 2237 v. Bier-Theater. Eine Theaterdirektion hat die
1133 2194 2319 2273 er den Erfolg in der Tasche, wenn sie in der glücklichen Lage
1128 2237 2323 2312 ist, im wesentlichen nur Stücke auszuführen, die sich auf andern
1131 2268 2316 2346 Bühnen am Orte bereits bewährt haben. Es giebt allerdings
1129 2310 2319 2385 Menschen, die über das Tragen abgelegter Kleider spotten, aber wer
1128 2353 2323 2428 sich über die Entwicklung und die Verhältnisse des Schiller¬
1131 2394 2328 2476 Theaters im klaren ist, muß gestehen, daß diese Bühne keine
1128 2426 2330 2504 andre Möglichkeit hat, ihre Pflichten zu erfüllen. Daß
1128 2472 2332 2547 die Direktion in dem Streben, ihr Publikum auch mit der
1136 2499 2333 2583 neueren Bühnenlitteratur bekannt zu machen, umsichtig und geschickt
1131 2540 2332 2622 verfährt, hat sie gestern mit der Aufführung von Arthur
1133 2576 2337 2661 Schnitzlers „Freiwild“ bewiesen. Dies vor etlichen Jahren
1131 2620 2332 2702 im Deutschen Theater gegebene Schauspiel deckt zwei Blößen der
1131 2656 2335 2738 exklusiven Kavalierswelt auf, die frivole Mißachtung des Weibs,
1142 2695 2344 2777 wenn es diesen Kreisen als Bühnenkünstlerin entgegentritt, und den
1076 2745 2335 2836 Fürdort üblichen Duellkulius. Solche Themen könnten im Schiller¬
1097 2761 2410 2859 „Theater auf Interesse rechnen, auch wenn sie weniger geschickt an ive
1097 2809 2385 2903 „ gefaßt würden als in dem Drama des Wiener Dichters; die knappe v.
1145 2866 2396 2941 Form, in der Schnitzler den Gegenstand behandelt, die nur ar
1149 2884 2424 2969 auf Handlung bedachte Technik, die alle Tiraden verschmäht, aus
1144 2932 2335 3016 nahm hier das Publikum gefangen und verschaffte dem Autor voll¬
2378 2955 2458 3019 das
1049 3000 1730 3082 auf die gebührende Anerkennung.
2383 3005 2463 3057 den
1222 2982 2349 3080 Aber auch die Darstellung hatte sich um den Erfolg verdient
1047 3044 2348 3139 von gemacht. Marianne Wulf gab die standhafte Künstlerin mit
1152 3085 2348 3169 sicherem Takt und Ferdinand Gregori wußte den Typus des
1151 3131 2463 3199 angefaulten Offiziers lebenswahr darzustellen. Die schwierige Rolle de
1058 3160 2458 3235 Inha des Paul Rönning, der seine Duellgegnerschaft mit dem Tode durch
1053 3217 2444 3290 Mörderhand büßen muß, hätte von Herrn Paeschke am Ende klarer
1056 3238 2446 3326 wodu aufgefaßt werden können. Wir hatten das Gefühl, als ob nicht allein den
2357 3292 2471 3359 ngen
1054 3279 2326 3406 des Ueberzeugung, sondern auch Eigensin aus dem Helden spräche.
1053 3349 1831 3406 werde nun unverschickt.
1364 3420 2157 3504 Prospecte gratis und franco.
