3484 4224
202 180 304 255 8.
898 163 1306 260 box 14/4
624 180 723 251 1
501 184 584 251 i
622 230 738 295 .
707 1159 1064 1262 Telephon 11891.
340 1236 1433 1332 Alex. Weigls Unternehmen für Zeitungs-Ausschnitte
1174 1340 1260 1425 64
532 1335 1180 1471 „OBSERVER
343 1433 1432 1528 Lösterr. behördl. konz. Bureau für Zeitungsberichte u. Personalnachrichten
526 1513 1260 1605 Wien, I., Concordiaplatz 4.
761 1580 1022 1657 Vertretungen
343 1636 1427 1696 in Berlin, Budapest, Chicago, Genf, London, New-York,
343 1680 1422 1740 Paris, Rom, Mailand, Stockholm, Christiania, St. Petersburg.
607 1724 1153 1791 (Quellenangabe ohne Gewähr.)
335 1817 774 1915 Ausschnitt aus
757 1848 1523 1992 Die Zeit Wien (Tägliche Ausgabe)
348 1905 514 1995 vom
380 2024 1283 2130 Grazer Theater. Man telegraphiert uns
331 2104 1290 2168 aus Graz, 15. d.: Im hiesigen Stadttheater
336 2153 1257 2217 fand heute die Erstaufführung von Schni¬
335 2176 1283 2254 ler Freiwild" statt. Das Stück hatte
331 2240 1288 2308 einen vollen Erfolg. Das sehr gut besuchte Haus
335 2272 1290 2344 nahm besonders die gegen das Duell gerichteten
333 2325 1092 2423 Stellen mit großem Applaus auf.
2238 558 2601 666 Telephon 11891.
1874 653 2968 733 Alex. Weigls Unternehmen für Zeitungs-Ausschnitte
2065 723 2793 870 EEREN
1881 844 2983 926 I. österr. behördl. konz. Bureau für Zeitungsberichte u. Personalnachrichten
2065 909 2801 999 Wien, I., Concordiaplatz 4.
2302 980 2561 1048 Vertretungen
1881 999 2963 1095 In Berlin, Budapest, Chicago, Genf, London, New-York,
1881 1074 2963 1139 Paris, Rom, Mailand, Stockholm; Christiania, St. Petersburg.
2155 1118 2697 1208 (Quellenangabe ohne Gewähr.)
1881 1200 2346 1308 Ausschnitt aus:
1889 1270 2935 1386 1904 Sport und Salon, Wien
1788 1383 3002 1481 Aus Graz wird uns berichtet: Die Erstaufführung
1712 1466 3001 1523 von Schnitzler Freiwild ging bei gut besetz¬
1719 1505 3009 1569 tem Hause vor sich. Das Stück behandelt das moderne
1719 1564 2996 1624 Thema „Duell“, welches ja als eine ungelöste Frage an
1716 1608 2999 1668 und für sich undiskutierbar ist und wäre auch an dieser
1712 1655 3002 1721 Stelle eine Kritik des „Für und Wider“ nicht angebracht.
1716 1708 3005 1765 Dem Autor ist es gelungen, alle Gegensätze, die in der
1719 1753 3009 1815 schroffsten Form gewählt sind, in das rechte Licht zu
1719 1801 2999 1872 setzer und hat auch sein Werk dank der anerkennens¬
1722 1850 3002 1915 werten Leistungen aller Hauptrollenträger ungeteilten
1726 1903 3005 1964 Beifall gefunden. — Herr Gerhard in der Rolle des
1726 1951 3005 2005 Oberleutnant Karinski war bemüht, den überschuldeten,
1712 1992 3002 2063 in höchstem Grade neurasthenischen und als solchen un¬
1716 2047 3012 2104 sympathischen Lebemann recht zur Geltung zu bringen.
1719 2099 3007 2165 Ebenso war die Rolle des Herrn Schroth als Ober¬
1637 2189 2948 2290 Leutnant Rohnstedt in guten Händen Herr Wirth als
1655 2256 2943 2315 Par Röming hatte die schwierige Aufgabe, durch über¬
1641 2312 2945 2379 zeuge Darstellung seiner Gründe gegen das Duell
1647 2361 2940 2432 seine hartnäckige Weigerung auch dann einleuchtend zu
1644 2419 2934 2481 machen, als ihm die eine Existenz vernichtenden Folgen
1650 2447 2940 2522 in überzeugendster Art vorgehalten wurden. Von den
1649 2494 2930 2579 Damen sei ganz besonders Fr. Anny Sikora hervor¬
1655 2548 2935 2614 gehoben, welche aus ihrer an und für sich wenig gehalt¬
1654 2609 2942 2676 vollen, daher nicht besonders dankbaren Rolle das
1641 2653 2947 2720 Menschenmöglichste machte und sich namentlich dem im
1616 2707 2906 2775 Stücke, ziemlich unvermittelten und schwierigen Ueber¬
1636 2754 2930 2810 gang zwischen der Naiven einer Theaterschmiere und
1642 2798 2935 2873 einer liebevoll besorgten und schließlich zu Tode er¬
2165 2860 2940 2912 schütterten Braut ganz gewachsen
2161 2909 2935 2963 zeigte. Herr Jules als Theater¬
2161 2960 2930 3015 direktor hatte insbesondere die
2161 2996 2930 3066 Lacher auf seiner Seite, den Er¬
2160 3053 2930 3120 folg seiner Darstellung daher ge¬
2166 3094 2927 3156 sichert. Herrn Groß als welt¬
2165 3152 2927 3214 schmerzelnden Komiker war wohl
2163 3193 2922 3262 die undankbarste Aufgabe zuge¬
2157 3229 2924 3304 fallen und war es ihm daher, ab¬
2157 3291 2927 3352 gesehen von seiner scheinbaren
2161 3348 2930 3400 Indisposition, unmöglich, mehr in
2153 3394 2924 3454 den Vordergrund zu treten. Die
2166 3436 2927 3498 Damen Val. von Küstenfeld
2161 3477 2935 3560 und Paula Werner, dann die
2160 3531 2935 3603 Herren Hauser, Schön und
2161 3582 2924 3654 Beraun trugen reichlich ihr
2157 3619 2916 3698 Scherflein zum Gelingen des Gan-
2155 3686 2921 3755 zen bei, hiemit auch den Erfolg
2148 3724 2640 3789 des Abends sichernd.
