3436 4384
194 168 675 252 8. Freiwil
869 140 1300 247 box 14/3
1481 607 2150 673 LA VITA INTERNATIONALE
884 632 992 700 ﻿264
1850 724 2797 804 godervi a due passi dal vostro ufficio. Le si¬
850 729 1807 823 del sito, che commiseravano il povero mattoide,
1847 766 2801 848 gnore e signorine della compagnia comica non
850 798 1796 872 il quale si logorava il cranio con delle que¬
1850 835 2803 896 sono precisamente delle rasières, ne pretendono
859 842 1807 927 stioni che non capiva e che dopo tutto non lo
1856 868 2807 946 d'esserlo o di parerlo. Ma fremono di rabbia
853 912 1141 978 riguardavano.
1855 921 2802 1005 al cospetto dell'onestà di Anna Rédel l'in¬
894 919 1808 1012 Cosa c'entrava lui cogli operai ? Non era forse
1863 976 2797 1050 genua, Onesta colei? Pura? Evia, e impos¬
859 991 1803 1058 un impiegat? Oggi Langmann non solo non è
1863 1021 2814 1091 sibile. Come succede spesso sul teatro, chi
865 1042 1798 1120 più impiegato, ma e una delle più ardenti spe¬
1859 1070 2811 1132 vuol ammettere che Anna non abbia mai avuto
857 1098 1804 1163 ranze della giovane scuola. Il suo Bartel Tu¬
1856 1111 2813 1203 amanti o almeno che non ne voglia avere al
857 1139 1815 1213 raser fu una rivelazione. Ancora adesse il Deut¬
1858 1182 2085 1249 momento?
863 1184 1804 1266 sches Volkstheater si vende fino all'ultimo sedle
1905 1202 2817 1283 L'amante & belle trovato. E Paolo, l'idealista,
864 1245 1803 1328 di loggione ad ogni replica. El loggione applau¬
1865 1263 2809 1350 il malinconioso sospiratore alla luna e alle co¬
864 1285 1804 1373 de ogni frase "intenzionale della commedia.
1869 1317 2817 1379 stellazioni, il passeggiatore pia matutino del
897 1337 1816 1407 Herrmann Bahre indiscutibilmente il capo
1875 1359 2819 1436 paese, l'indifferente per le moine e le occhiate
869 1381 1812 1452 di questo gruppo dei moderni „. Egli è il let¬
1865 1404 2814 1475 di proferta delle semi-dive del bassofondo del¬
870 1433 1821 1502 terato più in voga della riva destra del Danubio.
1871 1459 2817 1526 l'arte. L'han visto spesso in colloquio senti¬
876 1481 1820 1557 La sua penna è una sferza. I suoi articoli nella
1871 1505 2823 1583 mentale con la pretesa vergine nel parco. E
870 1536 1819 1608 Zeit sono letti con avidité. La sua critica è ori¬
1871 1556 2827 1628 non è mancato mai a tutte le recite nelle quali
874 1591 1825 1666 ginale e spietata. Ammira con profondo amore
1883 1605 2823 1681 ingenua, aveva parte e i di lui occhi non
876 1625 1825 1706 od odia con inestingibile furore. Non può soffrire
1881 1650 2825 1732 si staccavano dalla gentile fanciulla oggetto
874 1675 1831 1748 tutto ciò che è convenzionale, vecchio, ritrito
1881 1716 2223 1785 dell'ira generale.
882 1724 1830 1803 e stupido. E il più atroce nemico della Vienna
1923 1739 2836 1834 Dunque, innamorato. E lei? Lei non parlava
880 1773 1837 1849 vecchia. Il suo nome restera come quello d'un
1881 1800 2835 1876 con nessuno, era anzi un po' sgarbata con chi
885 1825 1830 1907 novatore, d’un demolitore dal martello instan¬
1882 1853 2836 1929 le faceva la corte, con Karinski, il tenentino di
881 1896 1021 1967 cabile.
1892 1906 2836 1979 cavalleria, per essempio. Costui à un tipo so¬
925 1918 1834 1991 Schnitzler & uno dei suoi più intimi amici,
1893 1948 2825 2024 spetto. Fra i suoi compagni gode una rino-
885 1988 1843 2055 Studio medicina, ma si butto subito invece alla
1889 2000 2839 2072 manza pessima. Altezzoso e provocatore, à un
888 2022 1840 2092 letteratura. La sua novella Sterben (Morire) lo
1889 2051 2837 2120 traîneur de sabre nel vero senso che si da a
885 2076 1830 2145 fece conoscere in un giorno in tutti i paesi tede¬
1899 2098 2836 2169 codesta espressione caracterizante i cattivi¬
888 2133 1843 2190 schi. La profondità dell'osservazione, l’autezza
1899 2152 2841 2223 ficiali. Giuocatore, donnaiolo, attaccabrighe e
891 2174 1837 2243 dell’intuito e l’originalità della forma ne fanno
1898 2193 2843 2276 prepotente pleno di debiti e di pastici le
896 2226 1363 2297 un piccolo capolavoro.
1904 2254 2838 2324 punizioni sono floccate su di lui, senza lasciar
927 2269 1839 2343 Le idée di Schnitzler son assolutamente mo¬
1895 2297 2842 2377 traccia re di pentimento ne di migliori risolu¬
896 2315 1834 2389 derne. I pregiudizi sociali che in questi pas
1889 2352 2848 2408 zioni pel futuro. Karinski non enamorato di
894 2365 1822 2433 si fanno più dolorosamente sentire sono
1895 2391 2846 2470 Anna. Anna gli piacerebbe solo come preda,
897 2416 1840 2481 temi delle sue polemiche letterarie. La sua
1895 2457 2836 2520 come preda libera. Lo fa ridere l'aureola leggen¬
894 2474 1849 2530 commedia Freiwild, chio traduire libera preda,
1905 2504 2790 2558 daria e cretina di verginita che la circonda.
897 2507 1849 2591 e una coraggiosa dimostrazione della assurdità
1937 2547 2845 2612 Nessuna donna ha mai resistito ai suoi bas¬
900 2558 1845 2634 del duello e nello stesso tempo della assurdita
1900 2594 2848 2658 fetti neri tirati a punta, alla sua strana tinta o-
900 2610 1837 2678 dei regolamenti militari che il duello assoluta
1900 2639 2852 2705 livastra da zingaro ungherese, ai suoi occhi di
907 2674 1843 2737 mente comandano. Freiwilde stato dato a Ber¬
1906 2689 2855 2771 fuoco, circondati dal solco azzurrognolo del
903 2709 1839 2781 lino prima, a Vienna poi. A Berlino gli attori
1917 2733 2856 2802 vizio. E un giorno, dopo aver bevuto molti
902 2754 1846 2836 ufficiali avevano le divise austriache, qui in¬
1905 2783 2851 2856 cognac uno dietro all'altro, seduto nel giardino
909 2824 1653 2879 vece si vollero le divise germaniche.
1907 2844 2855 2900 del café che davanti al teatro, scommette coi
939 2867 1852 2930 Il avoro meraviglio il pubblico, lo scosse
1907 2893 2857 2962 suoi compagni che Anna sarà sua, che verra a
907 2919 1859 2978 fu un triono. La fortuna premia gli audaci.
1907 2947 2860 3005 un suo appuntamento e che la sera medesima,
908 2954 1859 3050 Quando la luogotenenza stenta a dare il visto,
1917 2993 2660 3053 dopo la recita, cenera con tutti loro.
948 3022 1383 3093 e già un buon segno.
1947 3009 2862 3102 Le scrive un billietto d'invito e lo manda
945 3042 1868 3130 Freiwild pone lunghia sopra una grande plaga
1923 3078 2857 3157 per mezzo del piccolo . Non c'e risposta.
912 3107 1859 3191 sociale. Il pubblico lo ha sentito. E ha dato
1923 3140 2858 3197 Karinski va in persona. Non viene ricevuto,
919 3152 1855 3225 ragione all’autore, con vivo scandalo dei mili¬
1919 3186 2861 3248 Torna, amareggiato, deluso e vede a un altro
919 3219 1170 3289 taristi ultra.
1917 3223 2864 3302 tavolo Paolo. Vuota un nuovo bicchierino di
956 3259 1527 3344 Il soggetto è semplicissimo.
1919 3270 2870 3358 cognac e poi, fissando Paolo gli dice: Mi
961 3291 1861 3373 Un ufficiale simpatico e uno antipatico supre¬
1925 3334 2363 3405 pare ch'ella sorrida....
919 3362 1867 3421 mamente. Un giovane idealista e innamorato:
1959 3364 2721 3446 Paolo. — Sorrido, quando mi diverto.
920 3400 1863 3474 Paolo Rönning. Una ingenua , di provincia-
1955 3415 2873 3498 Karinski. — Il signor Rönning è di lieto umore.
925 3450 1874 3519 ingenua non solo sulle scena una rosa in un
1923 3480 2863 3544 Potrei permettermi di domandare da che pro¬
921 3504 1757 3580 pantano, una vergine che crede nell'arte.
1931 3520 2660 3587 viene questa sua speciale allegria?...
967 3555 1870 3618 Un contorno a questi personaggi, curiosissimo.
1966 3555 2872 3647 (Gli altri ufficiali tentano di stornare Karinski
937 3591 1875 3665 Una compagnia di comici di terza classe venuti
1929 3629 2327 3688 dalla provocazione).
933 3640 1869 3713 in un piccolo luogo di bagni vicino a Vienna a
1965 3661 2873 3734 Karinski (accettando). Sembra, signore, che
927 3689 1874 3759 soggiare la loro pretenziosité, la curiosa, eterna,
1929 3709 2874 3782 non vogliate farmi l'onore di spiegarmi il per¬
927 3733 1880 3810 caracteristica grande aria dei cosidetti Schmieren
1924 3771 2416 3862 che della vostra illarité.
931 3795 1882 3889 che, senza bisogno di prendere il treno, potete
