3436 4000
870 0 1070 43 DA
173 0 686 76 3. Freiwi
1713 485 2488 588 den Rath die Gemahls
610 499 2783 696 abzuschließen, aus den neulich angegebenen Gründen. Wenn artung des militärischen Ehrbegriffs und der rechtlichen Ausnahme¬
615 564 2783 762 von der Seite der Rechnung des ihn nach Jahre lang des Gens ten. Er hat in amtlich.
621 645 2778 813 wallungen fragen indessen nicht nach den Gesetzen der Logik. Der Journalist, der, vergangenes Jahr als Berichterstatter hierher be¬
1721 686 2775 783 ordert, sofort in den Spielsaal eilte, im Nu 500 Fr. verlor und
1724 729 2786 818 auf die Vorwürfe grüber keine andere Antwort wußte, als: „Man
621 753 1696 859 gemelte Offizier hat keinen Säbel zur Hand, er kann also Rön¬
1726 762 2780 875 verliert hier den Maßstab für Geld und Geldeswerth voll¬
623 786 1699 889 ning nicht auf der Stelle niederschlagen, wie er möchte. Seine schad¬
1732 799 2789 905 ständig.“ Drüben bei Nizza wird ein Hotel um etliche Millionen
629 835 1640 927 hafte Reputation will er im Duell zusammenflicken.
1740 837 2789 940 gebaut, hier wird ein „Chalet“ für eine Künstlerin, die längst aus¬
629 867 1696 973 Im zweiten Akt verstummt die genrehafte Kunst und der
1737 875 2786 978 getanzt hat, für 1½ Millionen gekauft, und heute wieder ist die
631 900 1705 1008 theatralische Techniker kommt vorzugsweise zu Wort. Rönning
1734 913 2789 1005 Gründung der Firma Noel und Patard in der Höhe von 150,000
631 946 1699 1043 will sich nicht schlagen. Er hat kein Interesse daran
1745 951 2802 1049 Pfund Sterling perfekt geworden. Die Summe erliegt bereits bei
637 978 1713 1081 sich vor die Pistole des gezüchtigten Karinski zu stellen.
1734 989 2802 1089 der Bank Smith u. Comp. und das Grand Hotel, das Café Riche
637 1014 1713 1111 Er brüstet sich mit seinem sittlichen Muth, den Anschauungen
1740 1030 2802 1127 und das Rigihotel in La Turbie werden sofort von einem englischen
640 1062 1710 1160 der Bornirten zu trotzen. Er wirft den mikrokephalischen
1753 1070 2802 1165 Konsortium in Betrieb genommen. Die ehemaligen Chefs bleiben
645 1092 1715 1206 Gehringer Poldi zur Thüre hinaus. Er ist entschlossen zu brechen;
1745 1106 2794 1201 Direktoren und beziehen je 50,000 Francs Gehalt, so lange ihnen
645 1130 1710 1244 zudem hat sein Leben ein neues Ziel gewonnen; in einem schlicht
1753 1152 2808 1241 das Klima behagt. Wohl Jedem, der auf „Hotelier" studiren
650 1171 1718 1279 ergreifenden Auftritt wirbt er um Herz und Hand von Frl. Riedl.
1756 1187 2810 1282 kann, denn diese Wissenschaft nährt ihren Mann reichlich und zu¬
656 1209 1718 1314 Ihr Führer und Freund durch's Leben soll er sein. Aber der alte
1764 1225 2810 1322 sehends! — Zu den zahllosen Redaktionsplagen von noch blühen¬
656 1255 1721 1355 Adam in ihm wird rege. Er ist der moderne Geist nicht, für den
1756 1260 2816 1358 den Erdbeeren“ könnten wir von der Riviera eine ganze Allee zum
656 1285 1721 1388 er ausgegeben wird. Sein Lebensmuth ist nicht von starker, selbst¬
1759 1298 2810 1404 zweiten Male blühender Fliederbüsche senden, doch hoffent¬
656 1328 1721 1425 bewußter Art. Man hält ihn für physisch feige. Der Ober¬
1762 1339 2821 1442 lich glauben Sie dies aufs Wort ohne Beilage. Es gehen ohnehin
659 1360 1734 1472 lieutenant Rohnstedt schlägt ihm ein Schein duell vor; sonst
1764 1377 2827 1480 schon täglich zwei beschleunigte Züge frischer Blumen und Pflanzen
672 1404 1734 1509 sei Karinski ruinirt. Dies Scheinduell erscheint nicht offiziermäßig.
1764 1415 2821 1509 via Ventimiglia in unbekannte ferne Länder, wo es Schnee,
669 1442 1729 1547 Man betrügt weder seinen Gott, noch seinen Götzen. Rönning
1764 1458 2824 1547 Kälte und dürre kahle Bäume geben soll. In dem nahen
669 1490 1734 1593 lehnt dies Scheinduell ab; er ist physisch muthig; und um dies dar¬
1767 1490 2829 1593 Nizza war am Allerheiligentag an den Fenstern einer Gärt¬
667 1520 1740 1634 zuthun, vergißt er den unvergleichlich tieferen moralischen Muth,
1775 1534 2827 1631 nerei ein förmlicher Massenauflauf von Leuten, die dem Ein¬
669 1558 1745 1669 vergißt er, daß er nicht allein mehr mit seinem Leben schalten kann.
1778 1575 2829 1675 packen von nach Wien bestimmten Blumen beiwohnen wollten
675 1593 1751 1707 Was sind ihm die Anrechte seiner Braut! Der junge Herr ist
1780 1604 2837 1713 Die Donnerstag heirathende Erzherzogin Marie Dorothea
672 1629 1740 1745 provocirt und don quixotisch reagirt er. Er weiß, Karinski wird
1778 1645 2840 1740 erhält außer dem Auserlesensten, was die kaiserlichen Treibhäuser
683 1672 1748 1778 ihn in der ungeheuerlichen Ueberschätzung der Uniform attakiren.
1786 1683 2837 1783 in Schönbrunn und Lainz bieten, zwei prachtvolle Orangen, Man¬
683 1713 1745 1813 Rönning steckt einen Revolver zu sich er wird den An¬
1786 1724 2843 1824 darinen= und Citronen=Blüthenbouquets in Straußeneiform, und
688 1751 1751 1862 greifer niederschießen. Wird er als Freiwild behandelt
1786 1753 2846 1864 einen weißen Damastkosser voll der seltensten und farbenprächtigsten
686 1794 1762 1897 er wird sich wehren. Das ist selbstverständlich, wenn es
1786 1797 2848 1897 Orchideen, wie sie nur unsere salzhältige Treibhausluft entfalten
683 1827 1759 1935 nothwendig war. Daß es aber nothwendig wurde, liegt genau in
1791 1837 2846 1938 kann. Die Orchideen verdrängen nun endlich auch die zer¬
691 1873 1756 1970 derselben moralischen Verkehrtheit, an der Karinski leidet. Man
1794 1878 2851 1981 zausten Chrisanthemen, welche trotz aller Pflege wie Papierkunst¬
691 1902 1764 2003 ist kein Feigling, wenn man Krieg oder Mord zu vermeiden
1799 1913 2851 2019 werke aussehen. Ich für meinen Theil liebe weder die allzu sym¬
691 1940 1767 2057 trachtet, solange nicht die letzten Mittel erschöpft sind, den Kampf
1794 1951 2856 2051 metrischen Georginen, noch die kalten Camelien, aber gar so
702 1981 1772 2087 ums Leben zu führen. Rönning verläßt den Badeort nicht; er
1799 1989 2864 2106 zigeunerhaft=setzig, wie die vorjährige Modeblume aus Japan,
710 2027 1767 2130 sucht das Rencontre mit Karinski; der Oberlieutenant kommt ihm
1802 2027 2864 2138 dürfen meine Lieblinge nicht sein. — In Beaulien starb am
705 2060 1775 2165 mit dem Revolver zuvor und schießt ihn nieder. Rohnstedt sagt zu
1808 2070 2859 2176 1. ds. der allen Wintergästen bekannte älteste Fischer Basilio
707 2098 1770 2203 seinem Kameraden Karinski, nachdem der Todtschlag geschehen, be¬
707 2144 1688 2238 deutungsvoll: „Nun weißt Du, was Du zu thun haft!“
718 2108 2862 2279 schließt das stofflich spannende Drama, das übrigens vorzüglich ge=welcher trotz seiner 82 Jahre Ruder und Netz schneller handhabte
1805 2144 2867 2249 als die jüngsten Burschen. Er wurde so oft gezeichnet, gemalt und
1813 2184 2862 2290 photographirt, daß er in den letzten Jahren den Inglesi und sonsti
726 2217 1780 2328 spielt wurde. Bis auf den spezifisch norddeutschen Sauer, der
1813 2228 2870 2333 gen stranieri hartnäckig auswich, eine Selbstverleugnung, die aller
715 2257 1789 2355 sich in den österreichischen Offizierston nicht fügen konnte, waren
1821 2263 2878 2360 Ehren werth ist. Der Brave war sozusagen Leib=Ruderer des
718 2293 1786 2390 die Darsteller mit Lust und Glück bemüht, schwarzgelbe Farbe zu
1821 2295 2875 2404 Großfürsten Peter, welcher, wie alljährlich, am 15. ds. in St.
718 2333 1794 2434 bekennen. Ganz köstlich waren der korrekte, ein wenig dümmliche
1827 2344 2878 2442 Jean eintrifft und nun den Alten nicht mehr wird beschenken
729 2369 1783 2474 junge Poldi Grehlinger des Herrn Hans Fischer und sein
1824 2379 2889 2482 können. Die Schuljugend von St. Jean und rundherum studirt
732 2404 1794 2515 Freund, ein ungarischer Lieutenant (Herr Müller), der sicher
1824 2415 2886 2526 bereits eine Cantate ein, um den beliebten russischen Gästen
732 2447 1794 2553 nicht das Pulver erfunden hat. Frei und gerade zu gab Herr
1832 2455 2894 2556 einen Willkomm' zu bieten, wofür jeder Bursche und der Herr
734 2485 1797 2591 Rittner den Rönning. Für das Wirre und unbeabsichtigt Zwie¬
1827 2490 2892 2604 Lehrer eine Bonbonnière mit einer Münze im Fond erhält.
1889 2526 2900 2629 In der Oper werden wir zu Neujahr wirklich eine Novität
743 2531 1696 2642 spältige der Gestalt ist der Schauspieler nicht verantwortlich
1626 2556 1751 2612 L. Sch.
791 2583 1805 2691 — Aus Montecarlo und Umgegend.] Man schreibt
737 2572 2919 2772 uns aus Montecarlo, 2. ds.: Wie Recht hatte jener arme haben. Frau Patti studirt eine neue Rolle „Dolores, die der
