3436 4448
224 127 317 211 8.
372 131 755 209 Freiwild
924 133 1331 224 box 14/3
420 1517 1238 1628 Theater und Musik.
432 1593 1291 1687 „Deutsches Theater." Herr Direktor V. Naumann
367 1647 1292 1738 schreibt uns mit Be auf unsere Kritik der Premiere von
380 1683 1285 1769 „Freiwild“ (Nr. 23 der „M. N. N.), daß die in dem
374 1722 1285 1804 Stücke vorgenom nen Aenderungen nicht von ihm aus¬
378 1772 1292 1851 gingen, sondern in der k. Polizeidirektion ihm vorge¬
379 1795 1294 1888 schrieben wurden Herr Naumann hat seinem Briefe das
380 1836 1289 1938 „rektifizirte Textbuch sowie die betreffende Verfügung bei¬
379 1876 1296 1961 gelegt; sie lautet: „Bei Freiwild sind Seite 29/30, 37, 43,
379 1921 1299 1995 45, wie vorgezeichnet, Streichungen vorzunehmen; der
392 1952 1297 2044 Schlag in's Gesicht (S. 39) hat in möglichst wenig auf
393 2002 1305 2078 fallender Weise zu erfolgen, indem vor Allem der Vorgang
395 2033 1305 2119 sich im Hintergrund der Bühne vollzieht, die Mitspielenden
391 2067 1306 2157 dazwischen springen, um den Schlag aufzufangen und dgl.
391 2113 1317 2185 S. 17 und 32 sind an den mit Farbfreich bezeichneten
396 2145 1317 2228 Stellen Milderungen des Textes vorzunehmen. Im
398 2192 1304 2268 Uebrigen besteht gegen die Aufführung keine Erinnerung.
395 2224 1315 2305 — Damit ist Herr Naumann allerdings vollkommen ent¬
404 2261 1318 2347 lastet. Auf eine nähere Würdigung des gewiß nicht glück¬
406 2305 1326 2393 lichen Eingreifens der Zensur einzugehen, besteht für uns
411 2341 1328 2433 kein Anlaß mehr, da unsere Leser eine solche — allerdings
411 2394 1336 2467 an eine andere Adresse gerichtet — schon in der erwähnten
411 2436 1081 2515 Nummer unseres Blattes gefunden haben.
450 2456 1389 2543 d. Im Münchner Volkstheater ging gestern Frei¬
1297 1510 1375 1568 Ra¬
1925 693 2860 786 burgerstraße 50 übernahm derer und
1927 771 2587 817 Restaurateur Martin Steinmann.
2110 807 2714 902 Deutsches Theater.
2231 871 2773 942 München, den 14. Januar 1897.
2006 890 2865 976 Mit dem heute zur erstmaligen Aufführung gekommen
1925 926 2863 1009 Schauspiel „Freiwild von A. Schnitzler oben
1927 998 2866 1050 wir der rührigen Leitung des Schmerzenskindes der hiesigen
1925 1029 2862 1088 Theater einen guten Erfolg versprechen zu können. Die
1934 1077 2863 1133 Novität ist nicht nur unterhaltend und fesselnd, sondern sie
1935 1107 2865 1168 gewinnt auch unser ganzes Interesse durch die künstlerische
1940 1146 2865 1205 Form mit welcher es der Autor verstanden hat ein Stück
1930 1186 2862 1252 sozialen Elends vor unseren Augen zu entrollen. Unter
1930 1225 2856 1280 „Freiwild" versteht Schnitzler jene Kunstnovizinnen, die
1934 1259 2865 1322 am Anfang ihrer Bühnenlaufbahn stehend gezwungen sind
1930 1299 2862 1358 an sogenannten „Schmieren", sich die erforderliche Bühnen¬
1930 1346 2870 1395 routine zu erwerben, wo sie mit der kargen Entlohnung
1934 1382 2866 1437 nicht zurecht kommen und daher auf Nebenerwerbe ange¬
1930 1417 2865 1467 wiesen sind. Welcher Art diese Nebenerwerbe sein können
1934 1464 2870 1517 läßt sich leicht errathen, die jungen unerfahrenen Geschöpfe
1929 1493 2859 1546 verlieren sich allzubald in die Garne gewissenloser Schürzen¬
1930 1538 2865 1598 jäger, wodurch die berüchtigte Theatermoral schon im Keime
1930 1574 2870 1631 ihren Todesstoß erhält. Mit meisterlichem Geschick führt uns
1934 1615 2870 1672 Schnitzler in das Milieu der hier angedeuteten Verhältnisse
1930 1656 2859 1706 ein, wir sehen die jeunesse dorée eines kleinen Curortes
1934 1694 2865 1743 wie sie ihre Fangarme nach den nieblichen Schauspielerinnen
1930 1730 2862 1782 des Sommertheaters ausstreckt, dessen Direktor es ganz für
1936 1769 2862 1828 selbstverständlich hält, daß an seinem „Kunstinstitute die
1936 1808 2859 1863 Schauspielerinnen mit allen Mitteln dafür zu sorgen haben
1934 1843 2869 1901 um die Besucher anzuziehen. Alle Bühnenmitglieder schienen
1936 1884 2862 1941 sich auch in diese Verhältnisse eingelebt zu haben, nur nicht
1934 1929 2872 1981 die „Naive" Anna Riedel, welche sich noch einen Kern von
1940 1972 2869 2024 sittlicher Entrüstung über die ihr aufgedrungenen Daseins¬
1940 2005 2874 2059 bedingungen bewahrt hat, Anna widersteht standhaft allen
1929 2045 2871 2093 Verlockungen und Anerbietungen, dieses reizt aber den Ober¬
1936 2082 2870 2135 lieutenant Karinski umsomehr und er will sich die Gunst
1936 2118 2870 2171 des Mädchens erzwingen. Wiederholt abgewiesen, glaubt er
1930 2161 2871 2215 den Verursacher seines Mißerfolges in dem Maler Rönning
1936 2201 2869 2260 zu erblicken, welchen er in frivoler Weise solange heraus¬
1942 2242 2866 2296 fordert, bis dieser die Geduld verlierend ihm auf offenem
1940 2279 2878 2334 Platze eine derbe Züchtigung zu theil werden läßt. Jetzt ist
1930 2318 2869 2369 Karski der Beleidigte, er fordert Rönning auf Pistolen,
1930 2355 2865 2402 doch dieser lehnt ab, da er nicht sein Leben wegen solch
1940 2401 2870 2447 nichtiger Vorgänge in die Schanze schlagen will. Karinski
1934 2434 2865 2483 ganz im Banne der Vorurtheile seines Standes stehend,
1934 2473 2871 2522 dem der Waffenrock schon längst nur noch als Deckmantel
1946 2520 2876 2569 für sein lasterhaftes Leben diente, vermag sich trotz dem
1934 2550 2871 2605 Zureden guter Freunde nicht zu entschließen zu quittiren,
1934 2590 2871 2647 ohne erst seine vermeintliche Ehre gerettet zu haben. Als
1930 2623 2871 2679 ihm Rönning auf offener Straße begegnet und dieser neuer¬
1936 2668 2874 2715 dings die Aufforderung zum Duell ablehnt, schießt ihn
1936 2705 2876 2759 dieser mit kaltem Blute nieder, womit das Drama seinen
1939 2752 2204 2811 Ausgang nimmt,
2019 2775 2880 2831 Es würde uns zu weit führen, wollten wir auch noch
1930 2824 2873 2866 die reiche Nebenhandlung mit ihren humorvollen Chargen
1936 2862 2877 2910 berühren. Der Aufbau geschieht mit meisterlichem Geschick,
1933 2898 2880 2957 die Dialogführung läßt den Bühnenpraktiker erkennen, alle
1946 2941 2877 2991 Scenen sind wirkungsvoll ausgestaltet und mit sicherem
1942 2989 2876 3050 Blick auf den Höhepunkt zugeführt, der sich bis zur letzten
1936 3021 2250 3075 Scene hinüberspielt,
2008 3046 2880 3109 Die Aufführung zeugte von der immer mehr fort¬
1942 3083 2874 3147 schreitenden Vervollkommnung des Deutschen Theater=En¬
1946 3134 2877 3190 sembles. Mit verblüffender Wahrheit stattete Herr Schmidt¬
1940 3171 2871 3219 Häßler den unsympathischen Charakter des Oberlieutenants
1940 3218 2880 3274 Karinski aus. Auch Herr Pahlau verdient mit seinem
1946 3254 2874 3302 Paul Rönning alles Lob, ebenso sei der Herren v. Lenor,
1954 3293 2877 3337 Klein=Rhoden und Neumann vorzugsweise gedacht.
1954 3328 2886 3397 . Behrens hat noch an temperamentvoller Darstellung
2078 3371 2431 3444 nen sanat mich
2904 701 3067 774 meisters
2912 755 3067 817 heiße Bl.
2904 806 3062 863 beide Ar¬
2912 848 3056 906 anzusehe
2912 893 3054 956 lustig ge¬
2906 963 3069 1038 Volkssig
2909 1023 3053 1079 heit des
2918 1061 3063 1125 stattfind¬
2909 1110 3068 1171 von Erd
2915 1152 3059 1217 3.30
2911 1195 3059 1258 4.32, 9
2909 1241 3036 1294 5.10,
2922 1285 3060 1343 Frequen
2918 1331 3068 1388 Entgege¬
2915 1375 3055 1430 von den
2918 1417 3051 1471 Freude
2913 1451 3069 1532 dieses
2912 1504 3050 1571 günstig
2918 1595 3080 1657 fr. Volk
2916 1641 3068 1700 dem A
2916 1686 3026 1744 Keller
2916 1726 3072 1791 beschäfti
2909 1776 3068 1828 er bewu
2920 1815 3066 1880 lichen
2916 1860 3060 1923 sich bis
2918 1909 3067 1961 an eine
2910 1951 3056 2008 Eine K
2920 1992 3068 2051 der Ge¬
2916 2032 3053 2094 früher
2922 2083 3068 2137 Zu die
2922 2124 3068 2176 von Ry
2923 2168 3067 2228 Zille —
2912 2209 3050 2270 wurde
2916 2259 3029 2309 indem
2915 2294 3059 2354 Gendar¬
2913 2343 3050 2400 dächtig
2916 2388 3059 2447 einlocht
2917 2432 3024 2486 unter
2916 2478 3044 2526 nimmt
2924 2518 3053 2582 bereits
2922 2594 3062 2662 Volkszt
2924 2650 3072 2703 d. M.
2922 2690 3057 2751 finden
2922 2774 3066 2838 wurden
2923 2824 3066 2883 Post=
2924 2866 3068 2925 der so
2984 2915 3069 2967 Du
2922 2957 3066 3013 los und
2924 3000 3056 3057 daß er
2928 3044 3057 3100 sie na
2924 3082 3066 3144 worübe
2928 3131 3059 3188 Postille
2928 3175 3062 3236 einschli
2922 3220 3046 3274 übten.
2928 3258 3059 3323 und ein
