3436 4224
833 211 1249 311 box 14/4
142 220 718 310 8. Freiwild
1390 1476 2122 1730 ET
1715 1946 2711 2059 ganze Anlage als durchaus verfehlt bezeichnet werden.
324 1951 1647 2054 Deutsches Volkstheater. An dieser Bühne wurde Arthur Schnitzlers
1834 2002 3143 2099 Gespielt wurde recht gut; besonders die Damen Glöckner und Erl und die
211 2041 1643 2101 dreiaktiges Schauspiel „Freiwild aufgewarnt und einem tendenzhungerigen Publikum
1719 2077 3141 2158 Herren Kutschera, Kramer, Jensen und Tewele verdienen anerkennend
211 2086 1640 2162 als frischer Leckerbissen serviert. Das Stück behandelt bekanntlich die leidige Duell¬
221 2138 1643 2207 frage, und Persönlichkeit und Richtung Schnitzlers lassen wohl vermuten von welchem
1712 2147 2054 2205 genannt zu werden.
212 2187 1643 2254 Standpunkte aus der Autor diese Frage behandeln will. Es muß dies aus¬
216 2234 1649 2308 drücklich hervorgehoben werden, da in dem Schauspiele selbst eigentlich nichts
212 2282 1645 2353 die Absichten des Dichters verrät. Die überzeugten Duell gegner werden dem Ver¬
221 2335 1651 2407 fasser ob dieses seines Werkes keineswegs zu Danke verpflichtet sein, denn er treibt
220 2389 1645 2452 damit wahrhaftig ein Wasser auf ihre Mühle. Ganz im Gegenteil. Wenn es
221 2434 1651 2506 Herrn Schnitzler einbekanntes Bestreben gewesen wäre, die Notwendigkeit des Zwei¬
221 2479 1649 2552 kampfes in gewissen Lebenslagen darzutun, er hätte dies nicht geschickter, ein¬
220 2533 1654 2596 dringlicher und überzeugender tun können. Der Umstand, daß es ein Offizier ist,
225 2581 1654 2650 dem eine tätliche Insulte zugefügt wird, ällt hiebei besonders schwer in die
221 2632 1661 2695 Wagschale. Ein Offizier darf eben nicht im Sinne des Bibelspruches die zweite
229 2675 1654 2749 Wange zum Streiche hinhalten, wenn er den einen Backenstreich schon erhalten hat,
230 2734 1660 2812 sondern er muß Satisfaktion verlangen oder seine Stellung preisgeben — und
229 2792 670 2848 Stellung ist Leben.
346 2831 1656 2912 Wie gesagt, das Stück erscheint weit eher als ein Plaidoyer für das Duel
218 2882 1663 2965 und da dies wohl nicht in den Absichten Schnitzlers gelegen sein dürfte, muß die
