3108 4256
30 75 106 126 eine
26 123 112 185 toja-
19 173 112 229 aß er
11 220 109 280 „Ruch
11 273 114 344 ungen
8 344 112 424 graphi¬
11 411 112 472 Neape
11 461 103 517 arck
3 505 120 568 Werthe
11 556 121 617 Gold¬
26 604 120 670 eruir
1011 75 1286 159 Schauspiel in
245 95 975 162 (Carltheater.) „Freiwild,
143 139 1288 210 drei Acten von Arthur Schnitzler. Wenn Jemand von
153 188 1282 263 schweren Bedenken bezüglich des Zweikampfes erfüllt ist und
151 237 1280 318 sich diese Bedenken zur eigenen Erleichterung recht gründlich
1078 287 1283 354 läßt sich
584 299 888 375 schreiben will
146 301 554 369 von der Seele
150 335 1280 417 dagegen wol nichts einwenden. Wenn diese Seelen¬
153 391 1290 450 entlastung in dramatischer Form, also stückweise erfolgt,
157 435 1286 505 so mag das wol als erschwerender Umstand gelten, aber
156 484 1293 553 füglich kann auch dagegen ein berechtigter Ein¬
150 525 1288 598 wand nicht erhoben werden. Und gelangt ein solches
888 576 1293 648 das eine vielleicht
156 590 679 653 Stück zur Aufführung,
671 623 1286 681 aber doch eine Thatsache,
159 640 643 701 betrübliche Thatsache,
162 674 1285 738 die sich eben nicht abwenden läßt. Wenn aber dann ein
165 723 1285 802 solches Stück mit der Prätension einer künstlerischen Leistung
156 774 1285 838 an uns herantritt, wenn es eine ernsthafte kritische Beurthei¬
156 821 1291 892 lung verlangt, dann ist das denn doch eine starke Zumuthung,
156 874 1302 936 eine Herausforderung, die man nach dem Codex der gesunden
159 922 1299 978 Vernunft ruhig ablehnen kann. Wir machen von
156 961 1296 1030 diesem codificirten Rechte Gebrauch und lehnen es
922 1005 1294 1073 uns dem heute
156 1017 894 1076 ebenso artig als entschieden ab,
162 1059 1294 1131 im Carltheater zum erstenmale aufgeführten Schauspiel „Frei¬
157 1104 1294 1184 wild des Herrn Arthur Schnitzler mit dem schweren Rüstzeug
788 1151 1294 1232 In diesem Stück fällt eine
165 1157 685 1232 literarischer Kritik zu stellen.
162 1207 1299 1274 Ohrfeige. Darauf steht das Stück. Denn diese Ohrfeige wird
162 1251 1296 1319 von Herrn Paul Rönning, einem ebenso wohlhabenden als
162 1299 1299 1378 edlen und grundgescheiten Civilisten, dem Herrn Lieutenant
165 1363 1299 1422 Karinski versetzt, der natürlich ein Spieler, ein Schulden¬
762 1396 1305 1475 Mädchenjäger, kurzum ein
168 1410 645 1473 macher, ein Raufbold,
740 1445 1301 1515 ihn in Duellstücken mit
466 1461 692 1522 wie man
165 1453 438 1523 Officier ist,
727 1492 1297 1564 benöthigt. Es wäre tragisch,
168 1506 685 1584 Besserungstendenz unbedingt
170 1545 1299 1601 wenn dieser Lieutenant Karinski, der doch auch
167 1582 1307 1659 sonst ziemlich schneidig ist, etwa rascher mit einer Ohrfeige
168 1640 1302 1705 am Platze wäre als der edle, grundgescheite Herr Rönning.
168 1681 1305 1751 In diesem Falle wäre nämlich das Stück schon im ersten
168 1733 1301 1797 Act zu Ende. Herr Rönning könnte mit einer geschwollenen
168 1779 1307 1860 Backe und seinen gesammten Ueberzeugungen nach Hause
171 1827 1308 1903 gehen, von dem schallenden Gelächter aller Freunde un¬
173 1875 1301 1947 freiwilligen Humors begleitet. Denn Einer, dem eine wohl
168 1933 1305 2000 gerathene Mautschelle im Gesichte sitzt und der dann mann¬
168 1981 1313 2040 haft erklärt, sich nicht duelliren zu wollen, ist doch wol eine
171 2020 1311 2095 komische Figur. Darum fällt die Ohrfeige in entgegengesetzter
168 2071 1313 2145 Richtung und so kann das Stück für weitere zwei Acte auf¬
173 2114 1318 2195 recht stehen. Ein geohrfeigter Officier! Das nimmt
170 2166 1311 2247 sich gleich viel ernsthafter aus. Denn der muß
168 2213 1315 2297 sich ja schlagen und will es auch. Aber Herr Rönning ver¬
173 2252 1319 2338 weigert das Duell. Seine Ueberzeugungen sind nun einmal
179 2318 1316 2375 nur auf Ohrfeigen eingerichtet. Da ist er also, der große
173 2361 1315 2423 dramatische Conflict. Wie wird er gelöst werden? Sehr ein¬
179 2400 1321 2481 fach. Die beiden Männer begegnen sich, jeder einen
179 2455 1321 2523 Revolver in der Tasche. Abermals balancirt das ganze
188 2503 1321 2578 Stück auf einem Geschwindigkeitseffect, der nichts weniger ist
179 2557 1324 2628 als Zauberei. Herr Lieutenant Karinski ist schneller schußbereit
179 2623 1324 2680 und drückt seinen Revolver früher ab, als Herr Rönning.
187 2645 1329 2726 Das ist ein wahres Glück. Denn wenn Rönning's Schuß
193 2693 1322 2771 früher fiele und der Lieutenant als Leiche am Flecke bliebe,
182 2737 1325 2811 dann wäre ja dieser der Märtyrer, ein Held seiner Ehre oder
187 2788 1324 2864 doch seines Ehrbegriffes, kurzum der, dem die Sympathie
187 2853 1327 2920 bleibt. Und damit fiele ja die ganze, mühselig aufgerichtete
188 2895 1332 2961 Tendenz zusammen und Herr Arthur Schnitzler hätte etwa
1008 2933 1330 3006 Militärfreundlich¬
184 2947 972 3023 gar ein Stück geschrieben, das fast nach¬
192 2984 1329 3068 keit aussähe. Was zwischen der so rechtzeitigen Ohrfeige
193 3034 1335 3106 und dem ebenso rechtzeitigen Pistolenschuß liegt, ist
209 3084 1330 3162 schon so oft und um so viel besser geschrieben worden, daß
193 3138 1330 3204 es kaum der Mühe lohnt dessen zu erwähnen: Es ist so
199 3174 1324 3258 ziemlich Alles, was für und gegen das Duell geltend ge¬
196 3226 1330 3300 macht werden kann. Und erst die eigentliche „Handlung" des
199 3274 1336 3339 Stückes, die ist so nebensächlich und so abgebraucht, daß
199 3324 1330 3397 darüber wirklich nichts zu sagen ist. Das tugendsame Mädchen,
206 3384 1335 3444 das sich der Bühne widmet und von seiner kargen Gage
206 3427 1338 3495 leben will, und der hochherzige Mann, der dieses Mädchen
206 3467 1335 3534 dem Untergange entreißen und heiraten will, das sind doch
201 3528 1341 3601 zu gute Bekannte noch von der alten, höchst unmodernen
1020 3562 1339 3631 Den Lieutenant
202 3571 902 3637 Bühnenkunst der Birch=Pfeiffer her.
204 3618 1343 3698 Karinski spielte Herr Reusch so, daß diese Caricatur
1254 3662 1333 3718 Da¬
201 3665 1210 3733 eines Officiers fast lebensmöglich erschien.
201 3712 1332 3789 gegen gab Herr Meyer=Eigen einen Rittmeister, der
212 3758 1349 3827 wol auch in der Miliz irgend einer südamerikanischen
206 3808 1335 3886 Republik sofort aus Dienstesrücksichten pensionirt würde, und
215 3858 1347 3931 Herr Blum stellte einen Lieutenant dar, wie er überhaupt
210 3911 1336 3979 nur in den Auslagefenstern der Uniformirungsfirmen als
89 3947 1341 4023 after Holzpuppe zu finden sein dürfte. Den edlen grundgescheiten
104 4011 1344 4110 zicka, Civilisten, den Paul Rönning, spielte Herr Klein vom Raimund¬
