3436 4256
230 183 722 291 8. Freiwil
913 185 1332 291 box 14/4
1723 88 1874 157 Fol.
2055 190 2507 299 Theater und Kunst.
1819 274 2763 356 Das Mutsche Volkstheater hat A. Schnitzler
1774 348 2763 410 Schauspie „Freiwild“ in seinen Spielplan an
1780 408 2757 463 genommen und einer unverdienten Vergessenheit en
1780 454 2759 512 rissen. Das Stück wurde vor einer Reihe von Jahre
1773 502 2763 556 an einer anderen Wiener Bühne aufgeführt, dort, wo
1785 554 2767 602 die tragische Muse niemals einen Hort zu finden ver
1780 600 2763 655 mochte. Dessenungeachtet ist seinerzeit viel darübe
1774 648 2776 708 geschrieben worden und die Tendenz des Schauspiele
1777 688 2772 756 ist den Theaterfreunden in Erinnerung geblieben. Der
1774 740 2772 812 Verfasser variiert das Thema „Freiwild“, einmal in
1774 787 2769 856 der Schilderung des schutzlosen Zustandes, in dem sich
1766 826 2772 916 eine junge Schauspielerin von moralischer Lebens¬
1766 877 2782 966 führung befindet, und ferner durch den Konflikt, der
1761 924 2773 1016 daraus erwächst, wenn ein Angehöriger eines in Bezug auf
1764 973 2782 1061 Ehranschauungen besonders seinfühligen Standes für eine
1761 1031 2777 1112 schimpfliche Behandlung ritterliche Satisfaktion nicht
1756 1091 2772 1151 zu erlangen vermag. Also wieder die Duellfrage, die
1761 1137 2763 1215 nicht zum ersten Male auf dem Theater zur Dis¬
1759 1186 2767 1260 kussion kommt. Schnitzler beweist in dem Für und
1755 1225 2763 1313 Wider der Auffassung eine starke dialektische Kraft,
1754 1289 2762 1349 und wenn er mit allen Gründen des gesunden Ver¬
1757 1338 2775 1423 standes den Zweikampf verwirft, läßt er ihm gleich
1748 1391 2761 1461 wieder, noch dazu durch den Mund sympathischer,
1748 1433 2759 1507 klardenkender Männer, das Wort reden. Auf beiden
1746 1469 2752 1556 Seiten geht es ohne sophistische Argumente freilich
1742 1547 2759 1607 nicht ab, indes für den Augenblick behält der
1752 1577 2754 1655 Sprechende immer Recht. Mit geistvoller Geschicklich¬
1742 1625 2758 1708 keit drängt der Dichter den Zuhörer in ein Dilemma
1742 1683 2750 1755 des Urteils, welches die endgültige Beant¬
1746 1733 2748 1801 wortung der Frage immer aussichtsloser macht.
1743 1779 2764 1859 Auch sonst konnte der Dichter zu keinem Resultate ge¬
1740 1819 2761 1904 langen und mußte zuletzt — wie immer, wenn der
1738 1881 2524 1935 Dramatiker nicht mehr ein und aus weiß
2590 1880 2755 1945 zu dem
1738 1917 2745 1992 Knalleffekte eines Revolverschusses seine Zuflucht neh¬
1738 1979 2752 2038 men. Der Beleidigte verschafft sich selber Genugtuung,
1740 2039 2745 2089 genauer genommen: er rächt sich an dem, der ihn
1741 2076 2743 2130 als Duellgegner verschmähte. Damit ist im Grunde
1733 2128 2750 2195 nichts gesagt und nichts getan, es ist ein Schluß,
1733 2171 2746 2230 weil alles ein Ende haben muß. Hier liegt auch die
1733 2217 2758 2290 Schwäche der Erfindung, aber man war zwei Stunden
1733 2268 2748 2336 lang in Atem gehalten worden, und das ist nichts
1731 2324 2738 2383 Geringes. — Es gab denn auch reichlichen Beifall.
1727 2375 2736 2435 Die Schauspieler haben der Sache des Autors redlich
1727 2420 2736 2482 gedient. Von überzeugender Innerlichkeit und Wärme
1727 2467 2736 2537 war Frl. Erl in der Rolle der braven Schauspielerin,
1727 2527 2736 2581 belustigend wirkte Frau Glöckner durch die Dar¬
1733 2565 2735 2634 stellung einer minder rigorosen Sommertheater¬
1733 2625 2734 2681 Soubrette. Herr Kramer — der den tragischen
1734 2664 2730 2736 Helden des Schauspieles gab — erfaßte die Figur in
1727 2718 2727 2778 jedem Zug, so wie der Autor sie sich vorgestellt haben
1720 2771 2729 2832 mochte, und in den bewegten Szenen des letzten Aktes
1720 2819 2727 2891 geschah das, was im Theater immer „das Wunder¬
1734 2889 2718 2951 bare“ ist, man vergaß den Schein und ließ sich von
1733 2939 2721 3006 einer schauspielerischen Leistung packen, die die vol
1727 2992 2721 3050 Realität vortäuscht. Den zweiten Leutnant spielte Her
1738 3041 2724 3103 Jensen verständnisvoll und mit sympathischer Über
1733 3099 2724 3149 legenheit, den dritten gab nach dem Theaterzette
1738 3147 2721 3207 Herr Höfer. Vielleicht ist es ein Irrtum, den
1734 3191 2722 3244 äußerlich und im Ton war keine Spur von dieser
1741 3242 2730 3307 höchst wandlungsfähigen Schauspieler, der immer auf
1738 3295 2731 3354 neue überrascht, zu entdecken. Den Paul Rönning konnt
1733 3346 2724 3395 man nur Herrn Kutschera übertragen, und da
1733 3382 2727 3455 gegen ist nichts einzuwenden, vielleicht wäre aber der
1733 3437 2724 3497 tragischen Liebhaber dieses Schauspiels etwas frischer
1738 3491 2727 3549 Jugendlichkeit zu wünschen. Auch die kleinen Rolle
1734 3535 2729 3593 waren angemessen verteilt. Herr Tewele suchte al
1734 3588 2732 3645 Schmierendirektor die beklommene Stimmung des Publi¬
1734 3639 2730 3699 kums zeitweise in Heiterkeit aufzulösen, nach Maßgab
1733 3695 2727 3756 der kargen Mittel, die ihm der Autor für diesen löb
2521 3745 2699 3799 P. V. S.
1733 3737 2119 3811 lichen Zweck gönnte.
