<?xml version="1.0" encoding="UTF-8" standalone="yes"?>
<PcGts xmlns="http://schema.primaresearch.org/PAGE/gts/pagecontent/2013-07-15" xmlns:xsi="http://www.w3.org/2001/XMLSchema-instance" xsi:schemaLocation="http://schema.primaresearch.org/PAGE/gts/pagecontent/2013-07-15 http://schema.primaresearch.org/PAGE/gts/pagecontent/2013-07-15/pagecontent.xsd">
    <Metadata>
        <Creator>prov=READ-COOP:name=PyLaia@TranskribusPlatform:version=2.12.1:model_id=39995:lm=provided:date=28_03_2024_21:32</Creator>
        <Created>2019-10-07T11:49:00.887+02:00</Created>
        <LastChange>2024-03-28T21:32:54.487+01:00</LastChange>
        <TranskribusMetadata docId="223990" pageId="9505050" pageNr="285" tsid="156390511" status="IN_PROGRESS" userId="40391" imgUrl="https://files.transkribus.eu/Get?id=KXFFFKNYWPEEMLYDQWNZOZFL&amp;fileType=view" xmlUrl="https://files.transkribus.eu/Get?id=JFDNNGSTMSDAJETWGDKQCCSA" imageId="6195264"/>
    </Metadata>
    <Page imageFilename="223990_0285.jpeg" imageWidth="3484" imageHeight="4256">
        <ReadingOrder>
            <OrderedGroup id="ro_1712662622698" caption="Regions reading order">
                <RegionRefIndexed index="0" regionRef="tr_1"/>
            </OrderedGroup>
        </ReadingOrder>
        <TextRegion orientation="0.0" id="tr_1" custom="readingOrder {index:0;}">
            <Coords points="158,254 158,3395 3002,3395 3002,254"/>
            <TextLine id="tr_1_tl_1" custom="readingOrder {index:0;}">
                <Coords points="141,295 391,317 710,304 710,215 630,231 572,209 532,237 483,215 243,237 212,212 141,218"/>
                <Baseline points="158,277 186,277 214,278 242,280 270,278 298,277 326,279 354,280 382,280 410,280 438,281 466,283 494,283 522,283 550,283 578,283 606,283 634,283 662,283 690,283 719,280"/>
                <TextEquiv>
                    <Unicode>8. Freiwild</Unicode>
                </TextEquiv>
            </TextLine>
            <TextLine id="tr_1_tl_2" custom="readingOrder {index:1;}">
                <Coords points="800,311 861,314 892,289 975,298 996,320 1018,308 1067,320 1107,301 1165,320 1221,314 1245,308 1242,224 1122,212 1002,237 984,221 932,246 870,215 836,237 796,224"/>
                <Baseline points="817,280 842,282 868,283 893,283 919,284 945,286 970,286 996,286 1022,288 1047,289 1073,289 1099,289 1124,289 1150,289 1176,289 1201,287 1227,287 1253,289"/>
                <TextEquiv>
                    <Unicode>box 14/4</Unicode>
                </TextEquiv>
            </TextLine>
            <TextLine id="tr_1_tl_3" custom="readingOrder {index:2;}">
                <Coords points="861,1150 993,1144 1046,1156 1082,1141 1119,1156 1193,1138 1205,1156 1242,1156 1245,1070 1187,1061 1141,1073 1098,1036 1009,1033 926,1073 864,1073"/>
                <Baseline points="880,1119 906,1118 932,1116 959,1116 985,1116 1012,1116 1038,1115 1065,1113 1091,1112 1117,1110 1144,1110 1170,1109 1197,1108 1223,1107 1250,1107"/>
                <TextEquiv>
                    <Unicode>Kellon 1286.</Unicode>
                </TextEquiv>
            </TextLine>
            <TextLine id="tr_1_tl_4" custom="readingOrder {index:3;}">
                <Coords points="406,1252 1098,1215 1328,1248 1461,1205 1624,1242 1700,1224 1704,1132 753,1190 544,1181 409,1122"/>
                <Baseline points="423,1232 487,1227 551,1225 615,1221 679,1220 744,1220 808,1217 872,1217 936,1215 1000,1213 1065,1211 1129,1208 1193,1208 1257,1205 1321,1205 1386,1202 1450,1199 1514,1197 1578,1196 1642,1194 1707,1196"/>
                <TextEquiv>
                    <Unicode>Alex. Weigls Unternehmen für Zeitungs-Ausschnitte</Unicode>
                </TextEquiv>
            </TextLine>
            <TextLine id="tr_1_tl_5" custom="readingOrder {index:4;}">
                <Coords points="1414,1255 1436,1258 1458,1252 1488,1267 1494,1261 1522,1264 1544,1252 1568,1252 1568,1212 1547,1208 1531,1221 1516,1212 1498,1221 1488,1212 1467,1208 1454,1215 1445,1208 1414,1215"/>
                <Baseline points="1432,1247 1460,1246 1489,1244 1517,1244 1546,1244 1575,1244"/>
                <TextEquiv>
                    <Unicode>Ausschaft</Unicode>
                </TextEquiv>
            </TextLine>
            <TextLine id="tr_1_tl_6" custom="readingOrder {index:5;}">
                <Coords points="1445,1341 1494,1356 1528,1338 1556,1359 1584,1335 1602,1335 1642,1362 1664,1341 1707,1331 1710,1252 1611,1245 1584,1267 1547,1252 1522,1264 1451,1258"/>
                <Baseline points="1465,1325 1492,1328 1519,1328 1546,1327 1573,1325 1601,1323 1628,1321 1655,1320 1682,1318 1710,1316"/>
                <TextEquiv>
                    <Unicode>Nr. 55</Unicode>
                </TextEquiv>
            </TextLine>
            <TextLine id="tr_1_tl_7" custom="readingOrder {index:6;}">
                <Coords points="747,1378 833,1359 981,1381 1064,1347 1172,1347 1242,1375 1304,1356 1347,1378 1353,1242 1267,1227 1129,1255 1089,1221 1002,1255 938,1230 750,1276"/>
                <Baseline points="764,1354 793,1351 823,1349 852,1347 882,1345 912,1343 941,1341 971,1339 1001,1337 1030,1337 1060,1336 1090,1334 1119,1334 1149,1333 1179,1331 1208,1327 1238,1325 1268,1325 1297,1325 1327,1324 1357,1322"/>
                <TextEquiv>
                    <Unicode>OBSERVER</Unicode>
                </TextEquiv>
            </TextLine>
            <TextLine id="tr_1_tl_8" custom="readingOrder {index:7;}">
                <Coords points="1833,1335 2992,1399 2986,1227 2829,1264 2641,1224 2531,1313 1830,1276"/>
                <Baseline points="1850,1328 1907,1332 1964,1336 2022,1340 2079,1343 2137,1347 2194,1349 2252,1352 2309,1355 2367,1359 2424,1360 2481,1363 2539,1366 2596,1368 2654,1369 2711,1375 2769,1377 2826,1380 2884,1381 2941,1384 2999,1384"/>
                <TextEquiv>
                    <Unicode>en der unsch in sie unter easing und in</Unicode>
                </TextEquiv>
            </TextLine>
            <TextLine id="tr_1_tl_9" custom="readingOrder {index:8;}">
                <Coords points="1836,1384 2915,1451 2995,1439 2995,1399 1833,1335"/>
                <Baseline points="1853,1375 1910,1379 1967,1383 2025,1384 2082,1387 2140,1390 2197,1392 2255,1396 2312,1399 2370,1401 2427,1404 2484,1408 2542,1411 2599,1413 2657,1414 2714,1418 2772,1420 2829,1422 2887,1426 2944,1427 3002,1429"/>
                <TextEquiv>
                    <Unicode>schauung in hohem Maße verfehlt. Im zweiten Akt erscheint</Unicode>
                </TextEquiv>
            </TextLine>
            <TextLine id="tr_1_tl_10" custom="readingOrder {index:9;}">
                <Coords points="335,1448 1768,1430 1768,1353 1697,1331 1473,1378 1279,1350 1092,1384 1033,1347 913,1390 575,1353 338,1384"/>
                <Baseline points="352,1438 423,1435 494,1431 565,1429 636,1426 707,1426 778,1425 850,1422 921,1420 992,1418 1063,1417 1134,1416 1205,1413 1276,1411 1348,1408 1419,1405 1490,1405 1561,1402 1632,1400 1703,1399 1775,1399"/>
                <TextEquiv>
                    <Unicode>I. österr. behördl., conc. Barenz für Zeitungsberichte u. Personalnachrichten</Unicode>
                </TextEquiv>
            </TextLine>
            <TextLine id="tr_1_tl_11" custom="readingOrder {index:10;}">
                <Coords points="1823,1433 2995,1479 2992,1436 2844,1424 1823,1390"/>
                <Baseline points="1841,1414 1898,1418 1956,1422 2014,1426 2072,1429 2130,1432 2188,1434 2246,1438 2304,1441 2362,1443 2420,1447 2477,1448 2535,1452 2593,1455 2651,1459 2709,1462 2767,1464 2825,1468 2883,1469 2941,1471 2999,1471"/>
                <TextEquiv>
                    <Unicode>der Beleidiger als gewöhnlicher Phrasendrescher, der als</Unicode>
                </TextEquiv>
            </TextLine>
            <TextLine id="tr_1_tl_12" custom="readingOrder {index:11;}">
                <Coords points="1839,1470 2795,1528 2992,1525 2992,1482 1836,1430"/>
                <Baseline points="1856,1462 1913,1463 1970,1467 2027,1470 2084,1471 2141,1474 2198,1476 2256,1480 2313,1484 2370,1487 2427,1489 2484,1492 2541,1496 2598,1498 2656,1501 2713,1504 2770,1508 2827,1510 2884,1513 2941,1514 2999,1516"/>
                <TextEquiv>
                    <Unicode>„Vernunftsmensch" selbstverständlich zu den Gegnern des</Unicode>
                </TextEquiv>
            </TextLine>
            <TextLine id="tr_1_tl_13" custom="readingOrder {index:12;}">
                <Coords points="529,1531 1574,1516 1605,1424 529,1454"/>
                <Baseline points="546,1507 599,1507 652,1507 705,1507 759,1507 812,1507 865,1504 918,1502 972,1499 1025,1498 1078,1498 1131,1495 1185,1494 1238,1490 1291,1489 1344,1489 1398,1485 1451,1483 1504,1483 1557,1483 1611,1483"/>
                <TextEquiv>
                    <Unicode>Wien, IX. Türkenstrasse 17.</Unicode>
                </TextEquiv>
            </TextLine>
            <TextLine id="tr_1_tl_14" custom="readingOrder {index:13;}">
                <Coords points="1823,1510 2841,1577 2992,1571 2992,1522 1820,1476"/>
                <Baseline points="1841,1504 1898,1508 1956,1512 2014,1516 2072,1516 2130,1519 2188,1521 2246,1522 2304,1528 2362,1530 2420,1534 2477,1537 2535,1538 2593,1542 2651,1543 2709,1547 2767,1550 2825,1554 2883,1555 2941,1557 2999,1560"/>
                <TextEquiv>
                    <Unicode>Duell gehört und dem schwer und verhängnisvoll beleidigten</Unicode>
                </TextEquiv>
            </TextLine>
            <TextLine id="tr_1_tl_15" custom="readingOrder {index:14;}">
                <Coords points="744,1596 1221,1574 1393,1599 1396,1507 1295,1534 1187,1504 1006,1538 747,1525"/>
                <Baseline points="761,1575 793,1576 825,1578 857,1576 889,1576 922,1577 954,1575 986,1573 1018,1571 1050,1569 1083,1569 1115,1569 1147,1569 1179,1569 1211,1567 1244,1565 1276,1563 1308,1561 1340,1557 1372,1554 1405,1554"/>
                <TextEquiv>
                    <Unicode>Filiale in Budapest; „Fiegel</Unicode>
                </TextEquiv>
            </TextLine>
            <TextLine id="tr_1_tl_16" custom="readingOrder {index:15;}">
                <Coords points="1830,1550 2967,1621 2980,1562 1827,1513"/>
                <Baseline points="1847,1548 1904,1554 1961,1554 2018,1556 2075,1560 2132,1563 2189,1563 2247,1566 2304,1569 2361,1570 2418,1574 2475,1578 2532,1579 2589,1583 2647,1587 2704,1590 2761,1591 2818,1595 2875,1593 2932,1602 2990,1599"/>
                <TextEquiv>
                    <Unicode>Offizier die geforderte Genugthuung verweigert. Diese</Unicode>
                </TextEquiv>
            </TextLine>
            <TextLine id="tr_1_tl_17" custom="readingOrder {index:16;}">
                <Coords points="1830,1596 2712,1654 2983,1651 2983,1611 1827,1547"/>
                <Baseline points="1847,1590 1904,1593 1961,1595 2018,1598 2075,1602 2132,1604 2189,1608 2246,1608 2303,1612 2360,1614 2417,1618 2474,1620 2531,1624 2588,1628 2645,1629 2702,1632 2759,1635 2816,1637 2873,1638 2930,1642 2987,1647"/>
                <TextEquiv>
                    <Unicode>Weigerung wird im letzten Akt der Ausgangspunkt für die</Unicode>
                </TextEquiv>
            </TextLine>
            <TextLine id="tr_1_tl_18" custom="readingOrder {index:17;}">
                <Coords points="360,1676 1015,1648 1534,1694 1630,1648 1777,1688 1780,1593 1587,1568 867,1605 606,1599 486,1550 363,1584"/>
                <Baseline points="376,1653 446,1656 517,1653 587,1650 658,1650 728,1647 799,1647 869,1647 940,1644 1010,1641 1081,1637 1152,1635 1222,1634 1293,1632 1363,1630 1434,1626 1504,1626 1575,1625 1645,1621 1716,1620 1787,1620"/>
                <TextEquiv>
                    <Unicode>Vertretungen in Berlin, Chicago, Genf, Londen, Newyork, Paris, Rom, Stockholm.</Unicode>
                </TextEquiv>
            </TextLine>
            <TextLine id="tr_1_tl_19" custom="readingOrder {index:18;}">
                <Coords points="1833,1648 2970,1697 2967,1648 1830,1596"/>
                <Baseline points="1847,1635 1903,1638 1960,1640 2016,1641 2073,1644 2129,1648 2186,1652 2242,1653 2299,1656 2355,1657 2412,1661 2469,1665 2525,1668 2582,1669 2638,1673 2695,1677 2751,1680 2808,1680 2864,1682 2921,1686 2978,1686"/>
                <TextEquiv>
                    <Unicode>sensationelle Katastrophe. Der Offizier sucht seinen Gegner</Unicode>
                </TextEquiv>
            </TextLine>
            <TextLine id="tr_1_tl_20" custom="readingOrder {index:19;}">
                <Coords points="1823,1688 2949,1750 2967,1697 1820,1645"/>
                <Baseline points="1838,1680 1895,1681 1952,1683 2009,1685 2066,1689 2123,1690 2180,1692 2237,1695 2294,1699 2351,1701 2408,1705 2465,1707 2522,1709 2579,1713 2636,1715 2693,1719 2750,1720 2807,1726 2864,1728 2921,1731 2978,1734"/>
                <TextEquiv>
                    <Unicode>und findet ihn auf der öffentlichen Promenade. Er fragt ihn</Unicode>
                </TextEquiv>
            </TextLine>
            <TextLine id="tr_1_tl_21" custom="readingOrder {index:20;}">
                <Coords points="1811,1734 2974,1780 2934,1734 1811,1682"/>
                <Baseline points="1829,1722 1886,1723 1944,1725 2001,1728 2059,1728 2117,1732 2174,1736 2232,1737 2289,1741 2347,1744 2405,1748 2462,1751 2520,1752 2577,1756 2635,1760 2693,1761 2750,1763 2808,1766 2865,1769 2923,1770 2981,1775"/>
                <TextEquiv>
                    <Unicode>nochmals, ob sich der Beleidiger mit ihm schlagen wolle. Er</Unicode>
                </TextEquiv>
            </TextLine>
            <TextLine id="tr_1_tl_22" custom="readingOrder {index:21;}">
                <Coords points="1538,1784 1565,1784 1577,1771 1599,1765 1621,1777 1642,1765 1685,1768 1685,1685 1630,1679 1611,1700 1605,1694 1593,1700 1565,1682 1534,1688"/>
                <Baseline points="1551,1751 1579,1747 1607,1746 1635,1750 1663,1751 1692,1751"/>
                <TextEquiv>
                    <Unicode>Puh</Unicode>
                </TextEquiv>
            </TextLine>
            <TextLine id="tr_1_tl_23" custom="readingOrder {index:22;}">
                <Coords points="984,1780 1046,1802 1113,1802 1135,1780 1178,1805 1196,1787 1258,1802 1282,1780 1507,1796 1513,1704 1454,1688 1261,1673 1153,1710 1122,1691 990,1691"/>
                <Baseline points="1005,1769 1030,1772 1056,1770 1081,1769 1107,1769 1132,1769 1158,1769 1183,1767 1209,1766 1234,1764 1260,1762 1286,1760 1311,1759 1337,1757 1362,1755 1388,1754 1413,1752 1439,1750 1464,1748 1490,1751 1516,1754"/>
                <TextEquiv>
                    <Unicode>Staatsbürger-Zeitung,</Unicode>
                </TextEquiv>
            </TextLine>
            <TextLine id="tr_1_tl_24" custom="readingOrder {index:23;}">
                <Coords points="360,1811 532,1796 643,1823 716,1777 793,1814 843,1790 846,1704 732,1737 704,1719 676,1734 652,1713 618,1731 547,1697 437,1731 363,1713"/>
                <Baseline points="376,1787 401,1784 426,1784 451,1784 476,1782 501,1781 526,1781 551,1780 576,1779 601,1778 627,1778 652,1776 677,1775 702,1775 727,1774 752,1773 777,1771 802,1769 827,1770 853,1772"/>
                <TextEquiv>
                    <Unicode>Ausschnitt aus:</Unicode>
                </TextEquiv>
            </TextLine>
            <TextLine id="tr_1_tl_25" custom="readingOrder {index:24;}">
                <Coords points="1811,1771 2970,1820 2918,1768 1811,1731"/>
                <Baseline points="1829,1763 1886,1767 1943,1771 2000,1770 2058,1772 2115,1775 2172,1777 2230,1781 2287,1785 2344,1789 2402,1790 2459,1793 2516,1796 2573,1798 2631,1802 2688,1803 2745,1806 2803,1810 2860,1811 2917,1814 2975,1811"/>
                <TextEquiv>
                    <Unicode>empfängt nochmals die Absage, und feuert nun aus dem Re¬</Unicode>
                </TextEquiv>
            </TextLine>
            <TextLine id="tr_1_tl_26" custom="readingOrder {index:25;}">
                <Coords points="1814,1811 2890,1873 2967,1870 2967,1820 1811,1771"/>
                <Baseline points="1832,1805 1889,1808 1946,1810 2003,1813 2060,1817 2117,1820 2174,1822 2232,1826 2289,1827 2346,1830 2403,1834 2460,1835 2517,1839 2574,1843 2632,1844 2689,1847 2746,1851 2803,1855 2860,1856 2917,1859 2975,1859"/>
                <TextEquiv>
                    <Unicode>volver eine Kugel ab, die den Civilisten in den Sand streckt</Unicode>
                </TextEquiv>
            </TextLine>
            <TextLine id="tr_1_tl_27" custom="readingOrder {index:26;}">
                <Coords points="1820,1854 2974,1910 2970,1870 2857,1857 1817,1811"/>
                <Baseline points="1835,1844 1892,1851 1949,1853 2006,1855 2063,1862 2120,1863 2177,1865 2235,1868 2292,1872 2349,1875 2406,1877 2463,1880 2520,1883 2577,1885 2635,1889 2692,1892 2749,1893 2806,1897 2863,1898 2920,1901 2978,1901"/>
                <TextEquiv>
                    <Unicode>Selbstverständlich steht im Mittelpunkt des Ehrenhandels eine</Unicode>
                </TextEquiv>
            </TextLine>
            <TextLine id="tr_1_tl_28" custom="readingOrder {index:27;}">
                <Coords points="360,1956 474,1937 535,1971 590,1977 640,1953 747,1993 763,1827 692,1817 667,1833 652,1814 600,1817 498,1863 477,1845 437,1867 369,1845"/>
                <Baseline points="379,1925 404,1928 430,1928 456,1928 482,1926 508,1925 534,1925 560,1923 585,1919 611,1916 637,1912 663,1907 689,1904 715,1904 741,1898 767,1889"/>
                <TextEquiv>
                    <Unicode>vom</Unicode>
                </TextEquiv>
            </TextLine>
            <TextLine id="tr_1_tl_29" custom="readingOrder {index:28;}">
                <Coords points="1817,1903 2970,1953 2970,1910 2890,1894 1817,1851"/>
                <Baseline points="1835,1895 1892,1896 1949,1898 2006,1900 2063,1904 2120,1907 2177,1907 2234,1912 2291,1916 2348,1917 2405,1921 2462,1925 2519,1925 2576,1928 2633,1931 2690,1931 2747,1936 2804,1938 2861,1942 2918,1943 2975,1945"/>
                <TextEquiv>
                    <Unicode>junge Dame, diesmal eine Theaterdame von vornehmer</Unicode>
                </TextEquiv>
            </TextLine>
            <TextLine id="tr_1_tl_30" custom="readingOrder {index:29;}">
                <Coords points="1811,1943 2755,2005 2958,1993 2955,1953 1808,1910"/>
                <Baseline points="1829,1934 1885,1940 1942,1942 1999,1942 2056,1945 2113,1949 2170,1951 2226,1951 2283,1954 2340,1958 2397,1962 2454,1966 2511,1967 2568,1969 2624,1971 2681,1975 2738,1979 2795,1983 2852,1984 2909,1987 2966,1987"/>
                <TextEquiv>
                    <Unicode>Empfindung und seiner Bildung. Sie ist Mitglied einer</Unicode>
                </TextEquiv>
            </TextLine>
            <TextLine id="tr_1_tl_31" custom="readingOrder {index:30;}">
                <Coords points="1808,1996 2961,2036 2958,1993 2847,1983 1805,1940"/>
                <Baseline points="1826,1978 1883,1982 1940,1984 1997,1986 2054,1990 2111,1991 2168,1993 2225,1998 2282,2000 2339,2003 2396,2007 2453,2008 2510,2012 2567,2014 2624,2016 2681,2017 2738,2020 2795,2022 2852,2026 2909,2029 2966,2026"/>
                <TextEquiv>
                    <Unicode>kleinen Kurtheater=Gesellschaft, deren Direktor die weib¬</Unicode>
                </TextEquiv>
            </TextLine>
            <TextLine id="tr_1_tl_32" custom="readingOrder {index:31;}">
                <Coords points="1814,2030 2961,2079 2958,2039 2752,2020 1814,1993"/>
                <Baseline points="1832,2023 1888,2026 1945,2028 2002,2029 2058,2032 2115,2036 2172,2040 2228,2041 2285,2044 2342,2045 2399,2051 2455,2050 2512,2054 2569,2056 2625,2058 2682,2062 2739,2063 2795,2068 2852,2073 2909,2071 2966,2068"/>
                <TextEquiv>
                    <Unicode>liche Würde viel geringer taxiert, als die scham¬</Unicode>
                </TextEquiv>
            </TextLine>
            <TextLine id="tr_1_tl_33" custom="readingOrder {index:32;}">
                <Coords points="1808,2079 1848,2069 1934,2082 1974,2073 1990,2085 2140,2091 2137,2036 2097,2048 1999,2033 1956,2048 1913,2026 1882,2036 1808,2030"/>
                <Baseline points="1826,2065 1852,2067 1879,2068 1906,2068 1933,2069 1960,2071 1987,2073 2013,2074 2040,2074 2067,2075 2094,2077 2121,2079 2148,2080"/>
                <TextEquiv>
                    <Unicode>loseste Reklame.</Unicode>
                </TextEquiv>
            </TextLine>
            <TextLine id="tr_1_tl_34" custom="readingOrder {index:33;}">
                <Coords points="2199,2094 2955,2128 2958,2079 2343,2066 2196,2039"/>
                <Baseline points="2211,2083 2248,2083 2286,2085 2324,2086 2362,2089 2399,2091 2437,2092 2475,2093 2513,2096 2550,2098 2588,2098 2626,2102 2664,2106 2701,2107 2739,2107 2777,2107 2815,2110 2852,2112 2890,2115 2928,2116 2966,2116"/>
                <TextEquiv>
                    <Unicode>Hier hat der Verfasser es sich</Unicode>
                </TextEquiv>
            </TextLine>
            <TextLine id="tr_1_tl_35" custom="readingOrder {index:34;}">
                <Coords points="1802,2116 2758,2174 2955,2171 2952,2125 1799,2073"/>
                <Baseline points="1820,2107 1877,2110 1934,2112 1991,2115 2048,2119 2105,2122 2162,2122 2220,2125 2277,2126 2334,2131 2391,2133 2448,2136 2505,2139 2562,2141 2620,2145 2677,2148 2734,2151 2791,2153 2848,2157 2905,2157 2963,2157"/>
                <TextEquiv>
                    <Unicode>nicht entgehen lassen das österreichische leichtfertige Theater¬</Unicode>
                </TextEquiv>
            </TextLine>
            <TextLine id="tr_1_tl_36" custom="readingOrder {index:35;}">
                <Coords points="627,2159 1744,2199 1716,2100 1577,2128 1402,2094 1273,2146 864,2045 624,2076"/>
                <Baseline points="644,2122 699,2127 754,2137 809,2141 864,2145 920,2145 975,2150 1030,2154 1085,2157 1140,2160 1196,2163 1251,2165 1306,2168 1361,2172 1416,2173 1472,2178 1527,2182 1582,2184 1637,2187 1692,2187 1748,2184"/>
                <TextEquiv>
                    <Unicode>Schiller-Theater. Zum ersten Male Freiwild¬</Unicode>
                </TextEquiv>
            </TextLine>
            <TextLine id="tr_1_tl_37" custom="readingOrder {index:36;}">
                <Coords points="1805,2152 2949,2214 2900,2162 1805,2116"/>
                <Baseline points="1823,2148 1879,2152 1936,2156 1993,2157 2049,2160 2106,2161 2163,2167 2219,2169 2276,2169 2333,2173 2390,2175 2446,2178 2503,2179 2560,2184 2616,2188 2673,2193 2730,2196 2786,2196 2843,2198 2900,2199 2957,2202"/>
                <TextEquiv>
                    <Unicode>Völkchen in eine scharfe satirische Beleuchtung zu stellen</Unicode>
                </TextEquiv>
            </TextLine>
            <TextLine id="tr_1_tl_38" custom="readingOrder {index:37;}">
                <Coords points="612,2183 1747,2242 1744,2202 1538,2177 612,2156"/>
                <Baseline points="629,2178 685,2178 741,2179 797,2183 854,2187 910,2188 966,2192 1022,2195 1079,2199 1135,2203 1191,2207 1247,2208 1304,2208 1360,2214 1416,2216 1472,2222 1529,2223 1585,2227 1641,2229 1697,2232 1754,2232"/>
                <TextEquiv>
                    <Unicode>Schauspiel in 3 Akten von Arthur Schnitzler. Dieses öster</Unicode>
                </TextEquiv>
            </TextLine>
            <TextLine id="tr_1_tl_39" custom="readingOrder {index:38;}">
                <Coords points="1805,2199 2958,2251 2955,2208 1802,2156"/>
                <Baseline points="1820,2193 1877,2194 1934,2198 1991,2199 2048,2202 2105,2206 2162,2208 2220,2211 2277,2214 2334,2215 2391,2219 2448,2223 2505,2224 2562,2228 2620,2229 2677,2235 2734,2236 2791,2238 2848,2241 2905,2244 2963,2241"/>
                <TextEquiv>
                    <Unicode>Aber da begegnet man auch wieder einmal der garnicht ange¬</Unicode>
                </TextEquiv>
            </TextLine>
            <TextLine id="tr_1_tl_40" custom="readingOrder {index:39;}">
                <Coords points="612,2226 1461,2288 1756,2288 1756,2242 609,2180"/>
                <Baseline points="629,2217 685,2221 742,2225 799,2228 855,2232 912,2232 969,2236 1025,2238 1082,2241 1139,2245 1196,2249 1252,2253 1309,2254 1366,2257 1422,2261 1479,2265 1536,2268 1592,2270 1649,2273 1706,2274 1763,2277"/>
                <TextEquiv>
                    <Unicode>eichische Offiziers=Drama erlebte vor wenigen Jahren seine</Unicode>
                </TextEquiv>
            </TextLine>
            <TextLine id="tr_1_tl_41" custom="readingOrder {index:40;}">
                <Coords points="1805,2245 2946,2294 2943,2257 2854,2245 1802,2205"/>
                <Baseline points="1820,2235 1876,2238 1933,2240 1990,2243 2046,2244 2103,2250 2160,2252 2216,2253 2273,2256 2330,2259 2387,2261 2443,2265 2500,2269 2557,2271 2613,2273 2670,2277 2727,2278 2783,2282 2840,2283 2897,2286 2954,2286"/>
                <TextEquiv>
                    <Unicode>nehmen Erscheinung, daß der Autor seinen Humor nicht ander¬</Unicode>
                </TextEquiv>
            </TextLine>
            <TextLine id="tr_1_tl_42" custom="readingOrder {index:41;}">
                <Coords points="606,2279 1753,2331 1750,2282 603,2220"/>
                <Baseline points="623,2262 679,2265 736,2267 793,2270 849,2274 906,2277 963,2279 1019,2283 1076,2286 1133,2287 1190,2293 1246,2295 1303,2296 1360,2301 1416,2303 1473,2307 1530,2310 1586,2312 1643,2315 1700,2319 1757,2321"/>
                <TextEquiv>
                    <Unicode>Erstaufführung im Deutschen Theater. Es ist verhältnismäßig</Unicode>
                </TextEquiv>
            </TextLine>
            <TextLine id="tr_1_tl_43" custom="readingOrder {index:42;}">
                <Coords points="1793,2288 2946,2343 2943,2294 1790,2236"/>
                <Baseline points="1811,2277 1868,2281 1925,2283 1982,2285 2039,2289 2096,2290 2153,2294 2211,2298 2268,2299 2325,2302 2382,2306 2439,2307 2496,2311 2553,2315 2611,2316 2668,2319 2725,2321 2782,2323 2839,2327 2896,2328 2954,2330"/>
                <TextEquiv>
                    <Unicode>leuchten lassen kann, als, indem er das arme Komödiantentum</Unicode>
                </TextEquiv>
            </TextLine>
            <TextLine id="tr_1_tl_44" custom="readingOrder {index:43;}">
                <Coords points="612,2315 1753,2377 1750,2334 1405,2300 612,2282"/>
                <Baseline points="629,2304 685,2308 741,2310 798,2312 854,2316 911,2319 967,2320 1023,2326 1080,2327 1136,2331 1193,2333 1249,2336 1305,2339 1362,2343 1418,2347 1475,2348 1531,2351 1587,2353 1644,2357 1700,2360 1757,2360"/>
                <TextEquiv>
                    <Unicode>ung und erscheint doch schon veraltet. „Freiwild ist durch</Unicode>
                </TextEquiv>
            </TextLine>
            <TextLine id="tr_1_tl_45" custom="readingOrder {index:44;}">
                <Coords points="1796,2334 2949,2383 2946,2343 2881,2334 1793,2288"/>
                <Baseline points="1811,2321 1868,2322 1925,2324 1982,2326 2039,2330 2096,2331 2153,2333 2211,2339 2268,2343 2325,2345 2382,2347 2439,2351 2496,2354 2553,2356 2611,2360 2668,2360 2725,2364 2782,2366 2839,2369 2896,2372 2954,2369"/>
                <TextEquiv>
                    <Unicode>vor den Augen des Publikums bloßstellt. Das aber ist über¬</Unicode>
                </TextEquiv>
            </TextLine>
            <TextLine id="tr_1_tl_46" custom="readingOrder {index:45;}">
                <Coords points="606,2355 1639,2414 1750,2411 1750,2374 603,2315"/>
                <Baseline points="623,2345 679,2349 736,2353 793,2354 849,2357 906,2361 963,2363 1019,2366 1076,2369 1133,2373 1190,2377 1246,2381 1303,2384 1360,2385 1416,2389 1473,2390 1530,2394 1586,2398 1643,2399 1700,2402 1757,2402"/>
                <TextEquiv>
                    <Unicode>veit bessere Bühnenarbeiten des schätzenswerten Autors über¬</Unicode>
                </TextEquiv>
            </TextLine>
            <TextLine id="tr_1_tl_47" custom="readingOrder {index:46;}">
                <Coords points="1796,2374 2952,2426 2949,2383 2851,2371 1796,2334"/>
                <Baseline points="1814,2366 1871,2366 1928,2368 1985,2371 2042,2372 2099,2373 2156,2377 2213,2383 2270,2385 2327,2388 2384,2392 2441,2396 2498,2397 2555,2399 2612,2401 2669,2405 2726,2406 2783,2410 2840,2411 2897,2413 2954,2414"/>
                <TextEquiv>
                    <Unicode>aus billig und ein äußerst abgetragener Stoff. Unsere Bühnen¬</Unicode>
                </TextEquiv>
            </TextLine>
            <TextLine id="tr_1_tl_48" custom="readingOrder {index:47;}">
                <Coords points="603,2398 1719,2463 1747,2414 600,2355"/>
                <Baseline points="620,2390 676,2394 733,2396 790,2398 847,2399 904,2403 961,2407 1017,2411 1074,2414 1131,2417 1188,2419 1245,2423 1302,2426 1359,2429 1415,2432 1472,2435 1529,2439 1586,2441 1643,2444 1700,2447 1757,2450"/>
                <TextEquiv>
                    <Unicode>holt worden. Es hat vor allem auch den Fehler, so specifisch</Unicode>
                </TextEquiv>
            </TextLine>
            <TextLine id="tr_1_tl_49" custom="readingOrder {index:48;}">
                <Coords points="1790,2420 2946,2469 2897,2420 2644,2398 1787,2377"/>
                <Baseline points="1808,2408 1865,2409 1922,2413 1979,2414 2037,2417 2094,2420 2151,2422 2209,2426 2266,2427 2323,2434 2381,2435 2438,2435 2495,2439 2552,2443 2610,2447 2667,2448 2724,2451 2782,2453 2839,2456 2896,2459 2954,2462"/>
                <TextEquiv>
                    <Unicode>dichter sollten, wenn sie die Jünger der Thalia auf die Bühne</Unicode>
                </TextEquiv>
            </TextLine>
            <TextLine id="tr_1_tl_50" custom="readingOrder {index:49;}">
                <Coords points="597,2442 1750,2497 1747,2463 1599,2442 593,2395"/>
                <Baseline points="611,2432 668,2435 725,2437 782,2443 840,2447 897,2447 954,2449 1012,2453 1069,2456 1126,2457 1184,2461 1241,2468 1298,2469 1355,2471 1413,2474 1470,2478 1527,2480 1585,2482 1642,2486 1699,2490 1757,2492"/>
                <TextEquiv>
                    <Unicode>österreichisch zu sein, daß es für ein norddeutsches Publikum</Unicode>
                </TextEquiv>
            </TextLine>
            <TextLine id="tr_1_tl_51" custom="readingOrder {index:50;}">
                <Coords points="1787,2463 2943,2512 2940,2466 1787,2423"/>
                <Baseline points="1805,2450 1862,2453 1919,2455 1976,2458 2033,2459 2090,2463 2147,2467 2205,2468 2262,2472 2319,2474 2376,2476 2433,2480 2490,2484 2547,2486 2605,2489 2662,2492 2719,2493 2776,2495 2833,2498 2890,2502 2948,2507"/>
                <TextEquiv>
                    <Unicode>bringen, wirklich einmal einen anderen Farbentopf benutzen,</Unicode>
                </TextEquiv>
            </TextLine>
            <TextLine id="tr_1_tl_52" custom="readingOrder {index:51;}">
                <Coords points="593,2485 1740,2540 1737,2497 590,2442"/>
                <Baseline points="608,2477 665,2478 722,2482 779,2483 836,2486 893,2489 950,2491 1007,2495 1064,2499 1121,2502 1178,2504 1235,2510 1292,2511 1349,2514 1406,2517 1463,2518 1520,2522 1577,2524 1634,2527 1691,2531 1748,2533"/>
                <TextEquiv>
                    <Unicode>mehr oder weniger unverständlich wird, wenigstens für ein</Unicode>
                </TextEquiv>
            </TextLine>
            <TextLine id="tr_1_tl_53" custom="readingOrder {index:52;}">
                <Coords points="1787,2497 2934,2552 2930,2509 1784,2460"/>
                <Baseline points="1802,2495 1859,2495 1916,2497 1973,2500 2030,2504 2087,2505 2144,2509 2201,2513 2258,2513 2315,2516 2372,2520 2429,2524 2486,2527 2543,2529 2600,2532 2657,2536 2714,2538 2771,2540 2828,2542 2885,2543 2942,2551"/>
                <TextEquiv>
                    <Unicode>als den der boshaften Satire. Immerhin sei zugestanden</Unicode>
                </TextEquiv>
            </TextLine>
            <TextLine id="tr_1_tl_54" custom="readingOrder {index:53;}">
                <Coords points="597,2528 1747,2580 1744,2540 1682,2531 597,2485"/>
                <Baseline points="614,2518 671,2521 728,2523 785,2526 842,2530 899,2533 956,2535 1013,2539 1070,2543 1127,2546 1184,2548 1241,2551 1298,2554 1355,2556 1412,2559 1469,2563 1526,2566 1583,2568 1640,2572 1697,2576 1754,2575"/>
                <TextEquiv>
                    <Unicode>Auditorium, welches den Offiziers=Comment nach preußischem</Unicode>
                </TextEquiv>
            </TextLine>
            <TextLine id="tr_1_tl_55" custom="readingOrder {index:54;}">
                <Coords points="1790,2555 2912,2601 2937,2552 1787,2503"/>
                <Baseline points="1808,2536 1864,2539 1921,2541 1978,2542 2035,2545 2092,2548 2149,2550 2205,2554 2262,2557 2319,2561 2376,2565 2433,2566 2490,2569 2547,2571 2603,2574 2660,2575 2717,2579 2774,2583 2831,2584 2888,2587 2945,2593"/>
                <TextEquiv>
                    <Unicode>daß unser Wiener Autor nicht in der Einseitigkeit beharrt.</Unicode>
                </TextEquiv>
            </TextLine>
            <TextLine id="tr_1_tl_56" custom="readingOrder {index:55;}">
                <Coords points="593,2574 1713,2632 1740,2583 590,2528"/>
                <Baseline points="611,2563 667,2564 724,2568 781,2569 838,2572 895,2575 952,2577 1008,2581 1065,2587 1122,2588 1179,2590 1236,2593 1293,2597 1350,2600 1406,2602 1463,2608 1520,2609 1577,2611 1634,2616 1691,2618 1748,2623"/>
                <TextEquiv>
                    <Unicode>Maßstabe mißt. Schon im Deutschen Theater fiel es auf, daß</Unicode>
                </TextEquiv>
            </TextLine>
            <TextLine id="tr_1_tl_57" custom="readingOrder {index:56;}">
                <Coords points="1787,2586 2900,2648 2927,2598 1784,2540"/>
                <Baseline points="1805,2578 1861,2582 1918,2584 1974,2584 2031,2590 2087,2592 2144,2596 2200,2598 2257,2599 2313,2603 2370,2601 2427,2607 2483,2611 2540,2614 2596,2616 2653,2620 2709,2623 2766,2624 2822,2628 2879,2629 2936,2632"/>
                <TextEquiv>
                    <Unicode>Anna Riedel, die junge Bühnenlünstlerin, welche die unschuldig</Unicode>
                </TextEquiv>
            </TextLine>
            <TextLine id="tr_1_tl_58" custom="readingOrder {index:57;}">
                <Coords points="590,2620 1744,2672 1740,2632 1679,2620 587,2580"/>
                <Baseline points="605,2605 662,2609 719,2611 776,2613 833,2614 890,2618 947,2622 1005,2623 1062,2631 1119,2630 1176,2634 1233,2635 1290,2639 1347,2643 1405,2644 1462,2647 1519,2651 1576,2655 1633,2659 1690,2662 1748,2665"/>
                <TextEquiv>
                    <Unicode>der ganze vom Autor geschilderte Konflikt zwischen Offizier</Unicode>
                </TextEquiv>
            </TextLine>
            <TextLine id="tr_1_tl_59" custom="readingOrder {index:58;}">
                <Coords points="1790,2629 2927,2678 2857,2632 1787,2586"/>
                <Baseline points="1808,2623 1864,2626 1920,2626 1977,2628 2033,2635 2090,2633 2146,2637 2202,2640 2259,2644 2315,2645 2372,2649 2428,2650 2484,2656 2541,2657 2597,2661 2654,2662 2710,2665 2766,2669 2823,2671 2879,2674 2936,2671"/>
                <TextEquiv>
                    <Unicode>Ursache des schweren zwischen ihrem Verlobten und dem Ober¬</Unicode>
                </TextEquiv>
            </TextLine>
            <TextLine id="tr_1_tl_60" custom="readingOrder {index:59;}">
                <Coords points="593,2657 1740,2712 1737,2672 590,2617"/>
                <Baseline points="608,2650 665,2651 722,2655 779,2656 836,2659 893,2659 950,2661 1007,2667 1064,2671 1121,2672 1178,2678 1235,2680 1292,2683 1349,2685 1406,2688 1463,2692 1520,2693 1577,2697 1634,2703 1691,2704 1748,2701"/>
                <TextEquiv>
                    <Unicode>und Civilist in seinem dramatischen Verlaufe unwahr er¬</Unicode>
                </TextEquiv>
            </TextLine>
            <TextLine id="tr_1_tl_61" custom="readingOrder {index:60;}">
                <Coords points="1784,2672 2927,2728 2924,2678 1784,2629"/>
                <Baseline points="1799,2665 1855,2666 1912,2670 1969,2671 2025,2674 2082,2678 2139,2680 2195,2683 2252,2686 2309,2689 2366,2691 2422,2695 2479,2698 2536,2699 2592,2703 2649,2704 2706,2707 2762,2708 2819,2711 2876,2715 2933,2715"/>
                <TextEquiv>
                    <Unicode>leutnant von Karinski ausgebrochenen Konflikts bildet, ist</Unicode>
                </TextEquiv>
            </TextLine>
            <TextLine id="tr_1_tl_62" custom="readingOrder {index:61;}">
                <Coords points="587,2709 1744,2758 1740,2712 1513,2691 584,2657"/>
                <Baseline points="605,2695 662,2695 719,2697 776,2700 833,2704 890,2707 947,2708 1005,2709 1062,2712 1119,2715 1176,2720 1233,2721 1290,2725 1347,2729 1405,2730 1462,2734 1519,2739 1576,2741 1633,2745 1690,2746 1748,2748"/>
                <TextEquiv>
                    <Unicode>scheinen müßte, sobald man die österreichischen Uniformen durch</Unicode>
                </TextEquiv>
            </TextLine>
            <TextLine id="tr_1_tl_63" custom="readingOrder {index:62;}">
                <Coords points="1790,2724 2921,2771 2878,2715 1787,2672"/>
                <Baseline points="1808,2712 1864,2710 1920,2714 1976,2715 2032,2718 2088,2724 2144,2724 2200,2726 2256,2727 2312,2731 2369,2735 2425,2738 2481,2739 2537,2743 2593,2747 2649,2750 2705,2751 2761,2752 2817,2756 2873,2757 2930,2760"/>
                <TextEquiv>
                    <Unicode>sehr sympathisch gezeichnet und konnte nur um so anziehenden</Unicode>
                </TextEquiv>
            </TextLine>
            <TextLine id="tr_1_tl_64" custom="readingOrder {index:63;}">
                <Coords points="418,2743 1599,2807 1734,2798 1731,2755 412,2672"/>
                <Baseline points="432,2730 497,2727 563,2724 628,2734 694,2739 759,2742 825,2744 890,2749 956,2751 1021,2754 1087,2759 1152,2760 1218,2765 1283,2769 1349,2770 1414,2778 1480,2779 1545,2784 1611,2788 1676,2790 1742,2787"/>
                <TextEquiv>
                    <Unicode>Für 50 preußische ersetzt hätte. Ein Oberleutnant gerät auf öffent¬</Unicode>
                </TextEquiv>
            </TextLine>
            <TextLine id="tr_1_tl_65" custom="readingOrder {index:64;}">
                <Coords points="1787,2758 2927,2811 2924,2771 2712,2749 1787,2721"/>
                <Baseline points="1802,2751 1858,2754 1914,2756 1971,2759 2027,2760 2084,2764 2140,2766 2196,2768 2253,2772 2309,2776 2366,2778 2422,2781 2478,2784 2535,2785 2591,2789 2648,2790 2704,2793 2760,2797 2817,2799 2873,2802 2930,2802"/>
                <TextEquiv>
                    <Unicode>erscheinen, da diese Rolle in den Händen des Frl. Marianne</Unicode>
                </TextEquiv>
            </TextLine>
            <TextLine id="tr_1_tl_66" custom="readingOrder {index:65;}">
                <Coords points="507,2774 1408,2847 1731,2847 1737,2798 504,2737"/>
                <Baseline points="525,2769 586,2771 647,2779 708,2781 769,2785 830,2789 891,2793 952,2793 1013,2798 1074,2800 1135,2802 1196,2805 1257,2809 1318,2813 1379,2817 1440,2820 1501,2822 1562,2826 1623,2829 1684,2832 1745,2838"/>
                <TextEquiv>
                    <Unicode>100 licher Bade=Promenade mit einem Civilisten in Streit,</Unicode>
                </TextEquiv>
            </TextLine>
            <TextLine id="tr_1_tl_67" custom="readingOrder {index:66;}">
                <Coords points="1784,2804 2884,2860 2921,2854 2918,2807 1780,2758"/>
                <Baseline points="1796,2790 1852,2797 1909,2799 1965,2801 2022,2802 2078,2804 2135,2810 2191,2811 2248,2814 2304,2818 2361,2820 2418,2823 2474,2826 2531,2829 2587,2833 2644,2835 2700,2838 2757,2839 2813,2841 2870,2844 2927,2850"/>
                <TextEquiv>
                    <Unicode>Wulf lag. Die Inscenierung voranschaulicht getreu und höchst</Unicode>
                </TextEquiv>
            </TextLine>
            <TextLine id="tr_1_tl_68" custom="readingOrder {index:67;}">
                <Coords points="510,2854 876,2832 1728,2894 1734,2841 507,2774"/>
                <Baseline points="525,2805 585,2811 646,2823 707,2826 768,2830 829,2832 890,2835 950,2838 1011,2843 1072,2845 1133,2849 1194,2850 1255,2853 1316,2855 1376,2859 1437,2863 1498,2865 1559,2874 1620,2874 1681,2876 1742,2880"/>
                <TextEquiv>
                    <Unicode>200 empfängt von seinem gereizten Gegner eine Züchtigung</Unicode>
                </TextEquiv>
            </TextLine>
            <TextLine id="tr_1_tl_69" custom="readingOrder {index:68;}">
                <Coords points="1777,2844 2906,2906 2921,2857 1774,2801"/>
                <Baseline points="1793,2838 1849,2839 1906,2843 1963,2844 2020,2847 2077,2848 2134,2852 2190,2853 2247,2856 2304,2860 2361,2864 2418,2868 2475,2871 2532,2872 2588,2876 2645,2877 2702,2880 2759,2882 2816,2886 2873,2889 2930,2892"/>
                <TextEquiv>
                    <Unicode>lebendig das Promenadenbild eines österreichischen Kurhauses,</Unicode>
                </TextEquiv>
            </TextLine>
            <TextLine id="tr_1_tl_70" custom="readingOrder {index:69;}">
                <Coords points="1780,2887 2927,2946 2900,2897 1777,2844"/>
                <Baseline points="1796,2880 1852,2881 1909,2885 1966,2888 2023,2892 2080,2893 2137,2895 2193,2898 2250,2901 2307,2903 2364,2905 2421,2912 2478,2913 2535,2916 2591,2918 2648,2921 2705,2924 2762,2926 2819,2930 2876,2930 2933,2933"/>
                <TextEquiv>
                    <Unicode>in welchem zahlreiche Uniformen zum flotten Stil gehören.</Unicode>
                </TextEquiv>
            </TextLine>
            <TextLine id="tr_1_tl_71" custom="readingOrder {index:70;}">
                <Coords points="449,2927 664,2875 926,2881 2915,3001 2912,2940 2854,2934 446,2823"/>
                <Baseline points="465,2895 586,2882 702,2874 826,2875 949,2883 1073,2889 1196,2895 1319,2904 1443,2906 1566,2914 1690,2921 1813,2924 1936,2931 2060,2936 2183,2942 2307,2950 2430,2955 2553,2963 2677,2969 2800,2975 2924,2981"/>
                <TextEquiv>
                    <Unicode>100 und läßt sich von den Kameraden rasch abführen. Nur die Mundart konnte nicht durchweg innegehalten werden.</Unicode>
                </TextEquiv>
            </TextLine>
            <TextLine id="tr_1_tl_72" custom="readingOrder {index:71;}">
                <Coords points="517,2955 1276,2930 1276,2903 1039,2884 1009,2903 815,2875 517,2897"/>
                <Baseline points="534,2942 571,2939 608,2939 646,2939 683,2937 721,2936 758,2935 796,2933 833,2933 871,2933 908,2931 945,2930 983,2929 1020,2927 1058,2927 1095,2925 1133,2924 1170,2924 1208,2924 1245,2924 1283,2924"/>
                <TextEquiv>
                    <Unicode>Im Gegensatze zu anderen Bureau¬</Unicode>
                </TextEquiv>
            </TextLine>
            <TextLine id="tr_1_tl_73" custom="readingOrder {index:72;}">
                <Coords points="400,3004 1584,2952 1710,2989 1710,2930 1556,2915 680,2955 403,2927"/>
                <Baseline points="417,2984 485,2981 553,2981 622,2978 690,2975 758,2973 827,2972 895,2970 963,2968 1032,2966 1100,2965 1169,2963 1237,2962 1305,2958 1374,2956 1442,2949 1510,2951 1579,2948 1647,2951 1716,2954"/>
                <TextEquiv>
                    <Unicode>Abonnement durch keine bestimmte Zeitdauer begrenzt, auch</Unicode>
                </TextEquiv>
            </TextLine>
            <TextLine id="tr_1_tl_74" custom="readingOrder {index:73;}">
                <Coords points="403,3032 627,3057 769,3017 944,3060 1122,3010 1378,3044 1470,2998 1664,2998 1584,2949 403,2998"/>
                <Baseline points="420,3023 482,3022 545,3020 607,3017 670,3017 732,3014 795,3014 857,3012 920,3008 982,3008 1045,3008 1108,3004 1170,3002 1233,3001 1295,2999 1358,2996 1420,2993 1483,2993 1545,2989 1608,2987 1671,2987"/>
                <TextEquiv>
                    <Unicode>Abonnenten frei die aufgegebenen Themen zu ergänzen oder zu ändern.</Unicode>
                </TextEquiv>
            </TextLine>
            <TextLine id="tr_1_tl_75" custom="readingOrder {index:74;}">
                <Coords points="1771,2989 2924,3044 2921,2995 1768,2937"/>
                <Baseline points="1787,2981 1844,2981 1901,2983 1958,2989 2015,2987 2072,2991 2129,2995 2187,2996 2244,3000 2301,3002 2358,3007 2415,3008 2472,3012 2529,3016 2587,3020 2644,3023 2701,3024 2758,3028 2815,3032 2872,3036 2930,3038"/>
                <TextEquiv>
                    <Unicode>Herr Gregori, welcher den beleidigten Oberleutnant mit der</Unicode>
                </TextEquiv>
            </TextLine>
            <TextLine id="tr_1_tl_76" custom="readingOrder {index:75;}">
                <Coords points="1765,3038 2869,3093 2918,3090 2918,3047 1762,2983"/>
                <Baseline points="1781,3023 1838,3026 1895,3028 1952,3029 2010,3032 2067,3036 2124,3040 2182,3044 2239,3045 2296,3047 2354,3049 2411,3050 2468,3054 2525,3058 2583,3062 2640,3066 2697,3069 2755,3073 2812,3074 2869,3078 2927,3080"/>
                <TextEquiv>
                    <Unicode>entschlossenen Haltung, die immer mehr und mehr zur ver¬</Unicode>
                </TextEquiv>
            </TextLine>
            <TextLine id="tr_1_tl_77" custom="readingOrder {index:76;}">
                <Coords points="520,3106 1599,3100 1707,3087 1710,3032 523,3041"/>
                <Baseline points="537,3103 595,3106 654,3105 713,3103 772,3100 831,3098 889,3095 948,3095 1007,3095 1066,3093 1125,3092 1183,3089 1242,3088 1301,3084 1360,3083 1419,3083 1477,3081 1536,3080 1595,3077 1654,3075 1713,3074"/>
                <TextEquiv>
                    <Unicode>Der „OBSERVER“ veranstaltet täglich einen Auszug enthalte</Unicode>
                </TextEquiv>
            </TextLine>
            <TextLine id="tr_1_tl_78" custom="readingOrder {index:77;}">
                <Coords points="1777,3078 2915,3130 2912,3087 2844,3081 1774,3032"/>
                <Baseline points="1790,3068 1846,3069 1903,3073 1959,3074 2016,3074 2072,3080 2129,3082 2185,3085 2242,3086 2298,3090 2355,3094 2412,3095 2468,3097 2525,3101 2581,3105 2638,3109 2694,3112 2751,3113 2807,3119 2864,3121 2921,3124"/>
                <TextEquiv>
                    <Unicode>hängnisvollen Katastrophe treibt, würdig und angemessen gab,</Unicode>
                </TextEquiv>
            </TextLine>
            <TextLine id="tr_1_tl_79" custom="readingOrder {index:78;}">
                <Coords points="412,3155 1707,3121 1645,3081 646,3121 415,3093"/>
                <Baseline points="429,3151 493,3148 557,3145 621,3145 685,3142 750,3141 814,3136 878,3136 942,3136 1006,3133 1071,3131 1135,3130 1199,3128 1263,3124 1327,3121 1392,3118 1456,3118 1520,3118 1584,3115 1648,3113 1713,3115"/>
                <TextEquiv>
                    <Unicode>Inhaltsangabe aller wichtigen Mittheilungen der Wiener Mo¬</Unicode>
                </TextEquiv>
            </TextLine>
            <TextLine id="tr_1_tl_80" custom="readingOrder {index:79;}">
                <Coords points="1765,3112 2866,3180 2927,3176 2927,3133 1762,3069"/>
                <Baseline points="1781,3106 1838,3110 1896,3114 1954,3115 2012,3118 2069,3119 2127,3123 2185,3127 2243,3130 2300,3132 2358,3136 2416,3139 2474,3140 2531,3144 2589,3148 2647,3152 2705,3156 2762,3160 2820,3163 2878,3164 2936,3166"/>
                <TextEquiv>
                    <Unicode>verzichtete aber auf die eigentliche Lokalfarbe des Idions, das</Unicode>
                </TextEquiv>
            </TextLine>
            <TextLine id="tr_1_tl_81" custom="readingOrder {index:80;}">
                <Coords points="409,3198 1697,3164 1700,3118 409,3158"/>
                <Baseline points="426,3187 490,3187 554,3184 618,3184 682,3181 746,3179 810,3178 874,3175 938,3175 1002,3172 1066,3170 1130,3169 1194,3166 1258,3163 1322,3160 1386,3157 1450,3157 1514,3155 1578,3154 1642,3152 1707,3151"/>
                <TextEquiv>
                    <Unicode>blätter (Tagesjournale ausser „Neue Freie Presse“ und „Wiener Ze</Unicode>
                </TextEquiv>
            </TextLine>
            <TextLine id="tr_1_tl_82" custom="readingOrder {index:81;}">
                <Coords points="1774,3167 2912,3213 2909,3176 2835,3164 1771,3118"/>
                <Baseline points="1787,3151 1843,3155 1900,3157 1957,3159 2013,3163 2070,3164 2127,3166 2183,3169 2240,3172 2297,3175 2354,3177 2410,3181 2467,3185 2524,3187 2580,3189 2637,3196 2694,3198 2750,3204 2807,3207 2864,3208 2921,3208"/>
                <TextEquiv>
                    <Unicode>Herr Albert Patry als Kamerad Vogel wieder flott zu hand¬</Unicode>
                </TextEquiv>
            </TextLine>
            <TextLine id="tr_1_tl_83" custom="readingOrder {index:82;}">
                <Coords points="412,3238 1682,3201 1707,3161 412,3195"/>
                <Baseline points="429,3226 493,3224 557,3223 621,3221 685,3220 749,3217 813,3217 877,3214 941,3212 1005,3211 1069,3209 1133,3208 1197,3206 1261,3202 1325,3202 1389,3199 1453,3196 1517,3196 1581,3193 1645,3190 1710,3190"/>
                <TextEquiv>
                    <Unicode>wodurch eine Uebersicht über das gesammte politische und wirthschaftliche</Unicode>
                </TextEquiv>
            </TextLine>
            <TextLine id="tr_1_tl_84" custom="readingOrder {index:83;}">
                <Coords points="1759,3201 2817,3263 2912,3260 2912,3213 1756,3158"/>
                <Baseline points="1775,3193 1832,3197 1889,3199 1946,3201 2004,3205 2061,3206 2118,3210 2176,3211 2233,3215 2290,3218 2348,3222 2405,3223 2462,3227 2519,3231 2577,3235 2634,3238 2691,3239 2749,3243 2806,3247 2863,3251 2921,3256"/>
                <TextEquiv>
                    <Unicode>haben verstand. Ein Kabinettstück von echt österreichischem</Unicode>
                </TextEquiv>
            </TextLine>
            <TextLine id="tr_1_tl_85" custom="readingOrder {index:84;}">
                <Coords points="415,3275 1694,3269 1660,3195 418,3238"/>
                <Baseline points="432,3265 495,3265 558,3264 622,3259 685,3259 749,3257 812,3256 876,3253 939,3253 1003,3250 1066,3250 1129,3247 1193,3247 1256,3244 1320,3241 1383,3238 1447,3238 1510,3236 1574,3234 1637,3232 1701,3232"/>
                <TextEquiv>
                    <Unicode>des In- und Auslandes in drastischer Kürze geboten wird. Diese Mitthe</Unicode>
                </TextEquiv>
            </TextLine>
            <TextLine id="tr_1_tl_86" custom="readingOrder {index:85;}">
                <Coords points="1765,3244 2807,3306 2918,3306 2918,3263 1762,3204"/>
                <Baseline points="1781,3238 1838,3241 1895,3243 1952,3246 2009,3250 2066,3251 2123,3253 2181,3256 2238,3260 2295,3262 2352,3264 2409,3265 2466,3269 2523,3274 2581,3280 2638,3280 2695,3284 2752,3287 2809,3291 2866,3294 2924,3294"/>
                <TextEquiv>
                    <Unicode>Wesen und getreu nach dem Leben war der Theaterdirektor</Unicode>
                </TextEquiv>
            </TextLine>
            <TextLine id="tr_1_tl_87" custom="readingOrder {index:86;}">
                <Coords points="421,3333 630,3339 738,3312 769,3336 824,3312 950,3346 1024,3299 1193,3306 1193,3253 1107,3247 421,3275"/>
                <Baseline points="438,3303 476,3304 514,3303 552,3302 590,3300 629,3299 667,3297 705,3297 743,3297 781,3295 820,3294 858,3294 896,3294 934,3291 972,3291 1011,3289 1049,3288 1087,3287 1125,3286 1163,3286 1202,3286"/>
                <TextEquiv>
                    <Unicode>werden in Wien um 9 Uhr Früh verschickt.</Unicode>
                </TextEquiv>
            </TextLine>
            <TextLine id="tr_1_tl_88" custom="readingOrder {index:87;}">
                <Coords points="1753,3290 2909,3346 2906,3296 1753,3253"/>
                <Baseline points="1769,3280 1826,3287 1883,3288 1940,3288 1997,3291 2054,3294 2111,3296 2169,3297 2226,3301 2283,3306 2340,3306 2397,3309 2454,3313 2511,3315 2569,3318 2626,3322 2683,3328 2740,3330 2797,3333 2854,3336 2912,3339"/>
                <TextEquiv>
                    <Unicode>Schneider des Herrn Pategg, wie denn auch die seine Charak¬</Unicode>
                </TextEquiv>
            </TextLine>
            <TextLine id="tr_1_tl_89" custom="readingOrder {index:88;}">
                <Coords points="1747,3346 2829,3413 2918,3410 2915,3339 1744,3284"/>
                <Baseline points="1763,3324 1820,3328 1878,3330 1936,3333 1994,3336 2052,3337 2110,3341 2168,3345 2226,3348 2284,3350 2342,3354 2399,3355 2457,3358 2515,3362 2573,3366 2631,3370 2689,3374 2747,3378 2805,3379 2863,3381 2921,3378"/>
                <TextEquiv>
                    <Unicode>teristik des Herrn Hochhaus als Poldi Grehlinger gerühmt</Unicode>
                </TextEquiv>
            </TextLine>
            <TextLine id="tr_1_tl_90" custom="readingOrder {index:89;}">
                <Coords points="723,3395 1168,3419 1252,3382 1362,3426 1519,3407 1522,3309 1479,3303 938,3355 821,3312 726,3330"/>
                <Baseline points="740,3384 779,3383 818,3381 858,3381 897,3381 937,3381 976,3379 1015,3378 1055,3377 1094,3375 1134,3374 1173,3372 1212,3372 1252,3369 1291,3367 1331,3366 1370,3366 1409,3365 1449,3363 1488,3363 1528,3363"/>
                <TextEquiv>
                    <Unicode>Prospecte gratis und franco.</Unicode>
                </TextEquiv>
            </TextLine>
            <TextLine id="tr_1_tl_91" custom="readingOrder {index:90;}">
                <Coords points="1750,3389 1793,3389 1808,3379 1827,3389 1854,3379 1882,3386 1903,3373 1974,3401 2002,3395 1999,3336 1962,3349 1906,3330 1873,3343 1793,3333 1787,3343 1774,3336 1747,3346"/>
                <Baseline points="1763,3369 1790,3371 1817,3372 1844,3372 1871,3373 1899,3375 1926,3377 1953,3379 1980,3381 2008,3384"/>
                <TextEquiv>
                    <Unicode>werden muß.</Unicode>
                </TextEquiv>
            </TextLine>
            <TextEquiv>
                <Unicode></Unicode>
            </TextEquiv>
        </TextRegion>
    </Page>
</PcGts>
