<?xml version="1.0" encoding="UTF-8" standalone="yes"?>
<PcGts xmlns="http://schema.primaresearch.org/PAGE/gts/pagecontent/2013-07-15" xmlns:xsi="http://www.w3.org/2001/XMLSchema-instance" xsi:schemaLocation="http://schema.primaresearch.org/PAGE/gts/pagecontent/2013-07-15 http://schema.primaresearch.org/PAGE/gts/pagecontent/2013-07-15/pagecontent.xsd">
    <Metadata>
        <Creator>prov=READ-COOP:name=PyLaia@TranskribusPlatform:version=2.12.1:model_id=39995:lm=provided:date=28_03_2024_21:32</Creator>
        <Created>2019-10-07T11:47:14.163+02:00</Created>
        <LastChange>2024-03-28T21:32:17.001+01:00</LastChange>
        <TranskribusMetadata docId="223990" pageId="9503933" pageNr="100" tsid="156390163" status="IN_PROGRESS" userId="40391" imgUrl="https://files.transkribus.eu/Get?id=CQGAAAZAICSSSMARFCPQMCRA&amp;fileType=view" xmlUrl="https://files.transkribus.eu/Get?id=JLFWULVVIURNKIGBLBLDALIX" imageId="6194147"/>
    </Metadata>
    <Page imageFilename="223990_0100.jpeg" imageWidth="3484" imageHeight="4384">
        <ReadingOrder>
            <OrderedGroup id="ro_1712662607082" caption="Regions reading order">
                <RegionRefIndexed index="0" regionRef="tr_1"/>
                <RegionRefIndexed index="1" regionRef="tr_2"/>
                <RegionRefIndexed index="2" regionRef="tr_3"/>
                <RegionRefIndexed index="3" regionRef="tr_4"/>
                <RegionRefIndexed index="4" regionRef="tr_5"/>
            </OrderedGroup>
        </ReadingOrder>
        <TextRegion orientation="0.0" id="tr_1" custom="readingOrder {index:0;}">
            <Coords points="149,101 149,253 283,253 283,101"/>
            <TextLine id="tr_1_tl_1" custom="readingOrder {index:0;}">
                <Coords points="140,234 174,233 210,206 219,212 276,209 280,180 268,185 248,180 204,142 179,142 164,158 139,154"/>
                <Baseline points="149,203 175,201 202,201 229,202 256,203 283,203"/>
                <TextEquiv>
                    <Unicode>18.</Unicode>
                </TextEquiv>
            </TextLine>
            <TextEquiv>
                <Unicode></Unicode>
            </TextEquiv>
        </TextRegion>
        <TextRegion orientation="0.0" id="tr_2" custom="readingOrder {index:1;}">
            <Coords points="345,101 345,267 436,267 436,101"/>
            <TextLine id="tr_2_tl_1" custom="readingOrder {index:0;}">
                <Coords points="337,194 352,194 364,206 379,210 404,204 410,210 419,206 432,209 434,143 400,146 370,160 358,149 339,148"/>
                <Baseline points="345,210 375,202 405,201 436,209"/>
                <TextEquiv>
                    <Unicode>re</Unicode>
                </TextEquiv>
            </TextLine>
            <TextLine id="tr_2_tl_2" custom="readingOrder {index:1;}">
                <Coords points="336,242 347,242 352,237 359,239 373,230 388,227 392,231 397,228 404,231 415,225 431,225 432,201 412,204 407,200 395,200 386,207 371,207 352,192 337,194"/>
                <Baseline points="345,210 375,217 405,217 436,209"/>
                <TextEquiv>
                    <Unicode>.</Unicode>
                </TextEquiv>
            </TextLine>
            <TextEquiv>
                <Unicode></Unicode>
            </TextEquiv>
        </TextRegion>
        <TextRegion orientation="0.0" id="tr_3" custom="readingOrder {index:2;}">
            <Coords points="860,106 860,262 1257,262 1257,106"/>
            <TextLine id="tr_3_tl_1" custom="readingOrder {index:0;}">
                <Coords points="852,212 989,237 1060,212 1203,228 1253,216 1251,149 1194,143 1174,157 1132,142 1019,173 939,163 922,176 887,149 850,149"/>
                <Baseline points="860,206 886,206 912,206 939,206 965,207 992,209 1018,211 1045,212 1071,212 1098,212 1124,212 1151,212 1177,212 1204,212 1230,212 1257,212"/>
                <TextEquiv>
                    <Unicode>box 14/2</Unicode>
                </TextEquiv>
            </TextLine>
            <TextEquiv>
                <Unicode></Unicode>
            </TextEquiv>
        </TextRegion>
        <TextRegion orientation="0.0" id="tr_4" custom="readingOrder {index:3;}">
            <Coords points="1800,407 1800,3937 3075,3937 3075,407"/>
            <TextLine id="tr_4_tl_1" custom="readingOrder {index:0;}">
                <Coords points="1816,435 1833,432 1869,444 1919,431 1962,462 1986,444 2012,440 2009,376 1985,377 1965,391 1933,373 1913,377 1900,391 1870,376 1815,389"/>
                <Baseline points="1824,427 1851,427 1878,428 1905,429 1933,430 1960,430 1987,432 2015,436"/>
                <TextEquiv>
                    <Unicode>Nr. 46.</Unicode>
                </TextEquiv>
            </TextLine>
            <TextLine id="tr_4_tl_2" custom="readingOrder {index:1;}">
                <Coords points="2796,455 2815,449 2865,476 2939,456 2984,483 3056,462 3073,470 3070,415 2984,406 2951,385 2915,403 2895,389 2842,403 2818,388 2793,394"/>
                <Baseline points="2804,450 2831,448 2858,447 2885,447 2912,448 2939,450 2966,452 2993,454 3020,455 3047,457 3075,459"/>
                <TextEquiv>
                    <Unicode>Die Gege</Unicode>
                </TextEquiv>
            </TextLine>
            <TextLine id="tr_4_tl_3" custom="readingOrder {index:2;}">
                <Coords points="1816,573 2997,601 2996,538 1816,511"/>
                <Baseline points="1824,564 1882,561 1941,561 2000,564 2059,564 2118,564 2177,567 2235,567 2294,568 2353,570 2412,573 2471,573 2530,573 2589,573 2647,576 2706,578 2765,579 2824,580 2883,582 2942,585 3001,588"/>
                <TextEquiv>
                    <Unicode>zügliche Schauspieler halfen dem Verfasser über bedenkliche, unfreiwillig</Unicode>
                </TextEquiv>
            </TextLine>
            <TextLine id="tr_4_tl_4" custom="readingOrder {index:3;}">
                <Coords points="1816,613 2997,626 2810,582 1816,574"/>
                <Baseline points="1824,603 1882,600 1941,602 2000,603 2059,603 2118,605 2177,606 2235,609 2294,610 2353,610 2412,609 2471,612 2530,614 2589,615 2647,616 2706,618 2765,618 2824,619 2883,621 2942,621 3001,621"/>
                <TextEquiv>
                    <Unicode>humoristische Seenen hinweg. Schönthan und sein Dresdener Ge¬</Unicode>
                </TextEquiv>
            </TextLine>
            <TextLine id="tr_4_tl_5" custom="readingOrder {index:4;}">
                <Coords points="1819,646 3000,676 2999,634 2914,626 1819,613"/>
                <Baseline points="1827,642 1885,642 1944,642 2003,642 2062,642 2121,644 2180,648 2238,648 2297,648 2356,650 2415,651 2474,651 2533,653 2592,654 2650,657 2709,657 2768,657 2827,658 2886,659 2945,659 3004,665"/>
                <TextEquiv>
                    <Unicode>noß Koppel hatte im Lessing=Theater weder das gleiche Glück mit den</Unicode>
                </TextEquiv>
            </TextLine>
            <TextLine id="tr_4_tl_6" custom="readingOrder {index:5;}">
                <Coords points="1812,689 2863,719 2997,710 2997,677 1810,637"/>
                <Baseline points="1818,677 1877,678 1936,680 1995,683 2054,683 2113,683 2172,683 2232,686 2291,686 2350,689 2409,689 2468,689 2527,691 2586,692 2646,695 2705,695 2764,695 2823,698 2882,700 2941,701 3001,701"/>
                <TextEquiv>
                    <Unicode>Komödianten, noch fanden sie im Parkett irgend Jemanden, der ihrem</Unicode>
                </TextEquiv>
            </TextLine>
            <TextLine id="tr_4_tl_7" custom="readingOrder {index:6;}">
                <Coords points="1825,728 2999,753 2997,708 1825,687"/>
                <Baseline points="1833,719 1891,719 1949,721 2008,722 2066,723 2125,725 2183,725 2241,725 2300,726 2358,728 2417,728 2475,729 2533,731 2592,731 2650,734 2709,736 2767,737 2825,737 2884,738 2942,740 3001,737"/>
                <TextEquiv>
                    <Unicode>soweit ganz nett gemeinten Lustspielchen von der goldenen Eva einiges</Unicode>
                </TextEquiv>
            </TextLine>
            <TextLine id="tr_4_tl_8" custom="readingOrder {index:7;}">
                <Coords points="1816,767 2996,795 2994,755 2897,743 1816,729"/>
                <Baseline points="1824,761 1882,758 1941,760 2000,761 2058,761 2117,763 2176,764 2234,764 2293,765 2352,767 2411,770 2469,767 2528,769 2587,770 2645,773 2704,775 2763,776 2821,776 2880,778 2939,779 2998,782"/>
                <TextEquiv>
                    <Unicode>Interesse abgewann. Wir kennen genugsam die reiche, junge Wittwe,</Unicode>
                </TextEquiv>
            </TextLine>
            <TextLine id="tr_4_tl_9" custom="readingOrder {index:8;}">
                <Coords points="1810,804 2993,828 2954,781 1810,762"/>
                <Baseline points="1818,797 1876,797 1935,799 1994,800 2053,801 2112,803 2171,803 2229,806 2288,806 2347,806 2406,806 2465,809 2524,809 2583,809 2641,812 2700,812 2759,815 2818,815 2877,817 2936,818 2995,818"/>
                <TextEquiv>
                    <Unicode>die so gern einem adligen Herrn in's Ehebett folgen möchte und die</Unicode>
                </TextEquiv>
            </TextLine>
            <TextLine id="tr_4_tl_10" custom="readingOrder {index:9;}">
                <Coords points="1816,841 2974,874 2994,826 1815,804"/>
                <Baseline points="1824,839 1882,836 1941,838 2000,839 2058,840 2117,842 2176,842 2234,845 2293,845 2352,845 2411,848 2469,848 2528,850 2587,851 2645,851 2704,853 2763,854 2821,855 2880,857 2939,860 2998,863"/>
                <TextEquiv>
                    <Unicode>darüber die treue Liebe eines redlichen, hübschen Bürgerjungen fast ganz</Unicode>
                </TextEquiv>
            </TextLine>
            <TextLine id="tr_4_tl_11" custom="readingOrder {index:10;}">
                <Coords points="1819,883 2999,902 2821,860 1819,843"/>
                <Baseline points="1827,877 1885,876 1944,877 2003,877 2061,880 2120,880 2179,883 2237,883 2296,883 2355,885 2414,886 2472,886 2531,888 2590,889 2648,890 2707,892 2766,892 2824,895 2883,895 2942,895 3001,895"/>
                <TextEquiv>
                    <Unicode>übersieht. Wir kennen nicht minder gut den verarmten, ewig hungrigen</Unicode>
                </TextEquiv>
            </TextLine>
            <TextLine id="tr_4_tl_12" custom="readingOrder {index:11;}">
                <Coords points="1810,916 2981,945 2991,905 1809,877"/>
                <Baseline points="1818,910 1876,916 1935,916 1994,916 2053,919 2112,919 2171,922 2229,922 2288,922 2347,922 2406,925 2465,925 2524,927 2583,931 2641,929 2700,931 2759,931 2818,932 2877,934 2936,934 2995,934"/>
                <TextEquiv>
                    <Unicode>Wappenträger, der nur noch von Wucherers Zärtlichkeit lebt und der</Unicode>
                </TextEquiv>
            </TextLine>
            <TextLine id="tr_4_tl_13" custom="readingOrder {index:12;}">
                <Coords points="1819,965 2991,992 2960,939 1819,917"/>
                <Baseline points="1827,952 1885,953 1943,957 2002,958 2060,958 2119,960 2177,963 2235,961 2294,962 2352,964 2411,964 2469,965 2527,969 2586,970 2644,970 2703,970 2761,973 2819,970 2878,973 2936,975 2995,976"/>
                <TextEquiv>
                    <Unicode>jener Wittib rundliche Fülle ungalant und kurzsichtig genug für den Stroh¬</Unicode>
                </TextEquiv>
            </TextLine>
            <TextLine id="tr_4_tl_14" custom="readingOrder {index:13;}">
                <Coords points="1819,999 2990,1022 2915,981 1819,965"/>
                <Baseline points="1827,994 1885,994 1943,994 2001,997 2060,997 2118,998 2176,1000 2234,1000 2293,1001 2351,1003 2409,1003 2467,1004 2526,1006 2584,1009 2642,1009 2700,1009 2759,1009 2817,1012 2875,1013 2933,1015 2992,1015"/>
                <TextEquiv>
                    <Unicode>halm hält, daran er sich aus dem Wasser auf's Trockene retten kann.</Unicode>
                </TextEquiv>
            </TextLine>
            <TextLine id="tr_4_tl_15" custom="readingOrder {index:14;}">
                <Coords points="1816,1036 2997,1057 2975,1020 1816,998"/>
                <Baseline points="1824,1030 1882,1033 1941,1033 2000,1036 2059,1036 2118,1038 2177,1039 2235,1040 2294,1042 2353,1044 2412,1042 2471,1045 2530,1047 2589,1048 2647,1048 2706,1050 2765,1051 2824,1051 2883,1053 2942,1054 3001,1054"/>
                <TextEquiv>
                    <Unicode>Auch wie die Geschichte ausgeht, wissen wir. Schönthan und Koppel</Unicode>
                </TextEquiv>
            </TextLine>
            <TextLine id="tr_4_tl_16" custom="readingOrder {index:15;}">
                <Coords points="1822,1086 2993,1104 2991,1059 1822,1038"/>
                <Baseline points="1830,1075 1888,1072 1946,1074 2004,1075 2063,1078 2121,1078 2179,1078 2237,1081 2296,1081 2354,1083 2412,1084 2470,1084 2529,1086 2587,1087 2645,1088 2703,1090 2762,1090 2820,1090 2878,1091 2936,1095 2995,1096"/>
                <TextEquiv>
                    <Unicode>fiel, als sie ein neues Lustspiel zusammenschneiden wollten, zum Unglück</Unicode>
                </TextEquiv>
            </TextLine>
            <TextLine id="tr_4_tl_17" custom="readingOrder {index:16;}">
                <Coords points="1816,1118 2990,1139 2988,1098 1816,1090"/>
                <Baseline points="1824,1110 1882,1111 1940,1113 1999,1113 2057,1114 2116,1116 2174,1116 2232,1119 2291,1119 2349,1121 2408,1122 2466,1123 2524,1125 2583,1125 2641,1125 2700,1127 2758,1128 2816,1131 2875,1131 2933,1133 2992,1131"/>
                <TextEquiv>
                    <Unicode>nur diese, nicht eben lang verklungene Mär ein. Sie dachten sündhaft</Unicode>
                </TextEquiv>
            </TextLine>
            <TextLine id="tr_4_tl_18" custom="readingOrder {index:17;}">
                <Coords points="1810,1157 2905,1189 2987,1181 2987,1139 1809,1118"/>
                <Baseline points="1818,1149 1876,1150 1935,1152 1993,1152 2052,1154 2110,1154 2169,1157 2227,1158 2286,1158 2344,1160 2403,1161 2462,1162 2520,1166 2579,1164 2637,1167 2696,1167 2754,1167 2813,1170 2871,1170 2930,1172 2989,1170"/>
                <TextEquiv>
                    <Unicode>bei sich, den Leuten Sand in die Augen streuen zu können, wenn sie</Unicode>
                </TextEquiv>
            </TextLine>
            <TextLine id="tr_4_tl_19" custom="readingOrder {index:18;}">
                <Coords points="1813,1196 2906,1224 2991,1221 2991,1181 1812,1157"/>
                <Baseline points="1821,1188 1879,1191 1938,1191 1997,1191 2055,1194 2114,1194 2173,1197 2231,1197 2290,1198 2349,1200 2408,1200 2466,1203 2525,1205 2584,1203 2642,1206 2701,1206 2760,1206 2818,1209 2877,1211 2936,1209 2995,1212"/>
                <TextEquiv>
                    <Unicode>die pikante Handlung rasch in's sechzehnte Jahrhundert verlegten, den</Unicode>
                </TextEquiv>
            </TextLine>
            <TextLine id="tr_4_tl_20" custom="readingOrder {index:19;}">
                <Coords points="1810,1236 2988,1262 2966,1212 1810,1194"/>
                <Baseline points="1818,1227 1876,1228 1935,1230 1994,1233 2052,1233 2111,1233 2170,1236 2228,1236 2287,1239 2346,1239 2405,1239 2463,1241 2522,1241 2581,1242 2639,1243 2698,1245 2757,1245 2815,1249 2874,1251 2933,1251 2992,1254"/>
                <TextEquiv>
                    <Unicode>Dialog so einrichteten, daß er hinten klapperte, und den Director zwangen,</Unicode>
                </TextEquiv>
            </TextLine>
            <TextLine id="tr_4_tl_21" custom="readingOrder {index:20;}">
                <Coords points="1816,1282 2990,1308 2988,1260 2903,1251 1815,1236"/>
                <Baseline points="1824,1269 1882,1269 1940,1269 1999,1272 2057,1273 2116,1275 2174,1275 2232,1275 2291,1278 2349,1278 2408,1278 2466,1278 2524,1280 2583,1278 2641,1281 2700,1283 2758,1287 2816,1290 2875,1290 2933,1288 2992,1290"/>
                <TextEquiv>
                    <Unicode>für Kostüme große Ausgaben zu machen. Aber das mißlang schmählich</Unicode>
                </TextEquiv>
            </TextLine>
            <TextLine id="tr_4_tl_22" custom="readingOrder {index:21;}">
                <Coords points="1813,1326 2984,1335 2938,1291 1813,1287"/>
                <Baseline points="1821,1311 1879,1310 1937,1310 1995,1311 2054,1311 2112,1312 2170,1314 2228,1316 2287,1316 2345,1316 2403,1316 2461,1316 2520,1316 2578,1316 2636,1319 2694,1320 2753,1324 2811,1325 2869,1328 2927,1328 2986,1328"/>
                <TextEquiv>
                    <Unicode>am Kronprinzenufer, um in der Charlottenstraße um so besser zu glücken.</Unicode>
                </TextEquiv>
            </TextLine>
            <TextLine id="tr_4_tl_23" custom="readingOrder {index:22;}">
                <Coords points="1915,1354 2987,1372 2963,1332 1915,1314"/>
                <Baseline points="1923,1346 1976,1349 2029,1349 2082,1351 2136,1352 2189,1352 2242,1352 2296,1353 2349,1355 2402,1355 2456,1352 2509,1352 2562,1356 2615,1358 2669,1358 2722,1361 2775,1361 2829,1364 2882,1364 2935,1364 2989,1367"/>
                <TextEquiv>
                    <Unicode>Wer, wie ich, im Berliner Theater dem ersten Akte des anderen Lust¬</Unicode>
                </TextEquiv>
            </TextLine>
            <TextLine id="tr_4_tl_24" custom="readingOrder {index:23;}">
                <Coords points="1810,1391 2959,1418 2988,1379 1809,1330"/>
                <Baseline points="1818,1388 1876,1388 1935,1388 1994,1388 2052,1388 2111,1390 2170,1391 2228,1394 2287,1391 2346,1393 2405,1394 2463,1392 2522,1394 2581,1394 2639,1398 2698,1400 2757,1400 2815,1405 2874,1405 2933,1406 2992,1406"/>
                <TextEquiv>
                    <Unicode>spiels in Versen: Renaissance ohne Theaterzettel, ja zufällig auch ohne</Unicode>
                </TextEquiv>
            </TextLine>
            <TextLine id="tr_4_tl_25" custom="readingOrder {index:24;}">
                <Coords points="1813,1442 2987,1449 2914,1403 1813,1391"/>
                <Baseline points="1821,1424 1879,1424 1937,1426 1996,1424 2054,1428 2113,1428 2171,1429 2229,1430 2288,1429 2346,1429 2405,1433 2463,1431 2521,1433 2580,1433 2638,1434 2697,1436 2755,1439 2813,1442 2872,1442 2930,1442 2989,1442"/>
                <TextEquiv>
                    <Unicode>Kenntniß des Titels und des Verfassers, ohne Beeinflussung und Vor¬</Unicode>
                </TextEquiv>
            </TextLine>
            <TextLine id="tr_4_tl_26" custom="readingOrder {index:25;}">
                <Coords points="1810,1470 3002,1484 3002,1445 1810,1439"/>
                <Baseline points="1818,1463 1877,1463 1936,1463 1995,1463 2055,1464 2114,1466 2173,1466 2233,1466 2292,1466 2351,1469 2411,1469 2470,1469 2529,1469 2588,1470 2648,1472 2707,1475 2766,1478 2826,1478 2885,1480 2944,1481 3004,1478"/>
                <TextEquiv>
                    <Unicode>eingenommenheit rein als kritischer Waisenknabe beiwohnte, konnte wirk¬</Unicode>
                </TextEquiv>
            </TextLine>
            <TextLine id="tr_4_tl_27" custom="readingOrder {index:26;}">
                <Coords points="1801,1527 2980,1532 2997,1490 1800,1464"/>
                <Baseline points="1809,1502 1868,1505 1928,1503 1987,1505 2047,1506 2107,1506 2166,1505 2226,1507 2285,1507 2345,1508 2405,1508 2464,1510 2524,1508 2583,1508 2643,1510 2703,1514 2762,1514 2822,1516 2881,1517 2941,1518 3001,1517"/>
                <TextEquiv>
                    <Unicode>lich auf einen „höheren Dichter rathen, sogar auf einen Richard Boß</Unicode>
                </TextEquiv>
            </TextLine>
            <TextLine id="tr_4_tl_28" custom="readingOrder {index:27;}">
                <Coords points="1809,1551 2988,1567 2987,1532 1807,1523"/>
                <Baseline points="1815,1540 1873,1543 1932,1543 1991,1543 2050,1543 2109,1543 2168,1543 2226,1545 2285,1544 2344,1546 2403,1546 2462,1546 2521,1546 2580,1549 2638,1550 2697,1552 2756,1552 2815,1552 2874,1554 2933,1555 2992,1555"/>
                <TextEquiv>
                    <Unicode>erster Manier. Da war eine musterhafte Exposition, ein ansprechender</Unicode>
                </TextEquiv>
            </TextLine>
            <TextLine id="tr_4_tl_29" custom="readingOrder {index:28;}">
                <Coords points="1810,1596 2994,1606 2994,1561 1810,1552"/>
                <Baseline points="1818,1582 1877,1582 1936,1582 1995,1582 2054,1582 2113,1582 2172,1585 2231,1587 2290,1585 2349,1585 2408,1585 2467,1585 2526,1587 2585,1588 2644,1591 2703,1591 2762,1594 2821,1593 2880,1593 2939,1594 2998,1597"/>
                <TextEquiv>
                    <Unicode>Vorwurf, ein gebildeter, stilvoller und doch frischer Dialog, vor Allem</Unicode>
                </TextEquiv>
            </TextLine>
            <TextLine id="tr_4_tl_30" custom="readingOrder {index:29;}">
                <Coords points="1804,1624 2988,1640 2948,1599 1804,1594"/>
                <Baseline points="1812,1618 1871,1620 1930,1620 1989,1618 2048,1619 2107,1621 2166,1624 2225,1624 2284,1624 2343,1624 2402,1624 2461,1627 2520,1627 2579,1630 2638,1630 2697,1630 2756,1630 2815,1633 2874,1633 2933,1633 2992,1633"/>
                <TextEquiv>
                    <Unicode>aber eine — von Hrn. Schindler meisterlich gespielte — Charge eines</Unicode>
                </TextEquiv>
            </TextLine>
            <TextLine id="tr_4_tl_31" custom="readingOrder {index:30;}">
                <Coords points="1807,1670 2991,1682 2906,1634 1807,1631"/>
                <Baseline points="1815,1660 1874,1660 1933,1660 1992,1660 2051,1660 2110,1662 2169,1663 2228,1663 2287,1663 2346,1663 2405,1666 2464,1666 2523,1668 2582,1669 2641,1669 2700,1669 2759,1672 2818,1670 2877,1674 2936,1675 2995,1672"/>
                <TextEquiv>
                    <Unicode>pedantischen Hausmeisters, jede Scene, jede Figur eine entschiedene Talent¬</Unicode>
                </TextEquiv>
            </TextLine>
            <TextLine id="tr_4_tl_32" custom="readingOrder {index:31;}">
                <Coords points="1810,1715 2991,1718 2953,1676 1809,1667"/>
                <Baseline points="1818,1702 1876,1699 1935,1699 1994,1699 2053,1699 2112,1701 2171,1702 2229,1703 2288,1705 2347,1705 2406,1705 2465,1705 2524,1707 2583,1708 2641,1708 2700,1708 2759,1711 2818,1711 2877,1711 2936,1711 2995,1714"/>
                <TextEquiv>
                    <Unicode>probe. Bedauerlicher Weise hielten sich die zwei folgenden Akte nicht</Unicode>
                </TextEquiv>
            </TextLine>
            <TextLine id="tr_4_tl_33" custom="readingOrder {index:32;}">
                <Coords points="1810,1754 2988,1767 2988,1718 2823,1710 1810,1719"/>
                <Baseline points="1818,1738 1876,1738 1935,1738 1994,1738 2052,1739 2111,1741 2170,1741 2228,1744 2287,1742 2346,1744 2405,1747 2463,1747 2522,1747 2581,1747 2639,1747 2698,1749 2757,1750 2815,1750 2874,1752 2933,1753 2992,1750"/>
                <TextEquiv>
                    <Unicode>auf der Höhe des ersten. Schönthan verpfuschte Koppeln offenbar das</Unicode>
                </TextEquiv>
            </TextLine>
            <TextLine id="tr_4_tl_34" custom="readingOrder {index:33;}">
                <Coords points="1813,1785 2991,1806 2950,1755 1813,1745"/>
                <Baseline points="1821,1776 1879,1777 1938,1779 1996,1779 2055,1779 2113,1779 2172,1781 2230,1782 2289,1782 2347,1784 2406,1785 2465,1785 2523,1785 2582,1785 2640,1788 2699,1788 2757,1791 2816,1789 2874,1791 2933,1791 2992,1791"/>
                <TextEquiv>
                    <Unicode>Concept. Was wie ein sonniges Künstlerdrama begann, fuhr wie eine</Unicode>
                </TextEquiv>
            </TextLine>
            <TextLine id="tr_4_tl_35" custom="readingOrder {index:34;}">
                <Coords points="1810,1822 2988,1839 2938,1794 1810,1787"/>
                <Baseline points="1818,1818 1876,1818 1935,1818 1994,1818 2052,1818 2111,1818 2170,1821 2228,1821 2287,1821 2346,1823 2405,1824 2463,1826 2522,1824 2581,1824 2639,1825 2698,1827 2757,1830 2815,1830 2874,1830 2933,1830 2992,1830"/>
                <TextEquiv>
                    <Unicode>Operette fort und endete wie eine Philisterposse von L'Arronge oder</Unicode>
                </TextEquiv>
            </TextLine>
            <TextLine id="tr_4_tl_36" custom="readingOrder {index:35;}">
                <Coords points="1810,1866 2993,1879 2939,1831 1810,1822"/>
                <Baseline points="1818,1854 1876,1855 1935,1855 1994,1854 2053,1857 2112,1859 2171,1860 2229,1860 2288,1861 2347,1863 2406,1863 2465,1863 2524,1865 2583,1866 2641,1866 2700,1868 2759,1869 2818,1869 2877,1869 2936,1872 2995,1872"/>
                <TextEquiv>
                    <Unicode>Moser. Schon im zweiten Aufzuge wird das angeschlagene Hauptthema</Unicode>
                </TextEquiv>
            </TextLine>
            <TextLine id="tr_4_tl_37" custom="readingOrder {index:36;}">
                <Coords points="1804,1904 2985,1924 2966,1875 1804,1864"/>
                <Baseline points="1812,1896 1870,1896 1929,1896 1988,1896 2047,1897 2106,1899 2165,1899 2223,1900 2282,1902 2341,1902 2400,1902 2459,1902 2518,1902 2577,1905 2635,1905 2694,1907 2753,1908 2812,1908 2871,1908 2930,1911 2989,1911"/>
                <TextEquiv>
                    <Unicode>der Herzens=Renaissance einer bigotten Wittwe, die unter dem Einflusse</Unicode>
                </TextEquiv>
            </TextLine>
            <TextLine id="tr_4_tl_38" custom="readingOrder {index:37;}">
                <Coords points="1807,1939 2991,1951 2991,1919 2850,1907 1807,1906"/>
                <Baseline points="1815,1938 1874,1935 1933,1935 1992,1938 2051,1938 2110,1938 2169,1938 2228,1941 2287,1941 2346,1941 2405,1944 2464,1944 2523,1944 2582,1944 2641,1945 2700,1947 2759,1947 2818,1947 2877,1947 2936,1950 2995,1947"/>
                <TextEquiv>
                    <Unicode>eines schönen, jungen Künstlers zu neuer Lebens= und Liebeslust er¬</Unicode>
                </TextEquiv>
            </TextLine>
            <TextLine id="tr_4_tl_39" custom="readingOrder {index:38;}">
                <Coords points="1804,1983 2988,1997 2988,1952 1804,1949"/>
                <Baseline points="1812,1973 1871,1974 1930,1976 1989,1973 2048,1976 2107,1976 2166,1979 2225,1981 2284,1979 2343,1979 2402,1979 2461,1982 2520,1982 2579,1982 2638,1985 2697,1985 2756,1985 2815,1988 2874,1988 2933,1988 2992,1991"/>
                <TextEquiv>
                    <Unicode>wacht, plötzlich verlassen, um das Erwachen einer Jünglingsseele zu</Unicode>
                </TextEquiv>
            </TextLine>
            <TextLine id="tr_4_tl_40" custom="readingOrder {index:39;}">
                <Coords points="1810,2024 2988,2031 2942,1992 1810,1985"/>
                <Baseline points="1818,2012 1876,2012 1935,2014 1994,2015 2052,2015 2111,2015 2170,2018 2228,2021 2287,2020 2346,2020 2405,2021 2463,2021 2522,2021 2581,2024 2639,2024 2698,2026 2757,2024 2815,2027 2874,2027 2933,2027 2992,2027"/>
                <TextEquiv>
                    <Unicode>schildern, der sein Herz entdeckt und das Küssen und den Ernst des</Unicode>
                </TextEquiv>
            </TextLine>
            <TextLine id="tr_4_tl_41" custom="readingOrder {index:40;}">
                <Coords points="1801,2055 2839,2083 2982,2076 2982,2034 1800,2030"/>
                <Baseline points="1809,2054 1867,2054 1926,2052 1985,2054 2044,2053 2103,2054 2162,2057 2220,2060 2279,2059 2338,2059 2397,2063 2456,2062 2515,2060 2574,2060 2632,2063 2691,2065 2750,2066 2809,2067 2868,2067 2927,2069 2986,2069"/>
                <TextEquiv>
                    <Unicode>Lebens lernt — Motto: „Mein Herz, ich will dich fragen", frei nach</Unicode>
                </TextEquiv>
            </TextLine>
            <TextLine id="tr_4_tl_42" custom="readingOrder {index:41;}">
                <Coords points="1807,2104 2963,2125 2980,2077 1806,2061"/>
                <Baseline points="1815,2093 1873,2093 1931,2093 1990,2093 2048,2093 2107,2095 2165,2096 2223,2096 2282,2099 2340,2099 2399,2099 2457,2099 2515,2099 2574,2102 2632,2103 2691,2105 2749,2105 2807,2105 2866,2105 2924,2105 2983,2105"/>
                <TextEquiv>
                    <Unicode>Friedrich Halm und ebenso zuckerfuß und pikant. Damit verliert das</Unicode>
                </TextEquiv>
            </TextLine>
            <TextLine id="tr_4_tl_43" custom="readingOrder {index:42;}">
                <Coords points="1807,2144 2988,2158 2933,2110 1807,2104"/>
                <Baseline points="1815,2132 1873,2132 1932,2132 1991,2135 2050,2135 2109,2135 2168,2138 2226,2138 2285,2138 2344,2138 2403,2141 2462,2139 2521,2141 2580,2141 2638,2142 2697,2144 2756,2144 2815,2147 2874,2147 2933,2147 2992,2144"/>
                <TextEquiv>
                    <Unicode>Scherzspiel jedes tiefere Interesse und allen literischen Anspruch, den</Unicode>
                </TextEquiv>
            </TextLine>
            <TextLine id="tr_4_tl_44" custom="readingOrder {index:43;}">
                <Coords points="1807,2180 2982,2188 2945,2149 1807,2138"/>
                <Baseline points="1815,2174 1873,2171 1932,2171 1990,2174 2049,2174 2107,2176 2166,2177 2224,2177 2283,2178 2341,2178 2400,2180 2459,2178 2517,2180 2576,2180 2634,2183 2693,2183 2751,2183 2810,2183 2868,2184 2927,2186 2986,2186"/>
                <TextEquiv>
                    <Unicode>es erheben zu können glaubt, um nur noch Agenweide und Seelen¬</Unicode>
                </TextEquiv>
            </TextLine>
            <TextLine id="tr_4_tl_45" custom="readingOrder {index:44;}">
                <Coords points="1806,2219 2908,2241 2991,2231 2990,2197 1804,2182"/>
                <Baseline points="1812,2209 1871,2210 1930,2212 1989,2212 2048,2212 2107,2212 2166,2215 2226,2217 2285,2215 2344,2218 2403,2218 2462,2218 2521,2218 2580,2218 2640,2222 2699,2224 2758,2221 2817,2222 2876,2224 2935,2224 2995,2224"/>
                <TextEquiv>
                    <Unicode>kitzel für mehr oder minder harmlose Backfische zu werden. In der</Unicode>
                </TextEquiv>
            </TextLine>
            <TextLine id="tr_4_tl_46" custom="readingOrder {index:45;}">
                <Coords points="1804,2261 2985,2271 2969,2229 1804,2220"/>
                <Baseline points="1812,2251 1870,2249 1929,2251 1988,2251 2047,2252 2106,2254 2165,2254 2223,2259 2282,2256 2341,2256 2400,2257 2459,2257 2518,2257 2577,2260 2635,2260 2694,2262 2753,2263 2812,2263 2871,2263 2930,2263 2989,2266"/>
                <TextEquiv>
                    <Unicode>Provinz hat denn auch „Renaissance“ überall Triumphe gefeiert, und es</Unicode>
                </TextEquiv>
            </TextLine>
            <TextLine id="tr_4_tl_47" custom="readingOrder {index:46;}">
                <Coords points="1810,2300 2982,2310 2933,2270 1809,2256"/>
                <Baseline points="1818,2293 1876,2290 1934,2290 1993,2290 2051,2290 2110,2290 2168,2290 2226,2293 2285,2294 2343,2296 2402,2296 2460,2296 2518,2296 2577,2299 2635,2299 2694,2301 2752,2302 2810,2302 2869,2302 2927,2302 2986,2302"/>
                <TextEquiv>
                    <Unicode>ist ein neuer Beweis von Director Prasch's Geschicklichkeit, daß er das</Unicode>
                </TextEquiv>
            </TextLine>
            <TextLine id="tr_4_tl_48" custom="readingOrder {index:47;}">
                <Coords points="1807,2341 2985,2352 2985,2308 1807,2300"/>
                <Baseline points="1815,2329 1873,2329 1932,2329 1991,2332 2049,2332 2108,2332 2167,2332 2225,2335 2284,2332 2343,2334 2402,2335 2460,2335 2519,2337 2578,2338 2636,2341 2695,2341 2754,2341 2812,2341 2871,2341 2930,2344 2989,2341"/>
                <TextEquiv>
                    <Unicode>Stück für sein Familienpublicum erworben hat. Rauschender Beifall</Unicode>
                </TextEquiv>
            </TextLine>
            <TextLine id="tr_4_tl_49" custom="readingOrder {index:48;}">
                <Coords points="1804,2374 2838,2396 2985,2390 2985,2353 1803,2337"/>
                <Baseline points="1812,2368 1870,2368 1929,2368 1988,2371 2047,2371 2106,2371 2165,2374 2223,2374 2282,2374 2341,2374 2400,2377 2459,2377 2518,2377 2577,2377 2635,2378 2694,2380 2753,2380 2812,2380 2871,2382 2930,2383 2989,2383"/>
                <TextEquiv>
                    <Unicode>wurde ihm zu Theil, und auf Wochen hinaus scheint er aller Repertoire¬</Unicode>
                </TextEquiv>
            </TextLine>
            <TextLine id="tr_4_tl_50" custom="readingOrder {index:49;}">
                <Coords points="1804,2416 2981,2426 2981,2393 2884,2383 1804,2374"/>
                <Baseline points="1812,2407 1870,2408 1929,2410 1987,2410 2046,2410 2104,2410 2163,2410 2221,2412 2280,2412 2338,2412 2397,2415 2456,2415 2514,2415 2573,2415 2631,2416 2690,2418 2748,2418 2807,2421 2865,2421 2924,2421 2983,2421"/>
                <TextEquiv>
                    <Unicode>sorgen ledig. Er verdient sein Glück, denn die Aufführung war so ge¬</Unicode>
                </TextEquiv>
            </TextLine>
            <TextLine id="tr_4_tl_51" custom="readingOrder {index:50;}">
                <Coords points="1807,2452 2985,2475 2985,2428 1807,2416"/>
                <Baseline points="1815,2448 1873,2448 1932,2448 1991,2448 2049,2449 2108,2451 2167,2451 2225,2451 2284,2451 2343,2451 2402,2454 2460,2454 2519,2454 2578,2454 2636,2457 2695,2457 2754,2460 2812,2460 2871,2460 2930,2463 2989,2463"/>
                <TextEquiv>
                    <Unicode>lungen, wie sie zur Zeit kaum eine andere Berliner Bühne so abgerundet</Unicode>
                </TextEquiv>
            </TextLine>
            <TextLine id="tr_4_tl_52" custom="readingOrder {index:51;}">
                <Coords points="1807,2498 2771,2510 2769,2462 1806,2461"/>
                <Baseline points="1815,2490 1865,2487 1915,2487 1966,2487 2016,2487 2067,2487 2117,2489 2168,2490 2218,2490 2269,2490 2319,2491 2370,2493 2420,2493 2471,2493 2521,2495 2572,2496 2622,2496 2673,2496 2723,2496 2774,2499"/>
                <TextEquiv>
                    <Unicode>und in allen Rollen gleich vollendet herausbringen könnte.</Unicode>
                </TextEquiv>
            </TextLine>
            <TextLine id="tr_4_tl_53" custom="readingOrder {index:52;}">
                <Coords points="1900,2534 2935,2553 2982,2547 2982,2508 1898,2495"/>
                <Baseline points="1908,2526 1961,2526 2015,2527 2069,2527 2123,2528 2177,2529 2231,2529 2285,2529 2339,2531 2393,2534 2447,2532 2500,2535 2554,2535 2608,2535 2662,2535 2716,2535 2770,2538 2824,2538 2878,2538 2932,2538 2986,2538"/>
                <TextEquiv>
                    <Unicode>Und da die Verskomödien im Kurs der Theaterbörse dermalen er¬</Unicode>
                </TextEquiv>
            </TextLine>
            <TextLine id="tr_4_tl_54" custom="readingOrder {index:53;}">
                <Coords points="1804,2580 2985,2586 2959,2544 1803,2528"/>
                <Baseline points="1812,2565 1870,2565 1929,2567 1988,2565 2047,2566 2106,2568 2165,2571 2223,2569 2282,2570 2341,2570 2400,2571 2459,2572 2518,2574 2577,2574 2635,2576 2694,2576 2753,2577 2812,2577 2871,2579 2930,2577 2989,2580"/>
                <TextEquiv>
                    <Unicode>staunlich hoch cotirt werden, so rückte auch das Kgl. Schauspielhaus mit</Unicode>
                </TextEquiv>
            </TextLine>
            <TextLine id="tr_4_tl_55" custom="readingOrder {index:54;}">
                <Coords points="1807,2626 2985,2625 2975,2583 1806,2584"/>
                <Baseline points="1815,2604 1873,2607 1932,2605 1991,2607 2049,2607 2108,2607 2167,2607 2225,2607 2284,2610 2343,2610 2402,2613 2460,2611 2519,2615 2578,2613 2636,2614 2695,2616 2754,2616 2812,2616 2871,2618 2930,2619 2989,2619"/>
                <TextEquiv>
                    <Unicode>einem „Scherzspiel auf den Plan. Dreyer, der begabte Verfasser von</Unicode>
                </TextEquiv>
            </TextLine>
            <TextLine id="tr_4_tl_56" custom="readingOrder {index:55;}">
                <Coords points="1809,2654 2960,2672 2972,2632 1807,2623"/>
                <Baseline points="1815,2645 1873,2643 1931,2645 1989,2642 2047,2648 2105,2648 2163,2646 2221,2648 2279,2648 2337,2648 2396,2651 2454,2649 2512,2653 2570,2654 2628,2654 2686,2652 2744,2656 2802,2654 2860,2655 2918,2657 2977,2660"/>
                <TextEquiv>
                    <Unicode>„Drei" hat auch „Eine gedichtet. Genre Hans Sachs, grobe Holz¬</Unicode>
                </TextEquiv>
            </TextLine>
            <TextLine id="tr_4_tl_57" custom="readingOrder {index:56;}">
                <Coords points="1804,2698 2884,2711 2977,2705 2977,2671 1803,2656"/>
                <Baseline points="1812,2684 1870,2682 1928,2684 1987,2684 2045,2684 2104,2686 2162,2687 2220,2687 2279,2688 2337,2688 2396,2690 2454,2690 2512,2690 2571,2693 2629,2693 2688,2693 2746,2693 2804,2693 2863,2696 2921,2696 2980,2696"/>
                <TextEquiv>
                    <Unicode>schnittmanier, derbe Handlung, knorrige Verse. Das Experiment ist ihm</Unicode>
                </TextEquiv>
            </TextLine>
            <TextLine id="tr_4_tl_58" custom="readingOrder {index:57;}">
                <Coords points="1798,2727 2982,2748 2960,2701 1798,2699"/>
                <Baseline points="1806,2723 1865,2723 1924,2723 1983,2723 2042,2724 2101,2728 2160,2726 2219,2726 2278,2728 2337,2729 2396,2729 2455,2730 2514,2732 2573,2732 2632,2732 2691,2732 2750,2732 2809,2735 2868,2735 2927,2735 2986,2735"/>
                <TextEquiv>
                    <Unicode>aber eben so wenig gelungen, wie seinem naturalistischen Collegen Halbe</Unicode>
                </TextEquiv>
            </TextLine>
            <TextLine id="tr_4_tl_59" custom="readingOrder {index:58;}">
                <Coords points="1801,2766 2987,2789 2953,2739 1801,2727"/>
                <Baseline points="1809,2759 1868,2762 1927,2762 1986,2762 2045,2762 2104,2764 2163,2765 2222,2765 2281,2765 2340,2768 2399,2768 2458,2771 2517,2772 2576,2774 2635,2771 2694,2773 2753,2774 2812,2774 2871,2776 2930,2777 2989,2777"/>
                <TextEquiv>
                    <Unicode>im „Amerikafahrer. Unsere verbildete Zeit hat keinen Resonanzboden</Unicode>
                </TextEquiv>
            </TextLine>
            <TextLine id="tr_4_tl_60" custom="readingOrder {index:59;}">
                <Coords points="1810,2810 2982,2827 2959,2780 1810,2768"/>
                <Baseline points="1818,2801 1876,2801 1934,2801 1993,2804 2051,2804 2110,2804 2168,2804 2226,2804 2285,2806 2343,2806 2402,2807 2460,2808 2518,2810 2577,2813 2635,2810 2694,2812 2752,2813 2810,2813 2869,2814 2927,2816 2986,2816"/>
                <TextEquiv>
                    <Unicode>für den derben Volkshumor, es sei denn, daß er ungenirt und zotig</Unicode>
                </TextEquiv>
            </TextLine>
            <TextLine id="tr_4_tl_61" custom="readingOrder {index:60;}">
                <Coords points="1804,2847 2985,2863 2951,2818 1804,2812"/>
                <Baseline points="1812,2843 1870,2840 1929,2840 1988,2843 2047,2843 2106,2843 2165,2846 2223,2846 2282,2846 2341,2846 2400,2846 2459,2846 2518,2848 2577,2849 2635,2850 2694,2850 2753,2851 2812,2851 2871,2851 2930,2854 2989,2854"/>
                <TextEquiv>
                    <Unicode>über alle Stränge haue. Poesie für Herrenabende. Dreyer aber drückte</Unicode>
                </TextEquiv>
            </TextLine>
            <TextLine id="tr_4_tl_62" custom="readingOrder {index:61;}">
                <Coords points="1801,2883 2985,2905 2965,2859 1801,2844"/>
                <Baseline points="1809,2881 1868,2881 1927,2881 1986,2881 2045,2881 2104,2881 2163,2881 2222,2884 2281,2884 2340,2884 2399,2884 2458,2887 2517,2887 2576,2887 2635,2888 2694,2890 2753,2890 2812,2891 2871,2893 2930,2893 2989,2890"/>
                <TextEquiv>
                    <Unicode>den guten groben Vorwurf auf das Geheimrathstöchterniveau der Kgl. Hof¬</Unicode>
                </TextEquiv>
            </TextLine>
            <TextLine id="tr_4_tl_63" custom="readingOrder {index:62;}">
                <Coords points="1801,2932 2982,2941 2981,2905 2845,2893 1800,2886"/>
                <Baseline points="1809,2920 1867,2920 1926,2920 1985,2920 2044,2920 2103,2920 2162,2920 2220,2923 2279,2923 2338,2923 2397,2923 2456,2926 2515,2926 2574,2929 2632,2927 2691,2929 2750,2929 2809,2929 2868,2931 2927,2932 2986,2935"/>
                <TextEquiv>
                    <Unicode>bühne hin, verwässerte die derbe Komik, verzierlichte die ungeschlachten</Unicode>
                </TextEquiv>
            </TextLine>
            <TextLine id="tr_4_tl_64" custom="readingOrder {index:63;}">
                <Coords points="1804,2966 2981,2984 2969,2939 1804,2927"/>
                <Baseline points="1812,2959 1870,2959 1929,2959 1987,2962 2046,2960 2104,2962 2163,2964 2221,2965 2280,2965 2338,2965 2397,2965 2456,2967 2514,2967 2573,2968 2631,2968 2690,2970 2748,2971 2807,2971 2865,2972 2924,2974 2983,2974"/>
                <TextEquiv>
                    <Unicode>Knüppelverse und brach so dem ganzen Schwank tantièmensüchtig das</Unicode>
                </TextEquiv>
            </TextLine>
            <TextLine id="tr_4_tl_65" custom="readingOrder {index:64;}">
                <Coords points="1803,3027 1818,3024 1866,3029 1892,3009 1906,3005 1912,3011 1922,3009 1919,2963 1894,2968 1888,2974 1877,2966 1861,2971 1833,2962 1827,2968 1819,2965 1800,2971"/>
                <Baseline points="1809,2995 1838,2997 1867,2999 1896,3001 1926,3001"/>
                <TextEquiv>
                    <Unicode>Genick.</Unicode>
                </TextEquiv>
            </TextLine>
            <TextLine id="tr_4_tl_66" custom="readingOrder {index:65;}">
                <Coords points="2308,3132 2328,3144 2349,3139 2359,3150 2390,3145 2404,3154 2423,3139 2429,3144 2455,3139 2470,3147 2471,3094 2458,3096 2450,3088 2440,3094 2426,3084 2407,3096 2399,3091 2373,3097 2349,3087 2335,3094 2308,3091"/>
                <Baseline points="2317,3132 2343,3129 2369,3129 2396,3129 2422,3129 2448,3128 2475,3126"/>
                <TextEquiv>
                    <Unicode>3.</Unicode>
                </TextEquiv>
            </TextLine>
            <TextLine id="tr_4_tl_67" custom="readingOrder {index:66;}">
                <Coords points="2282,3328 2311,3336 2335,3317 2383,3330 2413,3324 2447,3336 2498,3336 2498,3270 2478,3272 2417,3246 2368,3260 2323,3245 2282,3248"/>
                <Baseline points="2290,3308 2316,3306 2343,3305 2369,3305 2396,3305 2422,3305 2449,3305 2475,3306 2502,3308"/>
                <TextEquiv>
                    <Unicode>Notizen.</Unicode>
                </TextEquiv>
            </TextLine>
            <TextLine id="tr_4_tl_68" custom="readingOrder {index:67;}">
                <Coords points="1891,3409 2978,3421 2962,3366 1891,3360"/>
                <Baseline points="1899,3404 1953,3401 2007,3401 2061,3401 2115,3401 2169,3404 2223,3405 2277,3406 2331,3406 2385,3407 2439,3407 2493,3407 2547,3407 2601,3407 2655,3407 2709,3410 2763,3410 2817,3410 2871,3412 2925,3413 2980,3410"/>
                <TextEquiv>
                    <Unicode>Lied und Märe. Studien zur Charakteristik der deutschen Volks¬</Unicode>
                </TextEquiv>
            </TextLine>
            <TextLine id="tr_4_tl_69" custom="readingOrder {index:68;}">
                <Coords points="1792,3446 2971,3457 2930,3415 1792,3406"/>
                <Baseline points="1800,3443 1858,3440 1917,3440 1976,3440 2034,3441 2093,3443 2152,3443 2210,3443 2269,3445 2328,3445 2387,3446 2445,3446 2504,3446 2563,3449 2621,3446 2680,3446 2739,3449 2797,3449 2856,3451 2915,3452 2974,3452"/>
                <TextEquiv>
                    <Unicode>poesie von Dr. Adolf Thimme. (Gütersloh, C. Bertelsmann.) Die</Unicode>
                </TextEquiv>
            </TextLine>
            <TextLine id="tr_4_tl_70" custom="readingOrder {index:69;}">
                <Coords points="1801,3488 2971,3498 2962,3455 1801,3448"/>
                <Baseline points="1809,3482 1867,3479 1925,3479 1983,3479 2042,3479 2100,3479 2158,3481 2216,3485 2275,3484 2333,3484 2391,3485 2449,3486 2508,3486 2566,3485 2624,3488 2682,3488 2741,3488 2799,3491 2857,3491 2915,3491 2974,3488"/>
                <TextEquiv>
                    <Unicode>Folkloristik ist noch eine junge Wissenschaft, aber sie blüht immer mäch¬</Unicode>
                </TextEquiv>
            </TextLine>
            <TextLine id="tr_4_tl_71" custom="readingOrder {index:70;}">
                <Coords points="1792,3530 2974,3533 2974,3494 1792,3478"/>
                <Baseline points="1800,3517 1858,3517 1917,3517 1976,3517 2035,3518 2094,3520 2153,3520 2211,3520 2270,3520 2329,3522 2388,3523 2447,3525 2506,3525 2565,3523 2623,3524 2682,3526 2741,3526 2800,3527 2859,3529 2918,3529 2977,3532"/>
                <TextEquiv>
                    <Unicode>tiger in allen Ländern auf und verspricht ein bedeutsamer Zweig der</Unicode>
                </TextEquiv>
            </TextLine>
            <TextLine id="tr_4_tl_72" custom="readingOrder {index:71;}">
                <Coords points="1801,3564 2980,3582 2959,3531 1801,3524"/>
                <Baseline points="1809,3556 1867,3556 1926,3556 1984,3556 2043,3557 2101,3559 2160,3559 2218,3559 2277,3561 2335,3561 2394,3562 2453,3562 2511,3564 2570,3565 2628,3563 2687,3565 2745,3565 2804,3566 2862,3568 2921,3568 2980,3568"/>
                <TextEquiv>
                    <Unicode>ästhetischen und culturhistorischen Betrachtung zu werden. Es ist gewiß</Unicode>
                </TextEquiv>
            </TextLine>
            <TextLine id="tr_4_tl_73" custom="readingOrder {index:72;}">
                <Coords points="1801,3600 2971,3618 2945,3572 1801,3564"/>
                <Baseline points="1809,3595 1867,3595 1925,3597 1983,3595 2042,3598 2100,3598 2158,3598 2216,3601 2275,3601 2333,3601 2391,3601 2449,3601 2508,3601 2566,3604 2624,3604 2682,3605 2741,3605 2799,3604 2857,3607 2915,3607 2974,3607"/>
                <TextEquiv>
                    <Unicode>kein bloßer Zufall, daß zugleich mit der Socialpolitik, dieser schönsten</Unicode>
                </TextEquiv>
            </TextLine>
            <TextLine id="tr_4_tl_74" custom="readingOrder {index:73;}">
                <Coords points="1792,3637 2974,3649 2897,3610 1792,3594"/>
                <Baseline points="1800,3637 1858,3634 1917,3634 1976,3634 2035,3637 2094,3637 2153,3637 2211,3638 2270,3639 2329,3639 2388,3640 2447,3640 2506,3642 2565,3643 2623,3643 2682,3643 2741,3646 2800,3646 2859,3646 2918,3646 2977,3643"/>
                <TextEquiv>
                    <Unicode>Frucht des helfenden Mitleids, auch die Erkenntniß des literarischen Volks¬</Unicode>
                </TextEquiv>
            </TextLine>
            <TextLine id="tr_4_tl_75" custom="readingOrder {index:74;}">
                <Coords points="1795,3674 2972,3694 2957,3651 1795,3642"/>
                <Baseline points="1803,3670 1861,3673 1920,3675 1978,3676 2037,3678 2095,3676 2154,3676 2212,3676 2271,3679 2329,3679 2388,3679 2447,3680 2505,3682 2564,3685 2622,3682 2681,3682 2739,3682 2798,3685 2856,3686 2915,3686 2974,3688"/>
                <TextEquiv>
                    <Unicode>thums mächtig gefördert wird, der Poesie der großen anonymen Menge, des</Unicode>
                </TextEquiv>
            </TextLine>
            <TextLine id="tr_4_tl_76" custom="readingOrder {index:75;}">
                <Coords points="1795,3721 2965,3737 2977,3697 1794,3673"/>
                <Baseline points="1803,3715 1861,3712 1920,3712 1979,3712 2038,3715 2097,3715 2156,3715 2214,3716 2273,3718 2332,3718 2391,3718 2450,3718 2509,3720 2568,3721 2626,3721 2685,3723 2744,3724 2803,3724 2862,3724 2921,3726 2980,3724"/>
                <TextEquiv>
                    <Unicode>Bauern und Arbeiters, des „kleinen Mannes“. Um so dankbarer müssen</Unicode>
                </TextEquiv>
            </TextLine>
            <TextLine id="tr_4_tl_77" custom="readingOrder {index:76;}">
                <Coords points="1792,3755 2974,3768 2908,3728 1792,3719"/>
                <Baseline points="1800,3750 1858,3751 1917,3751 1976,3753 2035,3753 2094,3753 2153,3756 2211,3754 2270,3755 2329,3755 2388,3756 2447,3757 2506,3759 2565,3759 2623,3759 2682,3761 2741,3762 2800,3762 2859,3762 2918,3765 2977,3762"/>
                <TextEquiv>
                    <Unicode>wir für solche Veröffentlichungen sein, wie die vorliegende, die uns über</Unicode>
                </TextEquiv>
            </TextLine>
            <TextLine id="tr_4_tl_78" custom="readingOrder {index:77;}">
                <Coords points="1792,3792 2980,3813 2980,3764 1792,3755"/>
                <Baseline points="1800,3789 1859,3789 1918,3791 1977,3792 2036,3792 2095,3792 2154,3795 2214,3793 2273,3795 2332,3795 2391,3795 2450,3797 2509,3798 2568,3798 2628,3798 2687,3800 2746,3801 2805,3801 2864,3801 2923,3804 2983,3807"/>
                <TextEquiv>
                    <Unicode>Wesen und Ursprung des volksthümlichen Liedes und Märchens so viel</Unicode>
                </TextEquiv>
            </TextLine>
            <TextLine id="tr_4_tl_79" custom="readingOrder {index:78;}">
                <Coords points="1801,3834 2978,3852 2957,3810 1800,3795"/>
                <Baseline points="1809,3831 1867,3831 1926,3831 1984,3831 2043,3831 2101,3831 2160,3833 2218,3834 2277,3836 2335,3834 2394,3837 2453,3837 2511,3837 2570,3837 2628,3837 2687,3841 2745,3840 2804,3843 2862,3843 2921,3843 2980,3843"/>
                <TextEquiv>
                    <Unicode>Tiefdurchdachtes und Neues zu sagen weiß. Mit dichterisch nachfühlenden</Unicode>
                </TextEquiv>
            </TextLine>
            <TextLine id="tr_4_tl_80" custom="readingOrder {index:79;}">
                <Coords points="1804,3877 2972,3885 2954,3847 1804,3833"/>
                <Baseline points="1812,3867 1870,3870 1928,3870 1986,3870 2044,3870 2102,3871 2160,3873 2218,3873 2276,3873 2334,3873 2393,3876 2451,3876 2509,3876 2567,3879 2625,3879 2683,3879 2741,3879 2799,3882 2857,3882 2915,3882 2974,3882"/>
                <TextEquiv>
                    <Unicode>Sinnen erzählt Dr. Thimme von Geschichte und Charakter der Volks¬</Unicode>
                </TextEquiv>
            </TextLine>
            <TextLine id="tr_4_tl_81" custom="readingOrder {index:80;}">
                <Coords points="1797,3928 2886,3938 2985,3926 2984,3889 1795,3873"/>
                <Baseline points="1803,3915 1862,3913 1921,3915 1980,3915 2040,3913 2099,3915 2158,3915 2218,3915 2277,3915 2336,3915 2396,3915 2455,3917 2514,3918 2573,3919 2633,3921 2692,3921 2751,3921 2811,3923 2870,3923 2929,3924 2989,3927"/>
                <TextEquiv>
                    <Unicode>poesie, zeigt die Typen und Symbole derselben auf, Blumen und Bäume</Unicode>
                </TextEquiv>
            </TextLine>
            <TextEquiv>
                <Unicode></Unicode>
            </TextEquiv>
        </TextRegion>
        <TextRegion orientation="0.0" id="tr_5" custom="readingOrder {index:4;}">
            <Coords points="3040,2214 3040,3529 3150,3529 3150,2214"/>
            <TextLine id="tr_5_tl_1" custom="readingOrder {index:0;}">
                <Coords points="3060,2253 3073,2249 3079,2255 3087,2256 3096,2249 3103,2249 3115,2256 3129,2241 3142,2243 3141,2225 3127,2223 3117,2213 3112,2215 3109,2212 3079,2210 3076,2215 3059,2216"/>
                <Baseline points="3067,2239 3092,2241 3118,2242 3144,2242"/>
                <TextEquiv>
                    <Unicode>Pre¬</Unicode>
                </TextEquiv>
            </TextLine>
            <TextLine id="tr_5_tl_2" custom="readingOrder {index:1;}">
                <Coords points="3056,2449 3076,2452 3081,2447 3084,2450 3093,2447 3100,2455 3121,2447 3132,2450 3132,2407 3115,2408 3109,2413 3093,2411 3085,2416 3075,2408 3068,2416 3056,2416"/>
                <Baseline points="3064,2442 3099,2442 3135,2442"/>
                <TextEquiv>
                    <Unicode>unt</Unicode>
                </TextEquiv>
            </TextLine>
            <TextLine id="tr_5_tl_3" custom="readingOrder {index:2;}">
                <Coords points="3062,2528 3076,2528 3079,2525 3084,2528 3088,2525 3102,2528 3114,2525 3117,2528 3129,2522 3144,2522 3142,2484 3129,2486 3124,2483 3118,2489 3111,2489 3106,2484 3102,2487 3079,2484 3069,2492 3060,2490"/>
                <Baseline points="3069,2517 3095,2519 3121,2520 3147,2520"/>
                <TextEquiv>
                    <Unicode>Stri</Unicode>
                </TextEquiv>
            </TextLine>
            <TextLine id="tr_5_tl_4" custom="readingOrder {index:3;}">
                <Coords points="3062,2604 3075,2602 3081,2605 3093,2601 3096,2604 3138,2604 3138,2557 3130,2557 3109,2574 3094,2562 3084,2568 3062,2568"/>
                <Baseline points="3069,2598 3105,2598 3141,2598"/>
                <TextEquiv>
                    <Unicode>Ben</Unicode>
                </TextEquiv>
            </TextLine>
            <TextLine id="tr_5_tl_5" custom="readingOrder {index:4;}">
                <Coords points="3056,2638 3065,2638 3082,2648 3093,2640 3105,2641 3132,2662 3142,2653 3148,2653 3144,2595 3121,2607 3111,2602 3091,2601 3090,2605 3073,2602 3065,2610 3054,2610"/>
                <Baseline points="3064,2636 3092,2636 3121,2638 3150,2642"/>
                <TextEquiv>
                    <Unicode>Me¬</Unicode>
                </TextEquiv>
            </TextLine>
            <TextLine id="tr_5_tl_6" custom="readingOrder {index:5;}">
                <Coords points="3062,2710 3070,2710 3084,2698 3094,2705 3105,2699 3118,2705 3132,2693 3147,2695 3147,2663 3133,2666 3120,2654 3093,2640 3084,2647 3075,2642 3062,2642"/>
                <Baseline points="3069,2681 3096,2679 3123,2679 3150,2681"/>
                <TextEquiv>
                    <Unicode>scho¬</Unicode>
                </TextEquiv>
            </TextLine>
            <TextLine id="tr_5_tl_7" custom="readingOrder {index:6;}">
                <Coords points="3059,2783 3066,2783 3070,2778 3091,2789 3102,2778 3109,2786 3126,2778 3139,2778 3139,2739 3127,2738 3120,2742 3114,2738 3108,2741 3103,2736 3097,2738 3094,2735 3084,2739 3076,2733 3059,2732"/>
                <Baseline points="3067,2774 3104,2777 3141,2774"/>
                <TextEquiv>
                    <Unicode>thun</Unicode>
                </TextEquiv>
            </TextLine>
            <TextLine id="tr_5_tl_8" custom="readingOrder {index:7;}">
                <Coords points="3057,2899 3069,2897 3079,2900 3081,2897 3088,2899 3094,2896 3102,2903 3109,2899 3114,2902 3121,2897 3126,2899 3130,2895 3138,2895 3136,2860 3123,2862 3117,2856 3111,2860 3082,2853 3078,2859 3056,2860"/>
                <Baseline points="3064,2890 3089,2890 3115,2891 3141,2893"/>
                <TextEquiv>
                    <Unicode>Spa¬</Unicode>
                </TextEquiv>
            </TextLine>
            <TextLine id="tr_5_tl_9" custom="readingOrder {index:8;}">
                <Coords points="3060,2941 3084,2944 3091,2936 3096,2939 3100,2936 3108,2944 3121,2942 3127,2948 3136,2942 3144,2942 3141,2900 3130,2902 3120,2896 3112,2902 3106,2900 3102,2903 3094,2896 3088,2899 3057,2899"/>
                <Baseline points="3067,2929 3093,2931 3120,2933 3147,2935"/>
                <TextEquiv>
                    <Unicode>Wil¬</Unicode>
                </TextEquiv>
            </TextLine>
            <TextLine id="tr_5_tl_10" custom="readingOrder {index:9;}">
                <Coords points="3050,2982 3062,2978 3069,2980 3073,2975 3084,2978 3090,2972 3096,2977 3114,2980 3121,2972 3130,2972 3130,2944 3108,2944 3100,2936 3093,2936 3084,2944 3066,2941 3057,2947 3050,2947"/>
                <Baseline points="3058,2971 3095,2971 3132,2971"/>
                <TextEquiv>
                    <Unicode>wie</Unicode>
                </TextEquiv>
            </TextLine>
            <TextLine id="tr_5_tl_11" custom="readingOrder {index:10;}">
                <Coords points="3059,3014 3088,3015 3094,3021 3103,3020 3109,3015 3112,3018 3114,3015 3136,3018 3135,2968 3127,2968 3112,2981 3091,2974 3084,2978 3076,2975 3059,2978"/>
                <Baseline points="3067,3010 3102,3010 3138,3013"/>
                <TextEquiv>
                    <Unicode>kom</Unicode>
                </TextEquiv>
            </TextLine>
            <TextLine id="tr_5_tl_12" custom="readingOrder {index:11;}">
                <Coords points="3050,3060 3068,3063 3070,3059 3078,3060 3081,3056 3096,3054 3106,3057 3120,3068 3127,3068 3126,3015 3114,3015 3109,3021 3105,3018 3094,3021 3079,3014 3065,3014 3060,3009 3048,3012"/>
                <Baseline points="3058,3052 3093,3052 3129,3055"/>
                <TextEquiv>
                    <Unicode>Des</Unicode>
                </TextEquiv>
            </TextLine>
            <TextLine id="tr_5_tl_13" custom="readingOrder {index:12;}">
                <Coords points="3056,3096 3066,3093 3079,3105 3100,3102 3106,3097 3121,3111 3136,3111 3135,3054 3123,3051 3114,3062 3096,3054 3072,3062 3054,3062"/>
                <Baseline points="3064,3090 3101,3090 3138,3093"/>
                <TextEquiv>
                    <Unicode>risti</Unicode>
                </TextEquiv>
            </TextLine>
            <TextLine id="tr_5_tl_14" custom="readingOrder {index:13;}">
                <Coords points="3056,3172 3069,3169 3081,3175 3106,3172 3136,3196 3147,3194 3142,3132 3120,3130 3108,3138 3084,3132 3054,3136"/>
                <Baseline points="3064,3165 3091,3167 3119,3169 3147,3171"/>
                <TextEquiv>
                    <Unicode>Welt</Unicode>
                </TextEquiv>
            </TextLine>
            <TextLine id="tr_5_tl_15" custom="readingOrder {index:14;}">
                <Coords points="3054,3252 3069,3254 3076,3248 3088,3255 3091,3252 3097,3254 3102,3249 3112,3254 3114,3252 3121,3258 3129,3258 3126,3209 3115,3208 3112,3214 3099,3209 3096,3214 3079,3206 3065,3217 3059,3212 3051,3212"/>
                <Baseline points="3061,3243 3096,3245 3132,3249"/>
                <TextEquiv>
                    <Unicode>(Sch</Unicode>
                </TextEquiv>
            </TextLine>
            <TextLine id="tr_5_tl_16" custom="readingOrder {index:15;}">
                <Coords points="3050,3285 3090,3293 3097,3288 3115,3291 3123,3299 3127,3294 3138,3293 3138,3255 3121,3258 3115,3252 3109,3252 3103,3257 3099,3252 3093,3252 3076,3258 3059,3249 3050,3251"/>
                <Baseline points="3058,3285 3085,3285 3113,3285 3141,3285"/>
                <TextEquiv>
                    <Unicode>bem</Unicode>
                </TextEquiv>
            </TextLine>
            <TextLine id="tr_5_tl_17" custom="readingOrder {index:16;}">
                <Coords points="3030,3364 3044,3369 3054,3366 3070,3375 3085,3373 3090,3378 3103,3378 3114,3370 3129,3378 3136,3294 3123,3299 3117,3290 3099,3288 3093,3293 3072,3290 3059,3299 3039,3288"/>
                <Baseline points="3040,3359 3071,3359 3103,3356 3135,3350"/>
                <TextEquiv>
                    <Unicode></Unicode>
                </TextEquiv>
            </TextLine>
            <TextLine id="tr_5_tl_18" custom="readingOrder {index:17;}">
                <Coords points="3050,3410 3060,3412 3072,3406 3087,3409 3094,3406 3111,3419 3118,3412 3126,3412 3126,3373 3114,3370 3103,3376 3090,3376 3085,3372 3081,3376 3075,3372 3069,3375 3065,3372 3050,3373"/>
                <Baseline points="3058,3404 3093,3404 3129,3404"/>
                <TextEquiv>
                    <Unicode>uns</Unicode>
                </TextEquiv>
            </TextLine>
            <TextLine id="tr_5_tl_19" custom="readingOrder {index:18;}">
                <Coords points="3051,3445 3059,3443 3063,3448 3066,3446 3070,3449 3079,3445 3097,3452 3114,3449 3118,3454 3129,3451 3123,3413 3109,3419 3093,3408 3088,3410 3082,3406 3079,3409 3072,3406 3060,3412 3045,3412"/>
                <Baseline points="3058,3440 3095,3445 3132,3452"/>
                <TextEquiv>
                    <Unicode>bege</Unicode>
                </TextEquiv>
            </TextLine>
            <TextLine id="tr_5_tl_20" custom="readingOrder {index:19;}">
                <Coords points="3050,3521 3063,3525 3066,3522 3072,3525 3087,3522 3096,3527 3102,3521 3114,3524 3120,3518 3130,3518 3132,3469 3117,3467 3103,3452 3091,3451 3078,3458 3069,3455 3060,3463 3051,3463"/>
                <Baseline points="3058,3517 3095,3516 3132,3514"/>
                <TextEquiv>
                    <Unicode>e</Unicode>
                </TextEquiv>
            </TextLine>
            <TextEquiv>
                <Unicode></Unicode>
            </TextEquiv>
        </TextRegion>
    </Page>
</PcGts>
