3484 4384
470 371 593 452 ﻿318
2723 373 2919 460 Nr. 46.
1478 385 1931 464 Die Gegenwart.
476 511 1663 586 wenig complicirte Geheimniß Caprivis kommen. Und als eines herr¬
1747 506 2919 581 zurecht zu machen, was eigentlich zu zart und gebrechlich für die Welt
476 571 1663 627 lichen Tages der Helgolandvertrag publik wurde, da bestand am Newsky-
1741 572 2913 618 der Pappendeckel ist. Nippes aus derbem Steingut. Herr Schnitzler
487 615 1659 657 Prospect wie am Quai d'Orsay auch nicht der bescheidenste Zweifel mehr
1744 613 2922 660 liebt es gewiß nicht, ein Dichter genannt zu werden, weiß er doch, daß
478 655 1665 702 Da wußte man, daß Deutschland mit ungeheuren Opfern den Eintritt
1741 649 2919 706 das moderne Theater mit einem wirklichen Dichter verwünscht wenig
478 694 1663 739 Englands in den Dreibund erkauft, Afrika schweren Herzens aufgegeben
1741 702 2921 739 anzufangen wüßte. Er ist auch kein Dichter, aber unter den groben
472 727 1659 780 hatte, um dafür im bevorstehenden europäischen Weltkriege jeder Zeit
1744 729 2919 778 Machern von heute berührt sein Gethue fast sympathisch, fällt sein
481 775 1662 813 über die Flotte John Bulls verfügen zu können. Manche meinten
1738 768 2236 832 eleganter Kopf angenehm auf.
475 811 1665 852 allerdings, daß Deutschland für Englands Eingliederung in den Drei¬
1842 804 2910 861 Mindestens, soweit man der „Liebelei" gedenkt. Im „Freiwild
484 849 1663 897 bund doch wohl einen wesentlich zu hohen Preis gezahlt hätte, und
1747 852 2918 900 sieht schon Alles ein wenig anders aus, sudermännischer, handgreiflicher.
472 886 1668 936 Manche meinten, daß der Friedrichsruher seinerseits mit Leichtigkeit von
1747 891 2919 936 Das Getändel der hübschen Emierenadeln mit den k. k. Herren
478 924 1663 975 England Unsummen für die bloße Erlaubniß zum Beitritt erhalten
1747 930 2919 986 Lieutenants und den anscheinend stark nach Vöslau gravitirenden Bade¬
487 966 1665 1016 haben würde. Andere wieder sagten sogar, er hätte das exponirte,
1747 966 2918 1019 gästen entbehrt wienerischer Eigenart und wienerischer, leichtfertig=frecher
481 1005 1662 1052 immer in Gefahr schwebende Inselreich unter keiner Bedingung in die
1747 1010 2913 1056 Poesie. Man flirtet und scherzt, aber am Flirt und Scherz von der
475 1043 1662 1089 Familie des Dreibundes aufgenommen. Doch genug an dem Darüber
1747 1044 2913 1092 Sorte haben wir uns bei zehn Schwankmachern vor Schnitzler über¬
478 1082 1668 1125 war zunächst alle Welt einig, daß England nunmehr unauflöslich, mit
1747 1086 2918 1131 nommen. Kein socialer Grundton adelt und durchgeistigt diese flachen
481 1122 1668 1166 chernen Banden der europäischen Friedensliga angeschmiedet war und
1750 1125 2910 1173 Spasseteln, keine echte Satire befeuert sie. Und nur auf seine Quali¬
481 1158 1662 1226 daß man nur aus diplomatischer Klugheit die bedeutungsschweren Ver¬
1738 1167 2916 1214 täten als Witzbold betrachtet, vermag Schnitzler nicht zu imponiren.
478 1202 1575 1246 träge noch geheim hielt. Niemals hat sich alle Welt ärger geirrt.
1744 1202 2919 1249 Das weiß er wohl auch, deßhalb „charakterisirt er mit auffälligem
580 1232 1662 1285 Die Polenpolitik, die Caprivi — nun, sagen wir, machte, bestätigte
1741 1244 2919 1289 Biereifer, selbst da, wo die Oekonomie des Stückes es eigentlich verbietet.
476 1283 1668 1331 freilich anscheinend ihre Muthmaßungen. Sie reizte den Zaren bis auf's
1738 1283 2913 1327 Aus dem etwas langathmigen Hin und Her der ersten Scenen, das
466 1316 1671 1369 Blut und überzeugte ihn vollends von dem Einverständnisse des Nachbarn
1738 1316 2919 1370 halb an Roberts erinnert und halb an Blumenthal, steigt plötzlich die
481 1360 1666 1412 mit England, von der unvermittelten Schwenkung Deutschlands. „Caprivis,
1744 1360 2925 1406 Tragödie auf. Tragödie der Unpersönlichen. Ein zu drei Vierteln
487 1396 1672 1444 sagte Bismarck im Juni 1892, „hat unser Verhältniß zu Rußland ge¬
1738 1396 2916 1442 ruinirter Lebeoffizier, der übliche Schuldenmacher und Weiberjäger, ver¬
481 1436 1674 1487 rade an der Stelle vergiftet, wo es am allerempfindlichsten ist: in de¬
1747 1438 2918 1487 mißt sich, auch die keusche Liebhaberin Anna zu besiegen. Er fällt ab,
487 1471 1662 1515 Polenfrage." Alexander III., der sich vereinsamt, verrathen und ver¬
1738 1477 2919 1527 und das amüsirt den civilistischen Gegenspieler des Herrn Oberlieute¬
481 1510 1668 1566 kauft glaubte, blieb nichts übrig, als mit Frankreich anzubandeln. Die
1738 1516 2919 1564 nants. Es kommt zu einem gereizten Wortwechsel, und da der mili¬
481 1552 1666 1597 ersten Schritte fielen ihm wahrlich schwer genug. Noch 1887 war er ja
1741 1563 2922 1606 tärische Typ schließlich dem Menschenthum des naiven Fräuleins nur den
484 1591 1671 1644 so vertraut mit dem deutschen Kaiserreiche gewesen, daß Windthorst im
1750 1591 2925 1650 sächlichen Artikel zubilligt, ohrfeigt ihn der civilistische Typ. In Er¬
481 1629 1662 1683 Reichstage gelegentlich der Septennatsdebatten auf den russischen Bundes¬
1744 1630 2927 1681 mangelung eines Degens muß der Oberlieutenant die Schande einst¬
487 1669 1672 1714 genossen hatte pochen können. „Ich weiß nicht, mußte Bismarck ihm
1741 1669 2922 1722 weilen ungerächt lassen. Aber selbstverständlich fordert er den Beleidiger.
484 1708 1669 1761 damals mit freundlichem Hohn erwidern, „woher der Herr Abgeordnete
1738 1710 2925 1764 Indessen lehnt der Civilist rundweg ab. Für ihn ist der Gegner ein
478 1750 1668 1798 weiß, daß Rußland unser Verbündeter ist. Wenn er geheime Nachrichten
1741 1750 2919 1803 Lump, und er weigert sich, einem Lumpen „die Ehre wiederzugeben".
481 1789 1668 1835 aus Petersburg hat, daß Rußland mit uns ein Bündniß gegen Frank¬
1749 1786 2924 1836 Solche Philosophie entsetzt alles Volk umher, das militärische wie das
482 1835 1657 1884 reich abschließen will, so würde ich ihm dankbar sein, wenn er mir das
1738 1827 2928 1878 im schlichten Bürgerrocke. Rechts und links sucht man auf den Duell¬
478 1865 1668 1919 mittheilen wollte... Ich habe gestern noch die Ehre gehabt, mit dem
1738 1866 2919 1920 gegner mit Macht einzuwirken. Man läßt ihn sehr deutlich merken,
481 1908 1668 1962 russischen Botschafter zu Mittag zu speisen; mir hat er nichts davon
1738 1908 2925 1961 daß man den Grund zu seiner Haltung weniger in seiner consequenten
481 1946 1145 1997 gesagt, daß er ein Bündniß vorschlage."
1741 1947 2922 1992 Lebensanschauung als in seiner Feigheit erblickt. Der Verdächtigte
583 1976 1674 2036 Weiterhin sprach damals der Fürst die feste Zuversicht aus, daß
1741 1986 2922 2033 nimmt derlei Anzapfungen verhältnißmäßig gelassen hin, höchstens wirft
478 2022 1668 2070 Rußland uns nicht angreifen, daß es nicht gegen uns conspiriren und
1744 2025 2925 2072 er gutmüthige Frechlinge, die ihm ihre Meinung in's Gesicht sagen, zur
481 2061 1659 2111 kein Bündniß mit anderen Mächten gegen uns suchen werde. Er durfte
1738 2066 2924 2113 Thür hinaus. Um jedoch den Zweiflern zu zeigen, daß ihm Furcht
487 2104 1662 2149 dieser Zuversicht sein, denn er hatte den Vertrag mit dem Zarenreiche
1741 2100 2922 2152 vor der Kugel des Feindes nicht innewohnt, bleibt er tapfer im schönen
481 2143 1666 2192 in der Tasche. Die damals complicirte Schlage hat sich geklärt und
1738 2144 2924 2186 Vöslau. Die Hand freilich ruht immer schußfertig am Revolver. Leider
487 2188 1668 2230 gewaltig vereinfacht. Der simplen und vornehmen Politik des neuen
1738 2183 2924 2231 ist der Militär bedeutend fixer, und als die Gegner einmal unvermuthet
478 2228 1663 2270 Kurses ist es gelungen, Deutschlands Vorherrschaft in Europa zu ver¬
1738 2221 2916 2270 auf einander stoßen, streckt der Lieutenant die Civilperson Knall und
478 2263 1663 2305 nichten. Wären die Caprivi und Genossen bösen Willens darauf aus¬
1738 2266 2007 2324 Fall zu Boden.
484 2297 1662 2350 gegangen, so läge machtvolle Tragik in diesem Ausgange. Da sie es
1833 2290 2921 2353 Schnitzler hat sich davor gehütet, für einen der beiden Kämpen
487 2342 1662 2387 aber gut mit uns meinten, da unser Mißgeschick nur ihrem entschiedenen,
1741 2344 2922 2390 brutal Partei zu ergreifen. Mit ruhiger Gelassenheit wägt er das Pro
487 2378 1662 2427 einwandfreien Ungeschick entsprang, haben wir nicht einmal den Trost,
1738 2384 2924 2436 und Contra ab; seine Gründe für den Zweikampf sind genau so gut
484 2418 1665 2467 düstere Leichenbittermienen aussetzen zu dürfen. Denn rings um uns
1738 2421 2925 2469 oder so schlecht wie die dagegen. Dennoch gehört seine Theilnahme
487 2455 1674 2509 lacht Europa, schallend, überlaut, wie das Gesinde des Königs Rhampsinit
1738 2461 2924 2512 dem Civilisten. Er bemüht sich, ihn als den überlegenen, klaren Geist
478 2499 1558 2554 lachte, als der Fürst eintrat in die goldene Halle seiner Tochter.
1747 2500 2922 2550 hinzustellen, er schenkt ihm die Liebe des Mädchens, um dessentwillen
580 2523 1668 2581 Seltsam: Bismarck hat die zwei Eisen im Feuer gehabt, und seine
1747 2539 2918 2596 sich der Streit entspann. Und er läßt ihn, wenigstens seiner Meinung
1475 2580 1641 2646 Caliban.
481 2566 1328 2644 Nachfolger haben sich die Hände daran verbrannt.
1738 2580 2919 2629 nach, „zielbewußt" bis an's Ende bleiben. Ob man ihm im Bösen oder
1738 2622 2913 2670 im Guten zuredet, ihn mit dem abenteuerlichen, eigentlich recht unmög¬
1738 2659 2924 2715 lichen Vorschlage eines Scheinduells kränkt oder sein Mitleid für den
1741 2698 2919 2742 entehrten Feind wachzurufen trachtet — er bleibt fest. Er trotzt un¬
1747 2736 2918 2796 säglicher Verachtung, ist entschlossen, die Gesellschaft zu meiden, die ihn
1740 2775 2919 2828 ausstößt. Also ganz und gar ein Siegfried der These, ein lichtheller
1738 2816 2913 2865 Moderner, ganz und gar das Pendant seines in finsteren, mittelalter¬
1744 2855 2916 2903 lichen Duell=Aberglauben eingesponnenen Gegners. Und trotzdem nicht.
768 2849 1378 2945 Dramatische Aufführungen.
1744 2895 2922 2946 Herr Schnitzler sagt uns nicht, ob es die Eitelkeit oder die Dummheit
1744 2934 2919 2984 seines Helden ist, die den Braven in Vöslau festhalten. Es scheint
481 2931 1662 2996 Freiwild. Schauspiel in drei Akten von Arthur Schnitzler. (Deutsches
1738 2972 2916 3020 beinahe, als habe der Verfasser hier nicht logisch zu Ende gedacht. In¬
487 2987 1662 3035 Theater.) — Die goldene Eva. Lustspiel in drei Aufzügen von
1738 3013 2919 3062 dem er den Maler, um so seinen Muth in's rechte Licht zu stellen, nicht
484 3032 1629 3079 Franz v. Schönthan und Franz Koppel=Ellfeld. (Lessing=Theater.)
1741 3050 2913 3113 abreisen läßt, zeigt er, daß dieser Trutzige ein innerlich Unfreier ist und
484 3068 1671 3113 Renaissance. Lustspiel in drei Aufzügen von Franz v. Schönthan
1741 3088 2927 3140 noch mit tausend klamm uden Organen an der Kaste hängt, die ihn
1460 3106 1659 3160 Eine. Alt¬
478 3107 1351 3160 und Franz Koppel=Ellfeld. (Berliner Theater.)
2180 3128 2916 3178 nert denn den Apostaten die Meinung derer,
1738 3134 2125 3193 von sich stieß. Was
481 3143 1653 3206 deutsches Scherzspiel in drei Akten von Max Dreyer. (Kgl. Schau
2204 3167 2913 3223 unten im Thale ihn für tapfer, ob sie
1741 3175 2100 3227 die er verlacht? O
1004 3184 1169 3257 spielhaus.)
2177 3208 2916 3256 alten — was macht's? Aber es gelüstet ihn,
1738 3212 2090 3269 ihn für einen Hasen
2168 3248 2919 3304 Schau zu stellen, kurz vom Abgange noch
1744 3253 2081 3307 sich breit, behaglich
583 3238 1663 3306 Der Fall Brüsewitz hat die Berliner Censur doch nicht derartig
2162 3284 2919 3343 zu ernten, mit denen er sich doch für alle Zeit
1738 3293 2060 3349 einmal den Beifall
478 3295 1663 3339 erschreckt, daß sie für ihr Theil Alles thun zu müssen glaubte, um seine
2159 3331 2910 3372 rum trifft ihn, den Halbfertigen, Schwanken¬
1738 3330 2052 3387 überworfen hat.
484 3330 1665 3376 öffentliche Discussion einzuschränken. Sie zeigte sich sogar liberaler und
2159 3364 2919 3412 el des in sich gefesteten Widersachers. Hätte
1744 3372 2055 3423 den, mit Recht
487 3373 1657 3417 weitherziger als ihre Wiener Collegin, die Schnitzlers Mord= und Todt¬
2165 3405 2919 3454 seines Helden so erklärt, dann wäre nicht nur
1738 3411 2045 3462 Schnitzler den Un¬
487 3412 1662 3459 schlag=Schauspiel kurzer Hand verbot. Eugen Richter darf aus dieser
2144 3442 2919 3492 dlich bereichert worden, sondern es wäre auch
1741 3447 2042 3505 das Stück innerl.
487 3451 1662 3499 kleinen Thatsache vielleicht ersehen, daß seine Duell= und Siepmann¬
2141 3489 2915 3535 Vorhanges wirklich zu Ende gewesen. Wie
1738 3489 2015 3543 mit dem letzten
487 3490 1662 3540 Interpellation einer hohen Regierung die Nachtruhe nicht sonderlich
2135 3522 2919 3574 hat lediglich der Zufall die Entscheidung herbei¬
1741 3525 2027 3580 die Dinge jetzt li
487 3534 1662 3582 stört. Dem Führer der freisinnigen Mißerfolgspartei mag das recht
2108 3561 2921 3620 ußte es ausknobeln, wer von den Gegnern am
1747 3567 2033 3620 geführt; der Dich
484 3570 1662 3611 peinlich sein, der blondbärtige Arthur Schnitzler wird ihr's danken. So
2117 3598 2922 3645 abgeben sollte. Wie die Dinge jetzt liegen, sehen
1746 3608 2033 3653 Ende die schöne
493 3606 1665 3660 finden auch schlummernde Regierungen Freunde und Verehrer. Sie
2088 3642 2916 3692 alsche Lösung des Rechenexempels. Besser wäre es
1741 3647 2045 3701 wir nichts als ei¬
487 3654 1023 3702 müssen es nur richtig anfangen.
1738 3677 2919 3734 wohl gewesen, wenn Schnitzler keine höhere schematisirende Ideenmathe¬
586 3683 1671 3744 Herr Schnitzler hat sich mit seiner vorjährigen „Liebelei“ als ein
1738 3717 2919 3767 matik getrieben, sondern leibhaftige, lebendige Individualitäten auf die
484 3725 1662 3777 feiner und kluger Kopf erwiesen, der das Wienervolk kennt, wenigstens
1747 3752 2918 3816 Bühne gestellt hätte. Da er aber nun einmal die interessante These
487 3768 1668 3813 das der inneren Stadt, und der es versteht, saubere Genrebildchen aus dem
1738 3807 2918 3852 entwickeln wollte, mußte er sie auch rein und klar, vor Allem vollständig
487 3806 1657 3854 Leben an der nicht immer blauen Donau recht interessant zu dialogi¬
1738 3843 1919 3908 entwickeln.
490 3843 1663 3896 siren. Sein Projectionsapparat vergröbert die Zeichnung nur unmerk¬
1815 3858 2918 3941 Das Schauspiel ist bei alledem von hohem Spannungreiz, und vor¬
484 3882 1669 3955 lich; fleißig scheint er die Kunst studirt zu haben, das für die Coulissen
