<?xml version="1.0" encoding="UTF-8" standalone="yes"?>
<PcGts xmlns="http://schema.primaresearch.org/PAGE/gts/pagecontent/2013-07-15" xmlns:xsi="http://www.w3.org/2001/XMLSchema-instance" xsi:schemaLocation="http://schema.primaresearch.org/PAGE/gts/pagecontent/2013-07-15 http://schema.primaresearch.org/PAGE/gts/pagecontent/2013-07-15/pagecontent.xsd">
    <Metadata>
        <Creator>prov=READ-COOP:name=PyLaia@TranskribusPlatform:version=2.12.1:model_id=39995:lm=provided:date=28_03_2024_21:33</Creator>
        <Created>2019-10-07T11:50:28.304+02:00</Created>
        <LastChange>2024-03-28T21:33:21.185+01:00</LastChange>
        <TranskribusMetadata docId="223990" pageId="9505786" pageNr="437" tsid="156390775" status="IN_PROGRESS" userId="40391" imgUrl="https://files.transkribus.eu/Get?id=WMFVURMQPVVEMCHPQPPRDVDD&amp;fileType=view" xmlUrl="https://files.transkribus.eu/Get?id=OTUHUCPVRQEDAZRMFMLNMKSU" imageId="6196000"/>
    </Metadata>
    <Page imageFilename="223990_0437.jpeg" imageWidth="3344" imageHeight="4352">
        <ReadingOrder>
            <OrderedGroup id="ro_1712662633708" caption="Regions reading order">
                <RegionRefIndexed index="0" regionRef="tr_1"/>
                <RegionRefIndexed index="1" regionRef="tr_2"/>
                <RegionRefIndexed index="2" regionRef="tr_3"/>
                <RegionRefIndexed index="3" regionRef="tr_4"/>
            </OrderedGroup>
        </ReadingOrder>
        <TextRegion orientation="0.0" id="tr_1" custom="readingOrder {index:0;}">
            <Coords points="202,99 202,255 277,255 277,99"/>
            <TextLine id="tr_1_tl_1" custom="readingOrder {index:0;}">
                <Coords points="196,230 207,232 219,224 225,227 244,215 250,219 260,219 264,215 275,217 269,146 257,149 250,143 234,151 227,146 222,149 209,144 187,151"/>
                <Baseline points="202,199 227,202 252,205 277,205"/>
                <TextEquiv>
                    <Unicode>8.</Unicode>
                </TextEquiv>
            </TextLine>
            <TextEquiv>
                <Unicode></Unicode>
            </TextEquiv>
        </TextRegion>
        <TextRegion orientation="0.0" id="tr_2" custom="readingOrder {index:1;}">
            <Coords points="197,179 197,3606 1707,3606 1707,179"/>
            <TextLine id="tr_2_tl_1" custom="readingOrder {index:0;}">
                <Coords points="885,211 945,212 999,234 1069,204 1102,224 1144,211 1190,227 1285,201 1285,144 1185,156 1097,141 1059,174 965,138 885,148"/>
                <Baseline points="895,202 921,202 947,202 973,202 1000,204 1026,205 1052,205 1078,204 1105,202 1131,202 1157,202 1183,200 1210,199 1236,199 1262,199 1289,199"/>
                <TextEquiv>
                    <Unicode>box 14/5</Unicode>
                </TextEquiv>
            </TextLine>
            <TextLine id="tr_2_tl_2" custom="readingOrder {index:1;}">
                <Coords points="333,217 383,202 399,217 703,215 714,212 713,143 598,143 547,162 506,146 438,176 378,144 332,152"/>
                <Baseline points="343,205 368,203 393,202 418,202 443,203 468,204 493,205 518,205 543,205 568,205 593,205 618,205 643,205 668,204 693,203 719,205"/>
                <TextEquiv>
                    <Unicode>Freiwild</Unicode>
                </TextEquiv>
            </TextLine>
            <TextLine id="tr_2_tl_3" custom="readingOrder {index:2;}">
                <Coords points="1425,569 1454,570 1462,577 1477,575 1492,564 1515,577 1520,572 1532,572 1532,535 1520,532 1510,535 1460,515 1452,520 1425,515"/>
                <Baseline points="1435,567 1468,567 1501,567 1534,567"/>
                <TextEquiv>
                    <Unicode>-</Unicode>
                </TextEquiv>
            </TextLine>
            <TextLine id="tr_2_tl_4" custom="readingOrder {index:3;}">
                <Coords points="292,555 1545,620 1543,572 1372,535 290,504"/>
                <Baseline points="301,549 363,557 425,561 488,562 550,564 613,564 675,568 737,570 800,573 862,576 925,579 987,580 1049,582 1112,582 1174,586 1237,591 1299,592 1361,593 1424,596 1486,599 1549,596"/>
                <TextEquiv>
                    <Unicode>Schützenfest von Misch und Jaco , ebenda, „Trilby von du</Unicode>
                </TextEquiv>
            </TextLine>
            <TextLine id="tr_2_tl_5" custom="readingOrder {index:4;}">
                <Coords points="313,610 1309,660 1306,597 312,569"/>
                <Baseline points="322,596 371,596 420,600 470,602 519,602 569,604 618,607 667,610 717,611 766,611 816,614 865,617 914,617 964,618 1013,621 1063,623 1112,623 1161,625 1211,626 1260,629 1310,635"/>
                <TextEquiv>
                    <Unicode>Maurier=Potter, zu Pyrmont, Thorn und Wittenberg.</Unicode>
                </TextEquiv>
            </TextLine>
            <TextLine id="tr_2_tl_6" custom="readingOrder {index:5;}">
                <Coords points="381,655 1553,704 1550,632 1384,668 380,608"/>
                <Baseline points="391,644 449,657 507,659 565,662 623,665 682,667 740,668 798,671 856,674 914,674 973,677 1031,680 1089,680 1147,683 1205,687 1264,689 1322,691 1380,692 1438,696 1496,698 1555,698"/>
                <TextEquiv>
                    <Unicode>Das Gastspiel Ensemble des Hrn. Dr. Kurz brachte am 27. Juni</Unicode>
                </TextEquiv>
            </TextLine>
            <TextLine id="tr_2_tl_7" custom="readingOrder {index:6;}">
                <Coords points="307,698 1540,759 1550,703 632,693 305,648"/>
                <Baseline points="316,695 381,696 446,698 511,702 576,704 642,707 707,709 772,713 837,713 902,716 968,719 1033,719 1098,722 1163,725 1228,729 1294,731 1359,732 1424,734 1489,737 1555,737"/>
                <TextEquiv>
                    <Unicode>im Krystall Palast zu Leipzig Schnitzlers Schauspiel „Freiwild mit</Unicode>
                </TextEquiv>
            </TextLine>
            <TextLine id="tr_2_tl_8" custom="readingOrder {index:7;}">
                <Coords points="307,738 1525,794 1532,741 305,694"/>
                <Baseline points="316,731 377,735 438,741 499,743 560,743 621,745 682,747 743,749 804,752 865,753 926,755 987,758 1048,762 1109,762 1170,764 1231,767 1292,769 1353,770 1414,775 1475,776 1537,773"/>
                <TextEquiv>
                    <Unicode>Erfolg zur Aufführung. Das „Leipziger Tageblatt" schreibt:</Unicode>
                </TextEquiv>
            </TextLine>
            <TextLine id="tr_2_tl_9" custom="readingOrder {index:8;}">
                <Coords points="308,779 1543,832 1475,781 307,739"/>
                <Baseline points="316,770 377,777 439,779 500,779 562,782 623,785 685,785 746,787 808,791 869,793 931,795 992,799 1054,799 1115,802 1177,803 1238,805 1300,808 1361,809 1423,813 1484,817 1546,814"/>
                <TextEquiv>
                    <Unicode>Leipzig, 27. Juni. Nach den „Bocksprüngen" brachte das Kurzsche</Unicode>
                </TextEquiv>
            </TextLine>
            <TextLine id="tr_2_tl_10" custom="readingOrder {index:9;}">
                <Coords points="298,815 1543,865 1541,830 1397,815 297,787"/>
                <Baseline points="307,811 372,812 437,814 502,818 567,820 633,821 698,823 763,826 828,828 893,832 959,835 1024,838 1089,839 1154,844 1219,848 1285,850 1350,850 1415,850 1480,856 1546,859"/>
                <TextEquiv>
                    <Unicode>Ensemble gestern eine ernste Novität, das Schauspiel „Freiwild von</Unicode>
                </TextEquiv>
            </TextLine>
            <TextLine id="tr_2_tl_11" custom="readingOrder {index:10;}">
                <Coords points="295,862 1545,903 1543,867 1440,852 293,814"/>
                <Baseline points="304,850 366,851 428,853 490,856 553,859 615,859 677,862 739,864 802,868 864,870 926,874 988,875 1051,879 1113,880 1175,883 1237,883 1300,887 1362,891 1424,892 1486,895 1549,895"/>
                <TextEquiv>
                    <Unicode>Arthur Schnitzler, einem jungen Wiener Dichter, dem die Kritik, be¬</Unicode>
                </TextEquiv>
            </TextLine>
            <TextLine id="tr_2_tl_12" custom="readingOrder {index:11;}">
                <Coords points="302,900 1502,950 1538,900 300,857"/>
                <Baseline points="310,889 371,890 433,892 494,895 556,899 618,898 679,902 741,906 803,907 864,910 926,912 988,913 1049,916 1111,919 1173,922 1234,924 1296,925 1358,928 1419,930 1481,934 1543,934"/>
                <TextEquiv>
                    <Unicode>sonders die jüngstdeutsche, ein sehr günstiges Horoskop stellt. Nach einer</Unicode>
                </TextEquiv>
            </TextLine>
            <TextLine id="tr_2_tl_13" custom="readingOrder {index:12;}">
                <Coords points="295,935 1523,993 1530,951 293,900"/>
                <Baseline points="304,925 365,929 427,931 488,934 550,935 611,937 673,941 734,943 796,946 857,948 919,954 980,955 1042,956 1103,958 1165,962 1226,964 1288,967 1349,970 1411,970 1472,973 1534,973"/>
                <TextEquiv>
                    <Unicode>Seite hin wird dies wohl durch „Freiwild“ bestätigt; die Handlung</Unicode>
                </TextEquiv>
            </TextLine>
            <TextLine id="tr_2_tl_14" custom="readingOrder {index:13;}">
                <Coords points="302,983 1376,1028 1537,994 300,936"/>
                <Baseline points="310,967 371,968 433,970 494,973 556,976 617,976 679,977 740,981 802,985 863,989 925,990 986,993 1048,994 1109,996 1171,1002 1232,1002 1294,1005 1355,1008 1417,1010 1478,1014 1540,1014"/>
                <TextEquiv>
                    <Unicode>hat eine consequente Entwickelung; sie bewegt sich nicht in Zickzacklinien</Unicode>
                </TextEquiv>
            </TextLine>
            <TextLine id="tr_2_tl_15" custom="readingOrder {index:14;}">
                <Coords points="295,1013 1523,1059 1465,1016 295,978"/>
                <Baseline points="304,1005 365,1006 426,1008 487,1014 548,1015 609,1019 670,1017 731,1019 792,1023 853,1027 914,1029 975,1032 1036,1035 1097,1037 1158,1041 1219,1041 1280,1043 1341,1047 1402,1050 1463,1053 1525,1053"/>
                <TextEquiv>
                    <Unicode>und die Spannung bleibt fortwährend auf den Hauptvorgang gerichtet.</Unicode>
                </TextEquiv>
            </TextLine>
            <TextLine id="tr_2_tl_16" custom="readingOrder {index:15;}">
                <Coords points="295,1053 1510,1111 1522,1061 293,1011"/>
                <Baseline points="304,1044 365,1045 426,1049 487,1053 548,1053 610,1056 671,1059 732,1061 793,1062 854,1066 916,1068 977,1071 1038,1072 1099,1076 1160,1080 1222,1083 1283,1083 1344,1086 1405,1088 1466,1092 1528,1095"/>
                <TextEquiv>
                    <Unicode>Das Stück ist ein Thesenstück; die These wird mit folgerichtiger Logik,</Unicode>
                </TextEquiv>
            </TextLine>
            <TextLine id="tr_2_tl_17" custom="readingOrder {index:16;}">
                <Coords points="288,1089 1522,1135 1417,1089 287,1044"/>
                <Baseline points="298,1083 359,1086 420,1088 482,1089 543,1092 604,1095 666,1098 727,1098 788,1101 850,1105 911,1109 972,1110 1034,1114 1095,1118 1156,1119 1218,1121 1279,1122 1340,1123 1402,1127 1463,1131 1525,1131"/>
                <TextEquiv>
                    <Unicode>behandelt. Die Standesehre, die Ehre des Offizierstandes ist die Grund¬</Unicode>
                </TextEquiv>
            </TextLine>
            <TextLine id="tr_2_tl_18" custom="readingOrder {index:17;}">
                <Coords points="285,1139 1512,1185 1475,1135 283,1091"/>
                <Baseline points="292,1122 353,1125 414,1127 475,1131 536,1132 598,1134 659,1138 720,1140 781,1143 842,1146 904,1148 965,1149 1026,1153 1087,1155 1148,1158 1210,1160 1271,1161 1332,1164 1393,1166 1454,1170 1516,1161"/>
                <TextEquiv>
                    <Unicode>lage der Handlung. Folgt Inhalt.) „Ein Fetzen des wirklichen Lebens</Unicode>
                </TextEquiv>
            </TextLine>
            <TextLine id="tr_2_tl_19" custom="readingOrder {index:18;}">
                <Coords points="285,1174 1449,1227 1522,1225 1520,1178 283,1140"/>
                <Baseline points="292,1164 353,1165 415,1169 476,1170 538,1173 600,1173 661,1176 723,1178 785,1182 846,1186 908,1189 970,1190 1031,1192 1093,1193 1155,1196 1216,1198 1278,1202 1340,1205 1401,1205 1463,1208 1525,1211"/>
                <TextEquiv>
                    <Unicode>wie Zola sagt und hier auf die Bühne gebracht. Stück und Darstellung</Unicode>
                </TextEquiv>
            </TextLine>
            <TextLine id="tr_2_tl_20" custom="readingOrder {index:19;}">
                <Coords points="292,1212 668,1233 731,1218 827,1240 847,1238 845,1185 519,1187 467,1170 449,1190 290,1170"/>
                <Baseline points="301,1199 328,1203 355,1205 383,1205 410,1206 438,1208 465,1208 493,1209 520,1211 548,1211 575,1211 602,1213 630,1214 657,1214 685,1214 712,1215 740,1219 767,1220 795,1220 822,1222 850,1220"/>
                <TextEquiv>
                    <Unicode>fanden lebhaften Beifall.</Unicode>
                </TextEquiv>
            </TextLine>
            <TextLine id="tr_2_tl_21" custom="readingOrder {index:20;}">
                <Coords points="971,1236 1498,1265 1512,1227 1011,1193 970,1208"/>
                <Baseline points="979,1229 1005,1231 1032,1233 1059,1234 1086,1235 1113,1235 1140,1235 1166,1236 1193,1237 1220,1238 1247,1238 1274,1240 1301,1242 1328,1243 1354,1245 1381,1247 1408,1247 1435,1247 1462,1247 1489,1242 1516,1235"/>
                <TextEquiv>
                    <Unicode>„Akademische Rundschau".</Unicode>
                </TextEquiv>
            </TextLine>
            <TextLine id="tr_2_tl_22" custom="readingOrder {index:21;}">
                <Coords points="189,1260 1049,1338 1437,1321 1520,1298 1518,1261 186,1210"/>
                <Baseline points="197,1238 263,1236 329,1241 395,1245 462,1247 528,1250 594,1252 660,1253 727,1258 793,1260 859,1262 925,1266 992,1270 1058,1274 1124,1276 1190,1278 1257,1283 1323,1283 1389,1286 1455,1289 1522,1289"/>
                <TextEquiv>
                    <Unicode>der Während in den Städten die Musentempel den Hochsommer über</Unicode>
                </TextEquiv>
            </TextLine>
            <TextLine id="tr_2_tl_23" custom="readingOrder {index:22;}">
                <Coords points="449,1550 1682,1546 1659,1475 449,1512"/>
                <Baseline points="459,1543 520,1543 581,1542 643,1540 704,1540 765,1540 827,1540 888,1540 949,1540 1011,1543 1072,1542 1133,1540 1195,1540 1256,1540 1317,1540 1379,1543 1440,1541 1501,1540 1563,1540 1624,1540 1686,1534"/>
                <TextEquiv>
                    <Unicode>geschliffen sind ist man hier eifrig bemüht, den Leipzigern die theater¬</Unicode>
                </TextEquiv>
            </TextLine>
            <TextLine id="tr_2_tl_24" custom="readingOrder {index:23;}">
                <Coords points="444,1588 1677,1598 1666,1545 444,1550"/>
                <Baseline points="453,1579 514,1581 575,1579 637,1579 698,1579 759,1581 821,1580 882,1582 943,1582 1005,1579 1066,1579 1127,1579 1189,1579 1250,1579 1311,1579 1373,1579 1434,1582 1495,1579 1557,1581 1618,1579 1680,1582"/>
                <TextEquiv>
                    <Unicode>lose, die schreckliche Zeit zu ersparen; die natürliche Folge davon ist, daß</Unicode>
                </TextEquiv>
            </TextLine>
            <TextLine id="tr_2_tl_25" custom="readingOrder {index:24;}">
                <Coords points="444,1631 1677,1628 1619,1583 444,1586"/>
                <Baseline points="453,1620 514,1620 575,1617 637,1619 698,1617 759,1617 821,1617 882,1619 943,1617 1005,1617 1066,1619 1127,1617 1189,1617 1250,1617 1311,1617 1373,1617 1434,1620 1495,1617 1557,1617 1618,1617 1680,1617"/>
                <TextEquiv>
                    <Unicode>sich er ein kleines Häuflein Getreuer Abend für Abend zusammenfindet,</Unicode>
                </TextEquiv>
            </TextLine>
            <TextLine id="tr_2_tl_26" custom="readingOrder {index:25;}">
                <Coords points="448,1666 1676,1666 1654,1621 448,1633"/>
                <Baseline points="456,1656 517,1656 578,1656 639,1656 700,1656 762,1658 823,1656 884,1658 945,1656 1006,1656 1068,1656 1129,1658 1190,1656 1251,1657 1312,1657 1374,1659 1435,1659 1496,1656 1557,1656 1618,1656 1680,1653"/>
                <TextEquiv>
                    <Unicode>wenn auch Dichter und Darsteller weit mehr Beachtung verdienen. Diese</Unicode>
                </TextEquiv>
            </TextLine>
            <TextLine id="tr_2_tl_27" custom="readingOrder {index:26;}">
                <Coords points="452,1706 1679,1714 1679,1664 1568,1659 452,1664"/>
                <Baseline points="462,1692 523,1696 584,1698 645,1695 706,1695 767,1695 828,1695 889,1697 950,1695 1011,1697 1072,1697 1133,1698 1194,1697 1255,1697 1316,1695 1377,1695 1438,1697 1499,1698 1560,1698 1621,1696 1683,1695"/>
                <TextEquiv>
                    <Unicode>Bemerkung muß man vor allem bei „Freiwild“, Schauspiel in drei</Unicode>
                </TextEquiv>
            </TextLine>
            <TextLine id="tr_2_tl_28" custom="readingOrder {index:27;}">
                <Coords points="448,1744 1676,1740 1613,1697 448,1704"/>
                <Baseline points="456,1737 517,1737 578,1736 639,1736 700,1734 762,1734 823,1737 884,1737 945,1737 1006,1737 1068,1734 1129,1734 1190,1737 1251,1739 1312,1735 1374,1734 1435,1737 1496,1737 1557,1734 1618,1734 1680,1731"/>
                <TextEquiv>
                    <Unicode>Akten von Arthur Schnitzler, machen, das jetzt allabendlich im Theater¬</Unicode>
                </TextEquiv>
            </TextLine>
            <TextLine id="tr_2_tl_29" custom="readingOrder {index:28;}">
                <Coords points="449,1783 1674,1782 1674,1735 449,1744"/>
                <Baseline points="459,1776 519,1776 580,1776 641,1776 702,1776 763,1776 824,1776 885,1776 946,1776 1007,1776 1068,1774 1128,1776 1189,1776 1250,1776 1311,1776 1372,1776 1433,1776 1494,1776 1555,1776 1616,1774 1677,1773"/>
                <TextEquiv>
                    <Unicode>saale des Krystallpalastes über die Bretter geht. Das Stück behandelt</Unicode>
                </TextEquiv>
            </TextLine>
            <TextLine id="tr_2_tl_30" custom="readingOrder {index:29;}">
                <Coords points="441,1820 1674,1825 1636,1777 441,1787"/>
                <Baseline points="450,1814 511,1814 572,1814 634,1814 695,1814 756,1816 818,1814 879,1816 940,1814 1002,1814 1063,1812 1124,1814 1186,1814 1247,1814 1308,1814 1370,1814 1431,1814 1492,1814 1554,1814 1615,1812 1677,1811"/>
                <TextEquiv>
                    <Unicode>die Duellfrage. (Folgt Inhalt.) Diese Handlung ist mit dem ganzen</Unicode>
                </TextEquiv>
            </TextLine>
            <TextLine id="tr_2_tl_31" custom="readingOrder {index:30;}">
                <Coords points="449,1865 1682,1868 1684,1818 451,1822"/>
                <Baseline points="459,1856 520,1853 581,1853 643,1853 704,1853 765,1853 827,1853 888,1852 949,1852 1011,1853 1072,1853 1133,1853 1195,1853 1256,1853 1317,1853 1379,1850 1440,1853 1501,1853 1563,1849 1624,1847 1686,1844"/>
                <TextEquiv>
                    <Unicode>scenischen Geschick, mit der blendenden Bühnentechnik Schnitzlers zum</Unicode>
                </TextEquiv>
            </TextLine>
            <TextLine id="tr_2_tl_32" custom="readingOrder {index:31;}">
                <Coords points="449,1904 1570,1898 1541,1858 449,1866"/>
                <Baseline points="459,1892 514,1892 570,1892 626,1892 681,1895 737,1892 793,1892 848,1892 904,1892 960,1892 1016,1892 1071,1892 1127,1892 1183,1892 1238,1892 1294,1892 1350,1892 1405,1891 1461,1891 1517,1892 1573,1886"/>
                <TextEquiv>
                    <Unicode>Leben erweckt. Der erste Akt weist eine klare, vielleicht etwas zu</Unicode>
                </TextEquiv>
            </TextLine>
            <TextLine id="tr_2_tl_33" custom="readingOrder {index:32;}">
                <Coords points="444,1936 1586,1941 1563,1896 444,1906"/>
                <Baseline points="453,1931 509,1934 566,1934 623,1932 680,1934 737,1931 794,1931 850,1931 907,1931 964,1931 1021,1934 1078,1934 1135,1932 1192,1931 1248,1931 1305,1931 1362,1931 1419,1931 1476,1930 1533,1930 1590,1928"/>
                <TextEquiv>
                    <Unicode>Exposition auf. Trefflich knapp und spannend ist der zweite Akt.</Unicode>
                </TextEquiv>
            </TextLine>
            <TextLine id="tr_2_tl_34" custom="readingOrder {index:33;}">
                <Coords points="448,1979 1624,1976 1624,1936 448,1938"/>
                <Baseline points="456,1970 514,1973 573,1973 631,1970 690,1970 749,1970 807,1970 866,1973 925,1970 983,1972 1042,1973 1101,1970 1159,1972 1218,1973 1277,1970 1335,1970 1394,1970 1453,1970 1511,1970 1570,1970 1629,1970"/>
                <TextEquiv>
                    <Unicode>ist fast, als ob der Dichter bei intimerem Milieu eine knappere Scel.</Unicode>
                </TextEquiv>
            </TextLine>
            <TextLine id="tr_2_tl_35" custom="readingOrder {index:34;}">
                <Coords points="448,2025 1633,2022 1634,1979 449,1981"/>
                <Baseline points="459,2011 521,2011 583,2011 645,2011 707,2008 769,2008 831,2011 893,2009 955,2011 1017,2008 1079,2009 1141,2011 1203,2010 1265,2008 1327,2008 1389,2008 1451,2008 1513,2008 1575,2008 1638,2005"/>
                <TextEquiv>
                    <Unicode>führung bieten könnte. Trotz Ausstellungen ist das Schauspiel ein</Unicode>
                </TextEquiv>
            </TextLine>
            <TextLine id="tr_2_tl_36" custom="readingOrder {index:35;}">
                <Coords points="448,2072 1682,2060 1682,2007 448,2024"/>
                <Baseline points="456,2050 517,2050 579,2049 640,2047 702,2047 763,2050 825,2050 886,2050 948,2048 1009,2050 1071,2050 1132,2050 1194,2050 1255,2047 1317,2047 1378,2047 1440,2047 1501,2047 1563,2047 1624,2047 1686,2047"/>
                <TextEquiv>
                    <Unicode>allseitigen Beachtung werth. Die Darstellung war durchweg befriedigend.</Unicode>
                </TextEquiv>
            </TextLine>
            <TextLine id="tr_2_tl_37" custom="readingOrder {index:36;}">
                <Coords points="504,2095 1676,2098 1626,2050 504,2059"/>
                <Baseline points="513,2089 571,2089 629,2089 688,2089 746,2089 804,2089 863,2089 921,2089 979,2089 1038,2089 1096,2089 1154,2089 1213,2087 1271,2083 1329,2086 1388,2086 1446,2086 1504,2086 1563,2086 1621,2086 1680,2083"/>
                <TextEquiv>
                    <Unicode>Ferner „Leipziger Neueste Nachrichten": Unsere fremden Gäste</Unicode>
                </TextEquiv>
            </TextLine>
            <TextLine id="tr_2_tl_38" custom="readingOrder {index:37;}">
                <Coords points="448,2137 1681,2133 1624,2090 448,2098"/>
                <Baseline points="456,2128 517,2128 578,2128 640,2128 701,2128 762,2128 824,2128 885,2128 946,2128 1008,2128 1069,2128 1130,2128 1192,2128 1253,2127 1314,2125 1376,2125 1437,2125 1498,2125 1560,2125 1621,2125 1683,2125"/>
                <TextEquiv>
                    <Unicode>im Krystall-Palast haben seit dem vorgestrigen Sonnabend an die Stelle</Unicode>
                </TextEquiv>
            </TextLine>
            <TextLine id="tr_2_tl_39" custom="readingOrder {index:38;}">
                <Coords points="448,2180 1686,2171 1686,2128 448,2135"/>
                <Baseline points="456,2170 517,2167 579,2167 640,2167 702,2167 764,2167 825,2167 887,2167 949,2167 1010,2167 1072,2167 1134,2167 1195,2167 1257,2165 1319,2165 1380,2164 1442,2164 1504,2164 1565,2164 1627,2164 1689,2161"/>
                <TextEquiv>
                    <Unicode>des Humors, der bocksprungartigen Bühnenkomik die ernstere Seite des</Unicode>
                </TextEquiv>
            </TextLine>
            <TextLine id="tr_2_tl_40" custom="readingOrder {index:39;}">
                <Coords points="444,2214 1697,2211 1697,2173 1608,2166 444,2171"/>
                <Baseline points="453,2205 515,2205 577,2205 640,2207 702,2205 765,2205 827,2205 889,2205 952,2205 1014,2205 1077,2205 1139,2205 1201,2205 1264,2205 1326,2205 1389,2205 1451,2205 1513,2205 1576,2203 1638,2203 1701,2202"/>
                <TextEquiv>
                    <Unicode>Lebens treten lassen, indem sie das neue dreiaktige Schauspie des Wiener</Unicode>
                </TextEquiv>
            </TextLine>
            <TextLine id="tr_2_tl_41" custom="readingOrder {index:40;}">
                <Coords points="452,2259 1694,2249 1681,2208 452,2213"/>
                <Baseline points="462,2247 523,2247 585,2244 647,2246 709,2247 771,2244 832,2244 894,2244 956,2244 1018,2244 1080,2246 1141,2246 1203,2250 1265,2246 1327,2244 1389,2244 1450,2244 1512,2244 1574,2243 1636,2243 1698,2244"/>
                <TextEquiv>
                    <Unicode>Arztes und Dichters Arthur Schnitzler „Freiwild“ ihrem Repertoire</Unicode>
                </TextEquiv>
            </TextLine>
            <TextLine id="tr_2_tl_42" custom="readingOrder {index:41;}">
                <Coords points="452,2299 1694,2301 1664,2244 452,2262"/>
                <Baseline points="462,2286 523,2286 585,2286 647,2286 709,2289 771,2286 832,2286 894,2283 956,2283 1018,2283 1080,2283 1141,2285 1203,2283 1265,2283 1327,2285 1389,2283 1450,2283 1512,2280 1574,2283 1636,2283 1698,2280"/>
                <TextEquiv>
                    <Unicode>einverleibten. „Freiwild“ ist kein Sensationstück, zu dem es von ge¬</Unicode>
                </TextEquiv>
            </TextLine>
            <TextLine id="tr_2_tl_43" custom="readingOrder {index:42;}">
                <Coords points="448,2332 1646,2354 1674,2286 449,2296"/>
                <Baseline points="456,2325 517,2325 578,2325 639,2325 700,2325 761,2325 822,2325 883,2324 944,2322 1005,2325 1066,2325 1127,2323 1188,2322 1249,2325 1310,2325 1371,2322 1432,2322 1493,2322 1554,2322 1615,2320 1677,2313"/>
                <TextEquiv>
                    <Unicode>wisser Seite gestempelt werden sollte, es ist lediglich ein Tendenzstück</Unicode>
                </TextEquiv>
            </TextLine>
            <TextLine id="tr_2_tl_44" custom="readingOrder {index:43;}">
                <Coords points="449,2377 1633,2367 1551,2324 449,2332"/>
                <Baseline points="459,2361 517,2364 576,2364 635,2364 694,2361 753,2364 811,2364 870,2361 929,2364 988,2362 1047,2364 1105,2364 1164,2364 1223,2364 1282,2364 1341,2361 1399,2361 1458,2361 1517,2361 1576,2361 1635,2355"/>
                <TextEquiv>
                    <Unicode>das sich mit der allerdings gerade in jüngster Zeit hochactuell geworde</Unicode>
                </TextEquiv>
            </TextLine>
            <TextLine id="tr_2_tl_45" custom="readingOrder {index:44;}">
                <Coords points="452,2410 1624,2413 1624,2365 452,2370"/>
                <Baseline points="462,2402 520,2402 578,2402 637,2402 695,2402 753,2402 812,2402 870,2402 928,2402 987,2402 1045,2402 1103,2400 1162,2402 1220,2402 1278,2399 1337,2401 1395,2399 1453,2399 1512,2399 1570,2399 1629,2396"/>
                <TextEquiv>
                    <Unicode>Duellfrage beschäftigt. Man mag über den Standpunkt, den der</Unicode>
                </TextEquiv>
            </TextLine>
            <TextLine id="tr_2_tl_46" custom="readingOrder {index:45;}">
                <Coords points="452,2451 1639,2453 1641,2402 454,2408"/>
                <Baseline points="462,2444 521,2444 580,2441 639,2441 698,2441 757,2441 816,2441 875,2441 934,2441 993,2441 1053,2441 1112,2441 1171,2441 1230,2439 1289,2441 1348,2441 1407,2439 1466,2435 1525,2438 1584,2438 1644,2438"/>
                <TextEquiv>
                    <Unicode>fasser in dieser Frage einnimmt, denken wie man will — wir stel</Unicode>
                </TextEquiv>
            </TextLine>
            <TextLine id="tr_2_tl_47" custom="readingOrder {index:46;}">
                <Coords points="448,2485 1628,2493 1609,2441 448,2450"/>
                <Baseline points="456,2480 514,2483 573,2482 632,2482 691,2480 750,2480 808,2480 867,2480 926,2480 985,2480 1044,2480 1102,2480 1161,2480 1220,2480 1279,2477 1338,2475 1396,2477 1455,2477 1514,2477 1573,2477 1632,2477"/>
                <TextEquiv>
                    <Unicode>durchaus nicht in allen Stücken auf demselben — aber man muß</Unicode>
                </TextEquiv>
            </TextLine>
            <TextLine id="tr_2_tl_48" custom="readingOrder {index:47;}">
                <Coords points="448,2524 1643,2526 1643,2486 1545,2478 448,2486"/>
                <Baseline points="456,2519 515,2522 575,2522 634,2521 694,2519 753,2519 813,2519 872,2519 932,2519 991,2519 1051,2519 1111,2519 1170,2519 1230,2519 1289,2519 1349,2519 1408,2519 1468,2519 1527,2516 1587,2516 1647,2516"/>
                <TextEquiv>
                    <Unicode>ihm lassen, daß er die Consequenzen seiner Anschauung mit eiser</Unicode>
                </TextEquiv>
            </TextLine>
            <TextLine id="tr_2_tl_49" custom="readingOrder {index:48;}">
                <Coords points="448,2569 1648,2562 1648,2528 1545,2521 448,2528"/>
                <Baseline points="456,2561 515,2561 575,2561 635,2561 694,2561 754,2558 814,2558 873,2558 933,2558 993,2558 1053,2558 1112,2558 1172,2558 1232,2558 1291,2555 1351,2558 1411,2558 1470,2558 1530,2555 1590,2555 1650,2555"/>
                <TextEquiv>
                    <Unicode>Festigkeit zieht. „Der General Anzeiger“: Es ist auch ein re¬</Unicode>
                </TextEquiv>
            </TextLine>
            <TextLine id="tr_2_tl_50" custom="readingOrder {index:49;}">
                <Coords points="444,2602 1687,2606 1658,2544 444,2566"/>
                <Baseline points="453,2596 518,2596 583,2599 648,2596 713,2594 779,2596 844,2596 909,2593 974,2593 1039,2596 1105,2595 1170,2596 1235,2596 1300,2596 1365,2595 1431,2596 1496,2593 1561,2593 1626,2595 1692,2596"/>
                <TextEquiv>
                    <Unicode>interessantes Stück, welches die Gesellschaft an zweiter Stelle auf ihr</Unicode>
                </TextEquiv>
            </TextLine>
            <TextLine id="tr_2_tl_51" custom="readingOrder {index:50;}">
                <Coords points="449,2649 1682,2642 1682,2602 1624,2597 449,2607"/>
                <Baseline points="459,2635 520,2635 581,2635 643,2635 704,2635 765,2635 827,2634 888,2634 949,2635 1011,2633 1072,2635 1133,2635 1195,2635 1256,2637 1317,2638 1379,2635 1440,2635 1501,2633 1563,2635 1624,2635 1686,2635"/>
                <TextEquiv>
                    <Unicode>Repertoire gesetzt hat. Arthur Schnitzler's „Freiwild würde zu</Unicode>
                </TextEquiv>
            </TextLine>
            <TextLine id="tr_2_tl_52" custom="readingOrder {index:51;}">
                <Coords points="449,2680 1679,2680 1628,2637 449,2647"/>
                <Baseline points="459,2677 520,2674 581,2674 642,2674 703,2674 765,2674 826,2674 887,2674 948,2674 1009,2674 1071,2675 1132,2675 1193,2674 1254,2674 1315,2676 1377,2674 1438,2674 1499,2674 1560,2674 1621,2674 1683,2674"/>
                <TextEquiv>
                    <Unicode>einer günstigeren Zeit gewiß Beachtung finden, aber jetzt in der drückenden</Unicode>
                </TextEquiv>
            </TextLine>
            <TextLine id="tr_2_tl_53" custom="readingOrder {index:52;}">
                <Coords points="456,2720 1681,2718 1643,2675 456,2682"/>
                <Baseline points="465,2710 525,2713 586,2713 647,2713 708,2712 769,2710 830,2713 891,2713 952,2713 1013,2713 1074,2713 1134,2713 1195,2713 1256,2713 1317,2713 1378,2713 1439,2713 1500,2713 1561,2713 1622,2710 1683,2710"/>
                <TextEquiv>
                    <Unicode>Hundstagshitze den Abend unter Dach und Fach verbringen und dabei</Unicode>
                </TextEquiv>
            </TextLine>
            <TextLine id="tr_2_tl_54" custom="readingOrder {index:53;}">
                <Coords points="459,2761 1686,2765 1667,2717 459,2732"/>
                <Baseline points="468,2752 529,2752 590,2752 651,2752 712,2749 773,2751 834,2752 895,2752 956,2752 1017,2752 1078,2752 1139,2752 1200,2752 1261,2754 1322,2755 1383,2752 1444,2752 1505,2755 1566,2752 1627,2752 1689,2752"/>
                <TextEquiv>
                    <Unicode>so ernste Probleme lösen sollen, das ist wirklich zuviel verlangt. Selbst</Unicode>
                </TextEquiv>
            </TextLine>
            <TextLine id="tr_2_tl_55" custom="readingOrder {index:54;}">
                <Coords points="452,2796 1682,2796 1628,2753 452,2760"/>
                <Baseline points="462,2790 523,2790 584,2790 645,2790 706,2790 768,2790 829,2789 890,2789 951,2790 1012,2791 1074,2791 1135,2790 1196,2790 1257,2790 1318,2790 1380,2790 1441,2790 1502,2790 1563,2792 1624,2790 1686,2790"/>
                <TextEquiv>
                    <Unicode>die lebhafte Ausstellungsfrequenz der Stadt kann den Erfolg eines</Unicode>
                </TextEquiv>
            </TextLine>
            <TextLine id="tr_2_tl_56" custom="readingOrder {index:55;}">
                <Coords points="456,2838 1689,2841 1689,2800 1591,2791 456,2798"/>
                <Baseline points="465,2829 526,2829 587,2829 649,2829 710,2829 771,2829 833,2829 894,2829 955,2832 1017,2830 1078,2830 1139,2829 1201,2831 1262,2829 1323,2832 1385,2830 1446,2829 1507,2830 1569,2832 1630,2832 1692,2829"/>
                <TextEquiv>
                    <Unicode>solchen Unternehmens nicht steigern. Arthur Schnitzler kämpfte in</Unicode>
                </TextEquiv>
            </TextLine>
            <TextLine id="tr_2_tl_57" custom="readingOrder {index:56;}">
                <Coords points="452,2882 1672,2874 1634,2831 452,2838"/>
                <Baseline points="462,2871 522,2868 583,2870 644,2868 705,2868 765,2868 826,2868 887,2868 948,2868 1008,2868 1069,2868 1130,2868 1191,2868 1251,2870 1312,2871 1373,2871 1434,2871 1494,2868 1555,2868 1616,2868 1677,2868"/>
                <TextEquiv>
                    <Unicode>seinem „Freiwild" gegen zwei tiefeingewurzelte Mißbräuche der soge</Unicode>
                </TextEquiv>
            </TextLine>
            <TextLine id="tr_2_tl_58" custom="readingOrder {index:57;}">
                <Coords points="444,2916 1702,2921 1633,2871 444,2877"/>
                <Baseline points="453,2907 515,2907 578,2907 641,2907 703,2907 766,2907 829,2909 891,2907 954,2907 1017,2907 1080,2910 1142,2910 1205,2908 1268,2908 1330,2910 1393,2910 1456,2910 1518,2910 1581,2910 1644,2908 1707,2907"/>
                <TextEquiv>
                    <Unicode>nannten Gesellschaft. Der Autor geißelt die traurige Lage der Künst¬</Unicode>
                </TextEquiv>
            </TextLine>
            <TextLine id="tr_2_tl_59" custom="readingOrder {index:58;}">
                <Coords points="449,2952 1686,2959 1686,2919 1633,2914 449,2912"/>
                <Baseline points="459,2946 520,2946 582,2946 643,2949 705,2947 766,2946 828,2946 889,2946 951,2949 1012,2946 1074,2946 1135,2946 1197,2949 1258,2946 1320,2948 1381,2948 1443,2949 1504,2949 1566,2949 1627,2949 1689,2949"/>
                <TextEquiv>
                    <Unicode>lerinnen ganz ausgezeichnet, er hat die Krebsschäden in ihrer ganzen</Unicode>
                </TextEquiv>
            </TextLine>
            <TextLine id="tr_2_tl_60" custom="readingOrder {index:59;}">
                <Coords points="452,2992 1687,2995 1661,2955 452,2957"/>
                <Baseline points="462,2987 523,2987 585,2987 646,2984 708,2985 769,2987 831,2986 892,2984 954,2987 1015,2987 1077,2985 1138,2987 1200,2987 1261,2987 1323,2987 1384,2987 1446,2987 1507,2987 1569,2987 1630,2987 1692,2987"/>
                <TextEquiv>
                    <Unicode>Tiefe erfaßt, namentlich aber ist die Scene in Rönning's Zimmer, die</Unicode>
                </TextEquiv>
            </TextLine>
            <TextLine id="tr_2_tl_61" custom="readingOrder {index:60;}">
                <Coords points="452,3032 1682,3035 1659,2995 452,2993"/>
                <Baseline points="462,3026 523,3023 584,3023 645,3023 706,3023 768,3025 829,3023 890,3023 951,3026 1012,3026 1074,3024 1135,3026 1196,3026 1257,3026 1318,3026 1380,3024 1441,3026 1502,3028 1563,3026 1624,3029 1686,3029"/>
                <TextEquiv>
                    <Unicode>Unterredung mit seinen beiden Freunden, die sich ihm als Zeugen zur</Unicode>
                </TextEquiv>
            </TextLine>
            <TextLine id="tr_2_tl_62" custom="readingOrder {index:61;}">
                <Coords points="456,3073 1681,3070 1616,3028 456,3030"/>
                <Baseline points="465,3062 525,3065 586,3065 647,3065 708,3063 769,3065 830,3065 891,3065 952,3065 1013,3067 1074,3065 1134,3065 1195,3065 1256,3065 1317,3065 1378,3065 1439,3065 1500,3065 1561,3065 1622,3065 1683,3065"/>
                <TextEquiv>
                    <Unicode>Verfügung stellen, meisterhaft gezeichnet und die Künstler des Kurz schen</Unicode>
                </TextEquiv>
            </TextLine>
            <TextLine id="tr_2_tl_63" custom="readingOrder {index:62;}">
                <Coords points="449,3108 1682,3111 1644,3070 449,3071"/>
                <Baseline points="459,3098 520,3104 581,3104 643,3104 704,3104 765,3104 827,3104 888,3104 949,3104 1011,3104 1072,3104 1133,3104 1195,3104 1256,3104 1317,3104 1379,3104 1440,3104 1501,3104 1563,3106 1624,3104 1686,3098"/>
                <TextEquiv>
                    <Unicode>Ensembles geben sie mit echt künstlerischer Vollendung wieder. Der Ab¬</Unicode>
                </TextEquiv>
            </TextLine>
            <TextLine id="tr_2_tl_64" custom="readingOrder {index:63;}">
                <Coords points="462,3154 1687,3156 1674,3111 461,3109"/>
                <Baseline points="471,3140 531,3143 592,3143 653,3143 714,3141 775,3143 836,3143 897,3143 958,3143 1019,3143 1080,3143 1140,3143 1201,3142 1262,3142 1323,3143 1384,3145 1445,3143 1506,3143 1567,3146 1628,3146 1689,3146"/>
                <TextEquiv>
                    <Unicode>schluß, in welchem der Gegner des Duells mit hocherhobenem Haupte</Unicode>
                </TextEquiv>
            </TextLine>
            <TextLine id="tr_2_tl_65" custom="readingOrder {index:64;}">
                <Coords points="452,3192 1686,3186 1667,3149 452,3151"/>
                <Baseline points="462,3184 523,3181 584,3181 646,3181 707,3181 768,3181 830,3181 891,3181 952,3181 1014,3184 1075,3181 1136,3181 1198,3181 1259,3181 1320,3181 1382,3181 1443,3181 1504,3181 1566,3181 1627,3179 1689,3172"/>
                <TextEquiv>
                    <Unicode>dem Meuchelmörder in den Weg tritt und von diesem wehrlos getödte</Unicode>
                </TextEquiv>
            </TextLine>
            <TextLine id="tr_2_tl_66" custom="readingOrder {index:65;}">
                <Coords points="452,3227 1586,3234 1541,3184 452,3192"/>
                <Baseline points="462,3220 518,3220 574,3220 631,3222 687,3220 744,3220 800,3220 856,3220 913,3220 969,3220 1026,3222 1082,3220 1138,3220 1195,3220 1251,3220 1308,3220 1364,3220 1420,3220 1477,3220 1533,3220 1590,3223"/>
                <TextEquiv>
                    <Unicode>wird, der also zeigt, auf welcher Seite der wahre heroische Mi¬</Unicode>
                </TextEquiv>
            </TextLine>
            <TextLine id="tr_2_tl_67" custom="readingOrder {index:66;}">
                <Coords points="456,3270 1578,3254 456,3227"/>
                <Baseline points="465,3256 520,3259 576,3259 632,3259 688,3259 744,3259 800,3259 855,3259 911,3259 967,3259 1023,3261 1079,3260 1135,3259 1191,3261 1246,3259 1302,3259 1358,3259 1414,3260 1470,3260 1526,3252 1582,3247"/>
                <TextEquiv>
                    <Unicode>suchen war, wirkt geradezu vernichtend für die Auffassung über</Unicode>
                </TextEquiv>
            </TextLine>
            <TextLine id="tr_2_tl_68" custom="readingOrder {index:67;}">
                <Coords points="452,3312 1522,3308 1522,3274 1394,3264 452,3267"/>
                <Baseline points="462,3301 515,3298 568,3300 621,3299 674,3298 727,3298 780,3298 834,3298 887,3300 940,3298 993,3298 1046,3299 1099,3301 1152,3299 1206,3298 1259,3301 1312,3298 1365,3298 1418,3298 1471,3300 1525,3298"/>
                <TextEquiv>
                    <Unicode>händel, von welcher sich gewisse Kreise immer noch nicht loszu</Unicode>
                </TextEquiv>
            </TextLine>
            <TextLine id="tr_2_tl_69" custom="readingOrder {index:68;}">
                <Coords points="452,3348 1503,3353 1475,3303 452,3310"/>
                <Baseline points="462,3337 514,3337 566,3338 618,3340 671,3338 723,3337 775,3337 827,3337 880,3339 932,3337 984,3339 1036,3340 1089,3340 1141,3337 1193,3339 1245,3337 1298,3337 1350,3337 1402,3337 1454,3337 1507,3337"/>
                <TextEquiv>
                    <Unicode>mögen. Der Autor läßt den Mörder mit den charakteristisch</Unicode>
                </TextEquiv>
            </TextLine>
            <TextLine id="tr_2_tl_70" custom="readingOrder {index:69;}">
                <Coords points="448,3388 1485,3388 1455,3342 448,3348"/>
                <Baseline points="456,3375 507,3378 559,3378 610,3378 662,3376 714,3377 765,3378 817,3375 869,3375 920,3375 972,3375 1024,3377 1075,3378 1127,3378 1179,3375 1230,3375 1282,3375 1334,3375 1385,3375 1437,3375 1489,3372"/>
                <TextEquiv>
                    <Unicode>abgehen: „So, nun ist meine Ehre gerettet!" Ob es Arthur</Unicode>
                </TextEquiv>
            </TextLine>
            <TextLine id="tr_2_tl_71" custom="readingOrder {index:70;}">
                <Coords points="452,3428 1530,3423 1520,3375 452,3390"/>
                <Baseline points="462,3420 515,3417 569,3417 622,3415 676,3414 730,3414 783,3416 837,3414 890,3416 944,3417 998,3417 1051,3417 1105,3417 1158,3417 1212,3415 1266,3414 1319,3414 1373,3414 1426,3414 1480,3414 1534,3417"/>
                <TextEquiv>
                    <Unicode>gelingen wird, mit seinem interessanten Werke in die Max</Unicode>
                </TextEquiv>
            </TextLine>
            <TextLine id="tr_2_tl_72" custom="readingOrder {index:71;}">
                <Coords points="456,3464 1565,3474 1565,3401 1359,3443 456,3428"/>
                <Baseline points="465,3456 520,3456 575,3456 630,3456 685,3455 740,3455 795,3456 850,3456 905,3456 960,3456 1016,3456 1071,3456 1126,3456 1181,3456 1236,3456 1291,3456 1346,3456 1401,3456 1456,3454 1511,3453 1567,3453"/>
                <TextEquiv>
                    <Unicode>Standesvorurtheile Bresche zu legen? Wir wollens abwarter</Unicode>
                </TextEquiv>
            </TextLine>
            <TextLine id="tr_2_tl_73" custom="readingOrder {index:72;}">
                <Coords points="564,3514 1578,3516 1565,3458 1513,3486 1248,3458 564,3486"/>
                <Baseline points="573,3507 623,3507 673,3504 724,3504 774,3506 825,3507 875,3507 926,3507 976,3507 1027,3507 1077,3504 1127,3504 1178,3504 1228,3504 1279,3506 1329,3504 1380,3504 1430,3504 1481,3505 1531,3507 1582,3507"/>
                <TextEquiv>
                    <Unicode>„Das Lumpengesindel kommt im Elysium-Theater zu</Unicode>
                </TextEquiv>
            </TextLine>
            <TextLine id="tr_2_tl_74" custom="readingOrder {index:73;}">
                <Coords points="444,3555 511,3577 539,3560 578,3569 607,3549 653,3567 696,3550 738,3550 757,3567 825,3557 825,3516 814,3514 612,3521 564,3516 539,3497 506,3512 444,3506"/>
                <Baseline points="453,3546 478,3546 503,3546 528,3548 553,3548 578,3547 603,3546 628,3546 653,3546 678,3546 703,3546 728,3546 753,3546 778,3546 803,3546 829,3546"/>
                <TextEquiv>
                    <Unicode>berg zur Aufführung.</Unicode>
                </TextEquiv>
            </TextLine>
            <TextLine id="tr_2_tl_75" custom="readingOrder {index:74;}">
                <Coords points="565,3620 1583,3620 1585,3557 1283,3532 567,3565"/>
                <Baseline points="576,3596 626,3593 677,3593 727,3593 778,3593 828,3593 879,3596 929,3595 980,3593 1030,3593 1081,3593 1132,3593 1182,3590 1233,3590 1283,3591 1334,3593 1384,3593 1435,3593 1485,3593 1536,3593 1587,3590"/>
                <TextEquiv>
                    <Unicode>„Die schöne Ungarin kommt am Volkstheater in Frankfurt</Unicode>
                </TextEquiv>
            </TextLine>
            <TextEquiv>
                <Unicode></Unicode>
            </TextEquiv>
        </TextRegion>
        <TextRegion orientation="0.0" id="tr_3" custom="readingOrder {index:2;}">
            <Coords points="1728,1576 1728,1713 1805,1713 1805,1576"/>
            <TextLine id="tr_3_tl_1" custom="readingOrder {index:0;}">
                <Coords points="1725,1623 1744,1626 1762,1619 1765,1623 1778,1621 1787,1628 1793,1621 1800,1621 1800,1585 1793,1585 1785,1591 1774,1590 1767,1593 1750,1583 1724,1585"/>
                <Baseline points="1734,1614 1769,1614 1805,1617"/>
                <TextEquiv>
                    <Unicode>Ben</Unicode>
                </TextEquiv>
            </TextLine>
            <TextLine id="tr_3_tl_2" custom="readingOrder {index:1;}">
                <Coords points="1717,1699 1744,1702 1752,1697 1754,1701 1760,1702 1770,1699 1780,1709 1783,1706 1793,1707 1795,1671 1783,1671 1767,1664 1752,1667 1745,1661 1739,1666 1719,1666"/>
                <Baseline points="1728,1695 1763,1692 1799,1692"/>
                <TextEquiv>
                    <Unicode>ver¬</Unicode>
                </TextEquiv>
            </TextLine>
            <TextEquiv>
                <Unicode></Unicode>
            </TextEquiv>
        </TextRegion>
        <TextRegion orientation="0.0" id="tr_4" custom="readingOrder {index:3;}">
            <Coords points="1838,177 1838,4132 3226,4132 3226,177"/>
            <TextLine id="tr_4_tl_1" custom="readingOrder {index:0;}">
                <Coords points="2456,204 2509,222 2576,219 2592,206 2771,220 2770,157 2748,161 2723,141 2672,159 2650,146 2536,151 2455,139"/>
                <Baseline points="2465,197 2490,198 2516,199 2542,199 2568,199 2594,199 2620,200 2645,202 2671,202 2697,202 2723,202 2749,201 2775,199"/>
                <TextEquiv>
                    <Unicode>Theater.</Unicode>
                </TextEquiv>
            </TextLine>
            <TextLine id="tr_4_tl_2" custom="readingOrder {index:1;}">
                <Coords points="2050,267 3071,282 3151,278 3151,219 2513,224 2432,191 2262,230 2049,197"/>
                <Baseline points="2059,256 2113,250 2168,250 2223,250 2278,253 2333,250 2387,252 2442,250 2497,252 2552,253 2607,253 2661,253 2716,255 2771,256 2826,256 2881,259 2935,259 2990,261 3045,259 3100,262 3155,259"/>
                <TextEquiv>
                    <Unicode>Freiwild. Schauspiel in 3 Acten von Arthur Schnitzler</Unicode>
                </TextEquiv>
            </TextLine>
            <TextLine id="tr_4_tl_3" custom="readingOrder {index:2;}">
                <Coords points="2077,303 3138,320 3109,267 2077,267"/>
                <Baseline points="2086,298 2138,292 2191,295 2244,295 2296,295 2349,292 2402,295 2454,295 2507,295 2560,295 2613,295 2665,298 2718,298 2771,298 2823,299 2876,303 2929,304 2981,304 3034,304 3087,304 3140,307"/>
                <TextEquiv>
                    <Unicode>(Kurzsches Ensemble Gastspiel im Theatersaale</Unicode>
                </TextEquiv>
            </TextLine>
            <TextLine id="tr_4_tl_4" custom="readingOrder {index:3;}">
                <Coords points="2241,340 2957,351 2945,305 2241,300"/>
                <Baseline points="2250,334 2285,334 2321,334 2356,334 2392,334 2427,334 2463,334 2498,334 2534,334 2569,334 2605,334 2641,334 2676,336 2712,337 2747,337 2783,337 2818,339 2854,340 2889,341 2925,343 2961,343"/>
                <TextEquiv>
                    <Unicode>des Krystall=Palastes zu Leipzig.)</Unicode>
                </TextEquiv>
            </TextLine>
            <TextLine id="tr_4_tl_5" custom="readingOrder {index:4;}">
                <Coords points="1823,380 1893,365 1909,371 1936,363 1951,371 1976,250 1934,232 1876,254 1850,252"/>
                <Baseline points="1838,358 1868,350 1899,342 1930,336 1961,334"/>
                <TextEquiv>
                    <Unicode></Unicode>
                </TextEquiv>
            </TextLine>
            <TextLine id="tr_4_tl_6" custom="readingOrder {index:5;}">
                <Coords points="2055,375 3163,394 3171,325 2054,333"/>
                <Baseline points="2065,367 2120,368 2176,371 2231,373 2287,373 2342,373 2398,373 2453,373 2509,373 2564,373 2620,373 2675,375 2731,376 2786,376 2842,379 2897,379 2953,381 3008,379 3064,382 3119,380 3175,385"/>
                <TextEquiv>
                    <Unicode>Unsere fremden Gäste im Krystall-Palast haben seit dem vorgestrig</Unicode>
                </TextEquiv>
            </TextLine>
            <TextLine id="tr_4_tl_7" custom="readingOrder {index:6;}">
                <Coords points="1977,421 2158,454 3182,423 3121,381 1977,378"/>
                <Baseline points="1987,408 2047,409 2107,409 2167,411 2227,414 2287,412 2347,411 2407,411 2467,411 2527,411 2587,412 2647,414 2707,414 2767,415 2827,417 2887,417 2947,417 3007,417 3067,417 3127,417 3187,420"/>
                <TextEquiv>
                    <Unicode>Sonnabend an die Stelle des Humors, der bocksprungartigen Bühne</Unicode>
                </TextEquiv>
            </TextLine>
            <TextLine id="tr_4_tl_8" custom="readingOrder {index:7;}">
                <Coords points="1876,777 3121,754 3121,716 3002,690 1876,726"/>
                <Baseline points="1886,770 1951,768 2016,767 2081,767 2146,764 2212,766 2277,767 2342,765 2407,764 2472,764 2538,764 2603,763 2668,761 2733,760 2798,758 2864,755 2929,755 2994,755 3059,753 3125,749"/>
                <TextEquiv>
                    <Unicode>komik die ernstere Seite des Lebens treten lassen, indem sie das neue drei¬</Unicode>
                </TextEquiv>
            </TextLine>
            <TextLine id="tr_4_tl_9" custom="readingOrder {index:8;}">
                <Coords points="1876,819 3121,804 3121,756 1876,776"/>
                <Baseline points="1886,808 1951,806 2016,805 2081,805 2146,802 2212,802 2277,802 2342,802 2407,802 2472,802 2538,802 2603,799 2668,799 2733,798 2798,796 2864,793 2929,792 2994,793 3059,792 3125,788"/>
                <TextEquiv>
                    <Unicode>artige Schauspiel des Wiener Arztes und Dichters Arthur Schnitzler</Unicode>
                </TextEquiv>
            </TextLine>
            <TextLine id="tr_4_tl_10" custom="readingOrder {index:9;}">
                <Coords points="1883,854 3121,830 3061,794 1883,824"/>
                <Baseline points="1892,847 1953,845 2015,843 2076,841 2138,838 2200,841 2261,841 2323,841 2385,841 2446,838 2508,838 2570,838 2631,838 2693,838 2755,834 2816,832 2878,831 2940,829 3001,829 3063,829 3125,823"/>
                <TextEquiv>
                    <Unicode>„Freiwild“ ihrem Repertoire einverleibten. „Freiwild“ ist kein Sen¬</Unicode>
                </TextEquiv>
            </TextLine>
            <TextLine id="tr_4_tl_11" custom="readingOrder {index:10;}">
                <Coords points="1883,892 3143,880 3133,829 1885,854"/>
                <Baseline points="1892,883 1954,882 2017,880 2080,883 2143,878 2206,880 2269,879 2331,879 2394,880 2457,878 2520,877 2583,878 2646,878 2709,874 2771,874 2834,871 2897,871 2960,869 3023,868 3086,868 3149,865"/>
                <TextEquiv>
                    <Unicode>sationsstück, zu dem es von gewisser Seite gestempelt werden sollte, es ist</Unicode>
                </TextEquiv>
            </TextLine>
            <TextLine id="tr_4_tl_12" custom="readingOrder {index:11;}">
                <Coords points="1883,930 3129,913 3083,869 1883,893"/>
                <Baseline points="1892,919 1954,921 2016,919 2078,919 2140,917 2202,917 2264,919 2326,916 2388,916 2450,918 2513,916 2575,916 2637,916 2699,915 2761,913 2823,913 2885,910 2947,910 3009,909 3071,905 3134,901"/>
                <TextEquiv>
                    <Unicode>lediglich ein Tendenzstück, das sich mit der allerdings gerade in jüngster</Unicode>
                </TextEquiv>
            </TextLine>
            <TextLine id="tr_4_tl_13" custom="readingOrder {index:12;}">
                <Coords points="1886,970 3063,960 3118,912 1888,928"/>
                <Baseline points="1895,967 1956,958 2017,958 2079,958 2140,958 2201,958 2263,956 2324,955 2385,955 2447,955 2508,955 2569,955 2631,955 2692,954 2753,952 2815,952 2876,949 2937,946 2999,946 3060,944 3122,940"/>
                <TextEquiv>
                    <Unicode>Zeit hochactuell gewordenen Duellfrage beschäftigt. Man mag über</Unicode>
                </TextEquiv>
            </TextLine>
            <TextLine id="tr_4_tl_14" custom="readingOrder {index:13;}">
                <Coords points="1876,1003 3121,996 3123,951 1876,966"/>
                <Baseline points="1886,996 1951,997 2016,996 2081,994 2146,993 2212,993 2277,993 2342,993 2407,993 2472,993 2538,993 2603,993 2668,991 2733,990 2798,988 2864,988 2929,988 2994,988 3059,983 3125,979"/>
                <TextEquiv>
                    <Unicode>den Standpunkt, den der Verfasser in dieser Frage einnimmt, denken wie</Unicode>
                </TextEquiv>
            </TextLine>
            <TextLine id="tr_4_tl_15" custom="readingOrder {index:14;}">
                <Coords points="1883,1044 2896,1046 3095,1034 3123,996 1883,1006"/>
                <Baseline points="1892,1038 1953,1035 2015,1035 2076,1033 2138,1032 2200,1032 2261,1032 2323,1032 2385,1032 2446,1032 2508,1032 2570,1030 2631,1029 2693,1029 2755,1027 2816,1026 2878,1024 2940,1023 3001,1023 3063,1021 3125,1017"/>
                <TextEquiv>
                    <Unicode>man will — wir stehen durchaus nicht in allen Stücken auf dem¬</Unicode>
                </TextEquiv>
            </TextLine>
            <TextLine id="tr_4_tl_16" custom="readingOrder {index:15;}">
                <Coords points="1886,1082 3121,1066 3121,1031 2937,1021 1886,1044"/>
                <Baseline points="1895,1074 1956,1074 2018,1070 2079,1070 2141,1071 2202,1071 2264,1071 2325,1071 2387,1071 2448,1071 2510,1071 2571,1071 2633,1071 2694,1068 2756,1066 2817,1065 2879,1062 2940,1062 3002,1062 3063,1060 3125,1056"/>
                <TextEquiv>
                    <Unicode>selben — aber man muß es ihm lassen, daß er die Consequenzen</Unicode>
                </TextEquiv>
            </TextLine>
            <TextLine id="tr_4_tl_17" custom="readingOrder {index:16;}">
                <Coords points="1890,1122 3126,1111 3100,1064 1890,1082"/>
                <Baseline points="1898,1113 1959,1111 2021,1110 2082,1110 2144,1110 2206,1111 2267,1111 2329,1110 2391,1110 2452,1110 2514,1110 2576,1111 2637,1107 2699,1109 2761,1107 2822,1101 2884,1101 2946,1101 3007,1099 3069,1098 3131,1101"/>
                <TextEquiv>
                    <Unicode>seiner Anschauung mit eiserner Festigkeit zieht. Wenn er trotz</Unicode>
                </TextEquiv>
            </TextLine>
            <TextLine id="tr_4_tl_18" custom="readingOrder {index:17;}">
                <Coords points="1886,1159 3095,1152 3134,1106 1886,1120"/>
                <Baseline points="1895,1149 1957,1150 2019,1149 2081,1151 2143,1149 2205,1149 2267,1149 2329,1149 2391,1149 2453,1149 2516,1149 2578,1147 2640,1146 2702,1148 2764,1144 2826,1143 2888,1142 2950,1138 3012,1137 3074,1137 3137,1137"/>
                <TextEquiv>
                    <Unicode>dieses Umstandes und trotz aller Bühnentechnik, die sich nicht wegstreiten</Unicode>
                </TextEquiv>
            </TextLine>
            <TextLine id="tr_4_tl_19" custom="readingOrder {index:18;}">
                <Coords points="1886,1202 3153,1183 3153,1149 2949,1135 1886,1159"/>
                <Baseline points="1895,1187 1958,1190 2021,1190 2084,1190 2147,1187 2210,1187 2273,1186 2336,1185 2399,1185 2462,1187 2525,1187 2588,1186 2651,1185 2714,1185 2777,1182 2840,1182 2903,1179 2966,1179 3029,1176 3092,1176 3155,1173"/>
                <TextEquiv>
                    <Unicode>läßt, selbst bei Leuten, die in der Duellfrage genau derselben Ansicht sind</Unicode>
                </TextEquiv>
            </TextLine>
            <TextLine id="tr_4_tl_20" custom="readingOrder {index:19;}">
                <Coords points="1886,1232 3133,1225 3083,1180 1888,1203"/>
                <Baseline points="1895,1229 1957,1227 2019,1229 2081,1226 2143,1226 2205,1228 2267,1226 2329,1226 2391,1226 2453,1228 2516,1226 2578,1226 2640,1223 2702,1222 2764,1220 2826,1220 2888,1220 2950,1215 3012,1214 3074,1212 3137,1211"/>
                <TextEquiv>
                    <Unicode>wie er, eine nachhaltige Wirkung nicht zu erzielen vermag, so ist eben</Unicode>
                </TextEquiv>
            </TextLine>
            <TextLine id="tr_4_tl_21" custom="readingOrder {index:20;}">
                <Coords points="1891,1278 3133,1263 3133,1225 3058,1217 1891,1233"/>
                <Baseline points="1901,1268 1962,1266 2024,1265 2086,1265 2148,1265 2210,1265 2271,1263 2333,1265 2395,1265 2457,1263 2519,1262 2580,1262 2642,1262 2704,1262 2766,1260 2828,1259 2889,1255 2951,1256 3013,1253 3075,1251 3137,1253"/>
                <TextEquiv>
                    <Unicode>das wiederum ein Beweis dafür, daß nicht alle Fragen zur Behandlung</Unicode>
                </TextEquiv>
            </TextLine>
            <TextLine id="tr_4_tl_22" custom="readingOrder {index:21;}">
                <Coords points="1886,1311 2993,1309 3128,1303 3129,1263 1886,1283"/>
                <Baseline points="1895,1307 1956,1304 2018,1304 2080,1304 2142,1304 2204,1304 2265,1304 2327,1304 2389,1304 2451,1304 2513,1303 2574,1301 2636,1301 2698,1298 2760,1298 2822,1298 2883,1295 2945,1292 3007,1291 3069,1289 3131,1286"/>
                <TextEquiv>
                    <Unicode>auf der Bühne sich eignen. Diese Meinung haben wir, wie unsere Leser</Unicode>
                </TextEquiv>
            </TextLine>
            <TextLine id="tr_4_tl_23" custom="readingOrder {index:22;}">
                <Coords points="1898,1354 3095,1341 3128,1303 1898,1311"/>
                <Baseline points="1907,1346 1968,1343 2029,1343 2090,1343 2151,1343 2213,1343 2274,1346 2335,1345 2396,1343 2457,1343 2519,1342 2580,1342 2641,1340 2702,1339 2763,1337 2825,1336 2886,1334 2947,1331 3008,1328 3069,1328 3131,1325"/>
                <TextEquiv>
                    <Unicode>sich erinnern werden, schon seit langen Jahren vertreten und die Er¬</Unicode>
                </TextEquiv>
            </TextLine>
            <TextLine id="tr_4_tl_24" custom="readingOrder {index:23;}">
                <Coords points="1891,1391 3114,1379 3134,1336 1891,1354"/>
                <Baseline points="1901,1384 1962,1384 2024,1384 2086,1383 2148,1382 2210,1382 2271,1382 2333,1382 2395,1382 2457,1382 2519,1381 2580,1379 2642,1376 2704,1376 2766,1374 2828,1373 2889,1373 2951,1370 3013,1369 3075,1367 3137,1364"/>
                <TextEquiv>
                    <Unicode>fahrung hat in jedem einzelnen Falle gezeigt, wie Recht wir damit</Unicode>
                </TextEquiv>
            </TextLine>
            <TextLine id="tr_4_tl_25" custom="readingOrder {index:24;}">
                <Coords points="1890,1434 3141,1414 3081,1372 1891,1399"/>
                <Baseline points="1898,1417 1960,1423 2022,1423 2084,1422 2147,1420 2209,1420 2271,1421 2333,1420 2396,1420 2458,1418 2520,1417 2582,1416 2645,1417 2707,1414 2769,1414 2831,1411 2894,1408 2956,1408 3018,1407 3080,1405 3143,1405"/>
                <TextEquiv>
                    <Unicode>gehabt. Zu den Fragen, die durch eine Behandlung auf der Bühne nun</Unicode>
                </TextEquiv>
            </TextLine>
            <TextLine id="tr_4_tl_26" custom="readingOrder {index:25;}">
                <Coords points="1890,1465 3143,1447 3114,1407 1890,1434"/>
                <Baseline points="1898,1459 1960,1459 2022,1459 2085,1460 2147,1460 2210,1459 2272,1459 2334,1459 2397,1456 2459,1456 2522,1456 2584,1455 2646,1453 2709,1452 2771,1450 2834,1450 2896,1447 2958,1447 3021,1444 3083,1444 3146,1441"/>
                <TextEquiv>
                    <Unicode>und nimmer gelöst werden können und die auf der Bühne auch garnicht in</Unicode>
                </TextEquiv>
            </TextLine>
            <TextLine id="tr_4_tl_27" custom="readingOrder {index:26;}">
                <Coords points="1895,1515 3144,1493 3144,1444 1895,1467"/>
                <Baseline points="1904,1498 1966,1499 2028,1498 2090,1498 2152,1498 2214,1498 2276,1498 2338,1495 2400,1498 2462,1496 2525,1495 2587,1493 2649,1492 2711,1492 2773,1490 2835,1489 2897,1486 2959,1486 3021,1483 3083,1483 3146,1480"/>
                <TextEquiv>
                    <Unicode>so hervorstechendem Maße behandelt werden sollten, gehört auch das Duell</Unicode>
                </TextEquiv>
            </TextLine>
            <TextLine id="tr_4_tl_28" custom="readingOrder {index:27;}">
                <Coords points="1890,1551 3103,1537 3136,1498 1891,1505"/>
                <Baseline points="1898,1537 1960,1537 2022,1537 2084,1537 2146,1535 2208,1537 2270,1537 2332,1537 2394,1537 2456,1535 2519,1534 2581,1531 2643,1531 2705,1528 2767,1528 2829,1528 2891,1525 2953,1525 3015,1524 3077,1522 3140,1516"/>
                <TextEquiv>
                    <Unicode>und aus diesem Grunde wird „Freiwild“ eine wirkliche Bedeutung nie ge¬</Unicode>
                </TextEquiv>
            </TextLine>
            <TextLine id="tr_4_tl_29" custom="readingOrder {index:28;}">
                <Coords points="1898,1588 3141,1563 3088,1522 1899,1551"/>
                <Baseline points="1907,1579 1968,1576 2030,1576 2092,1576 2154,1576 2216,1575 2277,1575 2339,1573 2401,1573 2463,1573 2525,1573 2586,1571 2648,1570 2710,1567 2772,1567 2834,1567 2895,1566 2957,1564 3019,1561 3081,1559 3143,1555"/>
                <TextEquiv>
                    <Unicode>winnen können. Man wird das Stück jetzt, da die Frage, wie schon oben</Unicode>
                </TextEquiv>
            </TextLine>
            <TextLine id="tr_4_tl_30" custom="readingOrder {index:29;}">
                <Coords points="1895,1626 3148,1641 3149,1561 1895,1586"/>
                <Baseline points="1904,1620 1966,1616 2028,1614 2091,1614 2153,1614 2216,1614 2278,1614 2340,1614 2403,1611 2465,1611 2528,1611 2590,1610 2652,1608 2715,1607 2777,1605 2840,1605 2902,1604 2964,1602 3027,1598 3089,1596 3152,1596"/>
                <TextEquiv>
                    <Unicode>gesagt, actuell ist, hier und da das eine oder andere Mal geben — aber</Unicode>
                </TextEquiv>
            </TextLine>
            <TextLine id="tr_4_tl_31" custom="readingOrder {index:30;}">
                <Coords points="1898,1672 1936,1661 1974,1671 2001,1656 2017,1669 2062,1666 2079,1654 2138,1667 2178,1654 2269,1664 2269,1619 2178,1628 2158,1614 2082,1634 2039,1614 1991,1633 1898,1626"/>
                <Baseline points="1907,1656 1933,1653 1959,1653 1985,1653 2011,1653 2038,1653 2064,1653 2090,1653 2116,1653 2142,1653 2169,1653 2195,1653 2221,1653 2247,1652 2274,1650"/>
                <TextEquiv>
                    <Unicode>dann ist's aus damit!</Unicode>
                </TextEquiv>
            </TextLine>
            <TextLine id="tr_4_tl_32" custom="readingOrder {index:31;}">
                <Coords points="1969,1704 3148,1689 3149,1641 1969,1666"/>
                <Baseline points="1978,1692 2036,1692 2095,1692 2154,1692 2212,1692 2271,1689 2330,1689 2388,1692 2447,1686 2506,1686 2565,1686 2623,1685 2682,1683 2741,1683 2799,1683 2858,1680 2917,1680 2975,1677 3034,1676 3093,1672 3152,1671"/>
                <TextEquiv>
                    <Unicode>Das Schauspiel ist nach einem kleinen Badeorte nicht allzuweit von</Unicode>
                </TextEquiv>
            </TextLine>
            <TextLine id="tr_4_tl_33" custom="readingOrder {index:32;}">
                <Coords points="1895,1739 3144,1724 3129,1677 1895,1697"/>
                <Baseline points="1904,1731 1966,1731 2028,1731 2090,1731 2153,1731 2215,1731 2277,1728 2339,1728 2402,1728 2464,1726 2526,1728 2588,1725 2651,1722 2713,1722 2775,1722 2837,1722 2900,1718 2962,1719 3024,1715 3086,1713 3149,1707"/>
                <TextEquiv>
                    <Unicode>Wien verlegt. Hier hat ein Sommertheater=Ensemble seine Zelte aufge¬</Unicode>
                </TextEquiv>
            </TextLine>
            <TextLine id="tr_4_tl_34" custom="readingOrder {index:33;}">
                <Coords points="1893,1790 3144,1764 3144,1724 3042,1712 1895,1739"/>
                <Baseline points="1904,1770 1966,1772 2028,1770 2090,1770 2152,1770 2214,1769 2276,1767 2338,1767 2400,1767 2462,1767 2525,1767 2587,1764 2649,1764 2711,1761 2773,1759 2835,1758 2897,1758 2959,1758 3021,1754 3083,1752 3146,1749"/>
                <TextEquiv>
                    <Unicode>schlagen und die Mitglieder desselben, namentlich die weiblichen, stehen in</Unicode>
                </TextEquiv>
            </TextLine>
            <TextLine id="tr_4_tl_35" custom="readingOrder {index:34;}">
                <Coords points="1904,1820 3143,1802 3106,1754 1906,1782"/>
                <Baseline points="1913,1811 1974,1809 2036,1808 2098,1806 2160,1805 2222,1808 2283,1808 2345,1805 2407,1805 2469,1803 2531,1802 2592,1802 2654,1799 2716,1799 2778,1797 2840,1796 2901,1795 2963,1793 3025,1790 3087,1790 3149,1787"/>
                <TextEquiv>
                    <Unicode>regen Souper rc. Beziehungen zu den Curgästen, unter denen sich einige</Unicode>
                </TextEquiv>
            </TextLine>
            <TextLine id="tr_4_tl_36" custom="readingOrder {index:35;}">
                <Coords points="1904,1855 3146,1833 3100,1795 1904,1817"/>
                <Baseline points="1913,1847 1974,1847 2036,1847 2098,1847 2160,1847 2222,1844 2283,1844 2345,1844 2407,1843 2469,1843 2531,1841 2592,1839 2654,1838 2716,1837 2778,1835 2840,1835 2901,1834 2963,1832 3025,1829 3087,1829 3149,1826"/>
                <TextEquiv>
                    <Unicode>vermögende Herren vom Civil und einige vom Militär befinden. Zwischen</Unicode>
                </TextEquiv>
            </TextLine>
            <TextLine id="tr_4_tl_37" custom="readingOrder {index:36;}">
                <Coords points="1901,1893 3141,1885 3153,1835 1901,1853"/>
                <Baseline points="1910,1886 1972,1886 2034,1886 2096,1886 2159,1884 2221,1886 2283,1883 2345,1883 2408,1883 2470,1881 2532,1880 2594,1879 2657,1877 2719,1877 2781,1877 2843,1874 2906,1871 2968,1871 3030,1870 3092,1868 3155,1865"/>
                <TextEquiv>
                    <Unicode>einem Vertreter der ersteren Partei, Paul Rönning, und einem Vertreter</Unicode>
                </TextEquiv>
            </TextLine>
            <TextLine id="tr_4_tl_38" custom="readingOrder {index:37;}">
                <Coords points="1901,1944 3153,1908 3037,1871 1903,1895"/>
                <Baseline points="1910,1925 1972,1925 2034,1925 2096,1925 2159,1925 2221,1925 2283,1923 2345,1922 2408,1922 2470,1920 2532,1919 2594,1918 2657,1919 2719,1916 2781,1916 2843,1916 2906,1910 2968,1910 3030,1909 3092,1907 3155,1901"/>
                <TextEquiv>
                    <Unicode>der letzteren Partei, Oberlieutenant Karinsky, kommt es zu einer sehr er¬</Unicode>
                </TextEquiv>
            </TextLine>
            <TextLine id="tr_4_tl_39" custom="readingOrder {index:38;}">
                <Coords points="1901,1969 3154,1949 3095,1906 1903,1944"/>
                <Baseline points="1910,1964 1972,1965 2034,1961 2097,1961 2159,1961 2222,1961 2284,1961 2346,1961 2409,1961 2471,1959 2534,1958 2596,1957 2658,1955 2721,1954 2783,1952 2846,1952 2908,1949 2970,1949 3033,1946 3095,1944 3158,1943"/>
                <TextEquiv>
                    <Unicode>regten Scene um der Namen des Ensembles willen. Anna Riedel, so</Unicode>
                </TextEquiv>
            </TextLine>
            <TextLine id="tr_4_tl_40" custom="readingOrder {index:39;}">
                <Coords points="1909,2012 3061,2002 3143,1986 3144,1949 1909,1971"/>
                <Baseline points="1919,2005 1980,2002 2042,2002 2103,2002 2165,1999 2226,2001 2288,1999 2349,1999 2411,1997 2472,1996 2534,1996 2595,1996 2657,1993 2718,1992 2780,1990 2841,1990 2903,1988 2964,1987 3026,1985 3087,1985 3149,1978"/>
                <TextEquiv>
                    <Unicode>heißt die Naive, ist ein achtbares Mädchen, das nur seiner Kunst lebt</Unicode>
                </TextEquiv>
            </TextLine>
            <TextLine id="tr_4_tl_41" custom="readingOrder {index:40;}">
                <Coords points="1913,2047 3151,2030 3151,1992 3081,1986 1913,2016"/>
                <Baseline points="1922,2038 1983,2041 2045,2040 2106,2038 2168,2038 2230,2040 2291,2038 2353,2038 2415,2037 2476,2038 2538,2035 2600,2033 2661,2032 2723,2031 2785,2029 2846,2029 2908,2026 2970,2026 3031,2022 3093,2020 3155,2017"/>
                <TextEquiv>
                    <Unicode>und sich von den Gefahren, die ein Leben an einer solchen Bühne ten</Unicode>
                </TextEquiv>
            </TextLine>
            <TextLine id="tr_4_tl_42" custom="readingOrder {index:41;}">
                <Coords points="1909,2090 3153,2069 3126,2025 1911,2047"/>
                <Baseline points="1919,2083 1984,2078 2049,2080 2114,2078 2179,2080 2245,2078 2310,2077 2375,2077 2440,2074 2505,2074 2571,2071 2636,2073 2701,2069 2766,2069 2831,2069 2897,2065 2962,2065 3027,2062 3092,2060 3158,2059"/>
                <TextEquiv>
                    <Unicode>Ranges bei minimalem Gehalte mit sich bringt, ferngehalten hat.</Unicode>
                </TextEquiv>
            </TextLine>
            <TextLine id="tr_4_tl_43" custom="readingOrder {index:42;}">
                <Coords points="1906,2133 3136,2113 3158,2065 1906,2088"/>
                <Baseline points="1916,2119 1978,2119 2040,2119 2102,2119 2164,2117 2226,2119 2288,2117 2350,2116 2412,2116 2474,2114 2537,2113 2599,2110 2661,2110 2723,2109 2785,2107 2847,2107 2909,2104 2971,2104 3033,2101 3095,2099 3158,2098"/>
                <TextEquiv>
                    <Unicode>Sie verkehrt freundschaftlich mit Paul Rönning, mit dem sie Spaziergänge rc.</Unicode>
                </TextEquiv>
            </TextLine>
            <TextLine id="tr_4_tl_44" custom="readingOrder {index:43;}">
                <Coords points="1906,2171 3159,2141 3146,2103 1906,2133"/>
                <Baseline points="1916,2158 1978,2158 2040,2158 2103,2158 2165,2158 2228,2158 2290,2157 2352,2155 2415,2153 2477,2153 2540,2152 2602,2149 2664,2149 2727,2148 2789,2146 2852,2146 2914,2143 2976,2141 3039,2140 3101,2138 3164,2131"/>
                <TextEquiv>
                    <Unicode>unternimmt, von dem sie aber selbst die kleinste, ohne all und jede Neben¬</Unicode>
                </TextEquiv>
            </TextLine>
            <TextLine id="tr_4_tl_45" custom="readingOrder {index:44;}">
                <Coords points="1904,2209 3151,2185 3151,2141 1906,2171"/>
                <Baseline points="1916,2196 1981,2196 2046,2195 2111,2195 2176,2193 2242,2193 2307,2193 2372,2193 2437,2193 2502,2190 2568,2187 2633,2187 2698,2187 2763,2184 2828,2184 2894,2183 2959,2181 3024,2178 3089,2175 3155,2173"/>
                <TextEquiv>
                    <Unicode>absichten angebotene Unterstützung mit Entschiedenheit zurückweist. Auf das</Unicode>
                </TextEquiv>
            </TextLine>
            <TextLine id="tr_4_tl_46" custom="readingOrder {index:45;}">
                <Coords points="1913,2243 3144,2223 3113,2180 1914,2201"/>
                <Baseline points="1922,2235 1983,2235 2044,2233 2106,2235 2167,2235 2228,2234 2290,2232 2351,2232 2412,2230 2474,2229 2535,2229 2596,2227 2658,2223 2719,2223 2780,2223 2842,2223 2903,2221 2964,2220 3026,2217 3087,2215 3149,2211"/>
                <TextEquiv>
                    <Unicode>hübsche Mädchen hat es nun der Oberlieutenant Karinsky abgesehen. Er</Unicode>
                </TextEquiv>
            </TextLine>
            <TextLine id="tr_4_tl_47" custom="readingOrder {index:46;}">
                <Coords points="1913,2282 2879,2281 3153,2264 3164,2229 1913,2243"/>
                <Baseline points="1922,2274 1984,2274 2046,2274 2108,2273 2170,2271 2233,2271 2295,2271 2357,2268 2419,2270 2481,2268 2544,2265 2606,2265 2668,2265 2730,2264 2792,2262 2855,2262 2917,2258 2979,2256 3041,2253 3103,2253 3166,2247"/>
                <TextEquiv>
                    <Unicode>ist ein sehr excentrischer Herr, hat eine Menge Schulden, hat in seiner</Unicode>
                </TextEquiv>
            </TextLine>
            <TextLine id="tr_4_tl_48" custom="readingOrder {index:47;}">
                <Coords points="1916,2317 3196,2307 3182,2253 1916,2279"/>
                <Baseline points="1925,2313 1988,2313 2052,2313 2116,2311 2179,2312 2243,2312 2307,2310 2370,2307 2434,2307 2498,2307 2562,2305 2625,2304 2689,2304 2753,2301 2816,2301 2880,2301 2944,2298 3007,2296 3071,2295 3135,2292 3199,2286"/>
                <TextEquiv>
                    <Unicode>Garnison aus übergroßer Schneidigkeit einen Civilisten „verhauen und</Unicode>
                </TextEquiv>
            </TextLine>
            <TextLine id="tr_4_tl_49" custom="readingOrder {index:48;}">
                <Coords points="1919,2364 3073,2349 3158,2335 3159,2299 1919,2322"/>
                <Baseline points="1928,2352 1989,2352 2051,2352 2112,2352 2174,2349 2236,2351 2297,2349 2359,2349 2421,2348 2482,2346 2544,2344 2606,2344 2667,2343 2729,2342 2791,2342 2852,2340 2914,2337 2976,2337 3037,2333 3099,2331 3161,2328"/>
                <TextEquiv>
                    <Unicode>hat jetzt in dem Badeorte nichts weiter zu thun als zu spielen, zu trinken</Unicode>
                </TextEquiv>
            </TextLine>
            <TextLine id="tr_4_tl_50" custom="readingOrder {index:49;}">
                <Coords points="1916,2397 3177,2397 3179,2352 1916,2357"/>
                <Baseline points="1925,2393 1987,2388 2050,2390 2113,2387 2176,2387 2239,2387 2301,2387 2364,2387 2427,2387 2490,2384 2553,2384 2615,2383 2678,2381 2741,2378 2804,2378 2867,2378 2929,2375 2992,2373 3055,2372 3118,2370 3181,2367"/>
                <TextEquiv>
                    <Unicode>und auf den Mädchenfang zu gehen. Als er bei dieser letzteren Be¬</Unicode>
                </TextEquiv>
            </TextLine>
            <TextLine id="tr_4_tl_51" custom="readingOrder {index:50;}">
                <Coords points="1916,2443 3159,2420 3078,2372 1918,2395"/>
                <Baseline points="1925,2432 1986,2429 2048,2429 2110,2427 2172,2426 2234,2426 2295,2426 2357,2426 2419,2423 2481,2421 2543,2422 2604,2420 2666,2420 2728,2417 2790,2417 2852,2414 2913,2413 2975,2411 3037,2409 3099,2409 3161,2408"/>
                <TextEquiv>
                    <Unicode>schäftigung die Anna Riedel in Gegenwart Rönnings verdächtigt,</Unicode>
                </TextEquiv>
            </TextLine>
            <TextLine id="tr_4_tl_52" custom="readingOrder {index:51;}">
                <Coords points="1913,2470 2940,2471 3163,2450 3164,2418 1913,2443"/>
                <Baseline points="1922,2468 1984,2468 2046,2468 2108,2465 2170,2467 2233,2468 2295,2465 2357,2465 2419,2462 2481,2462 2544,2462 2606,2461 2668,2456 2730,2456 2792,2456 2855,2453 2917,2452 2979,2450 3041,2450 3103,2448 3166,2444"/>
                <TextEquiv>
                    <Unicode>applicirt ihm letzterer eine Ohrfeige. Der wüthende Karinsky, der</Unicode>
                </TextEquiv>
            </TextLine>
            <TextLine id="tr_4_tl_53" custom="readingOrder {index:52;}">
                <Coords points="1913,2523 3086,2504 3164,2496 3166,2448 1913,2473"/>
                <Baseline points="1922,2507 1984,2507 2046,2504 2109,2507 2171,2507 2233,2504 2296,2503 2358,2504 2420,2501 2483,2501 2545,2498 2607,2498 2670,2498 2732,2495 2794,2495 2857,2492 2919,2492 2981,2490 3044,2486 3106,2484 3169,2483"/>
                <TextEquiv>
                    <Unicode>den Säbel zieht, wir von seinen Freunden zurückgehalten. Was bleibt</Unicode>
                </TextEquiv>
            </TextLine>
            <TextLine id="tr_4_tl_54" custom="readingOrder {index:53;}">
                <Coords points="1946,2554 2909,2554 3171,2533 3172,2498 1946,2513"/>
                <Baseline points="1955,2546 2016,2543 2077,2543 2138,2543 2199,2543 2260,2543 2321,2540 2382,2540 2443,2540 2504,2540 2565,2537 2626,2537 2687,2534 2748,2534 2809,2534 2870,2531 2931,2529 2992,2528 3053,2527 3114,2523 3175,2522"/>
                <TextEquiv>
                    <Unicode>ach dieser Blame anderes übrig als ein Duell? Aber Rönnung ver¬</Unicode>
                </TextEquiv>
            </TextLine>
            <TextLine id="tr_4_tl_55" custom="readingOrder {index:54;}">
                <Coords points="1944,2586 3194,2579 3196,2519 1944,2554"/>
                <Baseline points="1954,2569 2016,2578 2078,2578 2140,2578 2202,2578 2264,2578 2326,2578 2388,2576 2450,2575 2512,2575 2575,2572 2637,2572 2699,2571 2761,2570 2823,2570 2885,2568 2947,2567 3009,2567 3071,2564 3133,2563 3196,2570"/>
                <TextEquiv>
                    <Unicode>gert die verlangte Genugthuung auf das Entschiedenste. „Ich habe den</Unicode>
                </TextEquiv>
            </TextLine>
            <TextLine id="tr_4_tl_56" custom="readingOrder {index:55;}">
                <Coords points="1923,2621 3164,2611 3141,2569 1923,2587"/>
                <Baseline points="1931,2617 1992,2617 2054,2617 2116,2617 2178,2617 2240,2617 2302,2617 2364,2617 2426,2616 2488,2612 2550,2614 2611,2611 2673,2611 2735,2610 2797,2608 2859,2608 2921,2605 2983,2602 3045,2602 3107,2600 3169,2599"/>
                <TextEquiv>
                    <Unicode>Buben für seine That gezüchtigt, so spricht er, „warum soll ich nun dafür</Unicode>
                </TextEquiv>
            </TextLine>
            <TextLine id="tr_4_tl_57" custom="readingOrder {index:56;}">
                <Coords points="1923,2665 3068,2660 3166,2612 1923,2621"/>
                <Baseline points="1931,2656 1992,2656 2054,2656 2116,2656 2178,2656 2239,2653 2301,2655 2363,2656 2425,2652 2486,2648 2548,2650 2610,2650 2672,2647 2733,2649 2795,2647 2857,2644 2919,2643 2980,2641 3042,2640 3104,2638 3166,2635"/>
                <TextEquiv>
                    <Unicode>mein Leben auf's Spiel setzen?" Alle Versuche, die von verschiedenen</Unicode>
                </TextEquiv>
            </TextLine>
            <TextLine id="tr_4_tl_58" custom="readingOrder {index:57;}">
                <Coords points="1923,2710 3172,2679 3159,2642 1923,2665"/>
                <Baseline points="1931,2695 1993,2695 2055,2695 2117,2694 2179,2694 2242,2692 2304,2692 2366,2692 2428,2691 2490,2689 2553,2689 2615,2689 2677,2686 2739,2686 2801,2686 2864,2686 2926,2683 2988,2681 3050,2678 3112,2678 3175,2677"/>
                <TextEquiv>
                    <Unicode>Seiten gemacht werden, ihn umzustimmen, sind vergeblich. Auch die Bitte</Unicode>
                </TextEquiv>
            </TextLine>
            <TextLine id="tr_4_tl_59" custom="readingOrder {index:58;}">
                <Coords points="1919,2737 3169,2727 3169,2690 3018,2680 1919,2708"/>
                <Baseline points="1928,2731 1990,2734 2052,2734 2114,2731 2176,2733 2239,2734 2301,2731 2363,2728 2425,2729 2487,2729 2550,2731 2612,2727 2674,2725 2736,2725 2798,2723 2861,2722 2923,2720 2985,2720 3047,2718 3109,2716 3172,2713"/>
                <TextEquiv>
                    <Unicode>eines väterlichen Freundes Karinsky, des Oberlieutenants Rohnstedt, der</Unicode>
                </TextEquiv>
            </TextLine>
            <TextLine id="tr_4_tl_60" custom="readingOrder {index:59;}">
                <Coords points="1919,2778 3164,2766 3164,2725 3108,2715 1919,2738"/>
                <Baseline points="1928,2772 1990,2772 2052,2772 2114,2771 2176,2771 2238,2769 2300,2768 2362,2767 2424,2767 2486,2767 2548,2767 2610,2765 2672,2764 2734,2763 2796,2763 2858,2761 2920,2760 2982,2758 3044,2755 3106,2755 3169,2752"/>
                <TextEquiv>
                    <Unicode>darauf hinweist, daß durch die Verweigerung des Duells die Existenz</Unicode>
                </TextEquiv>
            </TextLine>
            <TextLine id="tr_4_tl_61" custom="readingOrder {index:60;}">
                <Coords points="1919,2819 2698,2828 3136,2808 3164,2766 1919,2778"/>
                <Baseline points="1928,2811 1989,2811 2051,2808 2113,2810 2175,2808 2237,2808 2299,2808 2361,2808 2423,2807 2485,2805 2547,2805 2608,2802 2670,2802 2732,2802 2794,2802 2856,2799 2918,2796 2980,2796 3042,2796 3104,2794 3166,2793"/>
                <TextEquiv>
                    <Unicode>Karmskys, der den Abschied nehmen müßte, auf dem Spiele steht,</Unicode>
                </TextEquiv>
            </TextLine>
            <TextLine id="tr_4_tl_62" custom="readingOrder {index:61;}">
                <Coords points="1918,2861 3169,2839 3169,2804 3073,2795 1919,2821"/>
                <Baseline points="1928,2850 1990,2850 2052,2850 2114,2850 2176,2850 2239,2847 2301,2849 2363,2845 2425,2844 2487,2844 2550,2844 2612,2841 2674,2841 2736,2841 2798,2841 2861,2838 2923,2837 2985,2835 3047,2834 3109,2832 3172,2832"/>
                <TextEquiv>
                    <Unicode>läßt Rönning völlig kalt. Mittlerweile haben sich die Herzen</Unicode>
                </TextEquiv>
            </TextLine>
            <TextLine id="tr_4_tl_63" custom="readingOrder {index:62;}">
                <Coords points="1923,2899 3167,2876 3167,2838 3051,2833 1924,2858"/>
                <Baseline points="1934,2889 1995,2889 2057,2891 2119,2886 2181,2886 2243,2886 2305,2886 2367,2886 2429,2885 2491,2883 2553,2883 2614,2884 2676,2880 2738,2878 2800,2878 2862,2877 2924,2876 2986,2874 3048,2874 3110,2872 3172,2868"/>
                <TextEquiv>
                    <Unicode>Rönnings und der Anna Riedel gefunden. Er, der reich und</Unicode>
                </TextEquiv>
            </TextLine>
            <TextLine id="tr_4_tl_64" custom="readingOrder {index:63;}">
                <Coords points="1928,2932 3164,2917 3151,2876 1929,2901"/>
                <Baseline points="1937,2928 1998,2928 2060,2928 2121,2926 2183,2925 2245,2925 2306,2925 2368,2925 2429,2924 2491,2922 2553,2922 2614,2922 2676,2919 2737,2916 2799,2916 2861,2916 2922,2916 2984,2913 3045,2912 3107,2910 3169,2910"/>
                <TextEquiv>
                    <Unicode>völlig unabhängig ist, will sie zu seiner Frau machen, und</Unicode>
                </TextEquiv>
            </TextLine>
            <TextLine id="tr_4_tl_65" custom="readingOrder {index:64;}">
                <Coords points="1924,2969 3171,2954 3171,2912 1924,2932"/>
                <Baseline points="1934,2967 1996,2965 2058,2964 2120,2964 2182,2964 2244,2964 2306,2964 2368,2961 2430,2961 2492,2961 2554,2958 2616,2958 2678,2958 2740,2955 2802,2955 2864,2952 2926,2952 2988,2952 3050,2949 3112,2949 3175,2943"/>
                <TextEquiv>
                    <Unicode>Beide wollen die Freuden des Lebens im Betrachten von Gottes wunder¬</Unicode>
                </TextEquiv>
            </TextLine>
            <TextLine id="tr_4_tl_66" custom="readingOrder {index:65;}">
                <Coords points="1924,3017 3171,3003 3172,2954 1924,2969"/>
                <Baseline points="1934,3005 1996,3005 2058,3005 2120,3003 2182,3003 2244,3001 2306,3001 2368,2999 2430,3001 2492,2999 2554,2999 2616,2996 2678,2996 2740,2995 2802,2993 2864,2993 2926,2992 2988,2988 3050,2987 3112,2985 3175,2987"/>
                <TextEquiv>
                    <Unicode>schöner Welt genießen. Noch am selben Tage soll die gemeinsame Abreise</Unicode>
                </TextEquiv>
            </TextLine>
            <TextLine id="tr_4_tl_67" custom="readingOrder {index:66;}">
                <Coords points="1924,3053 3176,3043 3119,2988 1926,3015"/>
                <Baseline points="1934,3038 1996,3042 2058,3041 2121,3041 2183,3041 2245,3041 2308,3041 2370,3041 2432,3041 2495,3039 2557,3038 2619,3035 2682,3035 2744,3034 2806,3032 2869,3032 2931,3029 2993,3029 3056,3027 3118,3027 3181,3026"/>
                <TextEquiv>
                    <Unicode>aus dem Badeorte erfolgen. Da wird Rönning hinterbracht, daß Karinsky,</Unicode>
                </TextEquiv>
            </TextLine>
            <TextLine id="tr_4_tl_68" custom="readingOrder {index:67;}">
                <Coords points="1928,3088 3143,3078 3164,3032 1928,3056"/>
                <Baseline points="1937,3083 1998,3080 2059,3080 2121,3080 2182,3080 2244,3079 2305,3077 2367,3077 2428,3077 2490,3077 2551,3076 2612,3074 2674,3071 2735,3072 2797,3072 2858,3071 2920,3067 2981,3065 3043,3065 3104,3065 3166,3065"/>
                <TextEquiv>
                    <Unicode>auf das Aeußerste über die erneute Verweigerung des Duells empört, sich</Unicode>
                </TextEquiv>
            </TextLine>
            <TextLine id="tr_4_tl_69" custom="readingOrder {index:68;}">
                <Coords points="1924,3131 3081,3126 3171,3111 3172,3075 1924,3088"/>
                <Baseline points="1934,3119 1996,3119 2058,3119 2120,3120 2182,3120 2244,3119 2306,3119 2368,3116 2430,3116 2492,3114 2554,3113 2616,3113 2678,3113 2740,3112 2802,3110 2864,3110 2926,3109 2988,3107 3050,3106 3112,3102 3175,3101"/>
                <TextEquiv>
                    <Unicode>selbst Genugthuung verschaffen will. Man räth Rönning, schleunigst den</Unicode>
                </TextEquiv>
            </TextLine>
            <TextLine id="tr_4_tl_70" custom="readingOrder {index:69;}">
                <Coords points="1924,3167 3179,3158 3179,3116 3109,3103 1924,3133"/>
                <Baseline points="1934,3158 1996,3158 2059,3158 2121,3160 2184,3158 2246,3158 2309,3157 2371,3155 2434,3154 2496,3152 2559,3155 2621,3152 2684,3152 2746,3149 2809,3149 2871,3146 2934,3146 2996,3144 3059,3143 3121,3143 3184,3140"/>
                <TextEquiv>
                    <Unicode>Badeort zu verlassen, damit eine Katastrophe vermieden werde. Der</Unicode>
                </TextEquiv>
            </TextLine>
            <TextLine id="tr_4_tl_71" custom="readingOrder {index:70;}">
                <Coords points="1923,3209 3182,3182 3154,3143 1923,3167"/>
                <Baseline points="1931,3196 1993,3196 2056,3196 2119,3199 2182,3194 2245,3196 2307,3193 2370,3193 2433,3193 2496,3193 2559,3190 2621,3190 2684,3190 2747,3190 2810,3187 2873,3184 2935,3185 2998,3182 3061,3180 3124,3178 3187,3178"/>
                <TextEquiv>
                    <Unicode>Rath hat gerade die entgegengesetzte Wirkung. Rönning, der sich</Unicode>
                </TextEquiv>
            </TextLine>
            <TextLine id="tr_4_tl_72" custom="readingOrder {index:71;}">
                <Coords points="1924,3240 3186,3230 3171,3181 1926,3212"/>
                <Baseline points="1934,3235 1996,3235 2059,3235 2122,3235 2185,3234 2248,3232 2310,3232 2373,3232 2436,3232 2499,3232 2562,3229 2624,3229 2687,3229 2750,3229 2813,3224 2876,3223 2938,3222 3001,3220 3064,3220 3127,3218 3190,3214"/>
                <TextEquiv>
                    <Unicode>von keiner Seite vorschreiben lassen will, wo er verweilen soll</Unicode>
                </TextEquiv>
            </TextLine>
            <TextLine id="tr_4_tl_73" custom="readingOrder {index:72;}">
                <Coords points="1929,3287 3177,3262 3116,3221 1931,3245"/>
                <Baseline points="1940,3274 2002,3274 2064,3274 2126,3274 2188,3274 2250,3273 2312,3271 2374,3274 2436,3272 2498,3268 2560,3268 2622,3268 2684,3268 2746,3264 2808,3264 2870,3262 2932,3262 2994,3260 3056,3259 3118,3257 3181,3256"/>
                <TextEquiv>
                    <Unicode>und wo nicht, beschließt zu bleiben. In diesem Augenblick tritt</Unicode>
                </TextEquiv>
            </TextLine>
            <TextLine id="tr_4_tl_74" custom="readingOrder {index:73;}">
                <Coords points="1934,3320 3176,3312 3176,3262 1934,3287"/>
                <Baseline points="1943,3313 2004,3313 2066,3313 2128,3311 2190,3313 2251,3310 2313,3310 2375,3310 2437,3310 2498,3308 2560,3307 2622,3307 2684,3307 2745,3305 2807,3301 2869,3301 2931,3301 2992,3298 3054,3298 3116,3298 3178,3292"/>
                <TextEquiv>
                    <Unicode>ihm auf offener Straße Karinsky entgegen. Er fordert zum</Unicode>
                </TextEquiv>
            </TextLine>
            <TextLine id="tr_4_tl_75" custom="readingOrder {index:74;}">
                <Coords points="1928,3356 2674,3368 3171,3346 3172,3308 1928,3318"/>
                <Baseline points="1937,3352 1998,3352 2060,3352 2122,3351 2184,3349 2246,3352 2308,3350 2370,3352 2432,3346 2494,3346 2556,3346 2617,3346 2679,3346 2741,3343 2803,3343 2865,3340 2927,3340 2989,3337 3051,3334 3113,3334 3175,3334"/>
                <TextEquiv>
                    <Unicode>letzten Male Genugthuung, und als Rönning, ohne darauf zu antworten,</Unicode>
                </TextEquiv>
            </TextLine>
            <TextLine id="tr_4_tl_76" custom="readingOrder {index:75;}">
                <Coords points="1928,3403 3169,3376 3154,3337 1928,3356"/>
                <Baseline points="1937,3387 1998,3390 2060,3390 2122,3388 2184,3390 2245,3387 2307,3387 2369,3387 2431,3385 2492,3385 2554,3384 2616,3384 2678,3384 2739,3381 2801,3379 2863,3378 2925,3377 2986,3375 3048,3375 3110,3373 3172,3369"/>
                <TextEquiv>
                    <Unicode>in energischem Tone freien Weg verlangt, streckt er ihn mit der Pistole</Unicode>
                </TextEquiv>
            </TextLine>
            <TextLine id="tr_4_tl_77" custom="readingOrder {index:76;}">
                <Coords points="1931,3441 3174,3423 3174,3381 3051,3373 1931,3401"/>
                <Baseline points="1940,3432 2001,3429 2063,3429 2125,3429 2187,3426 2249,3426 2311,3424 2373,3423 2435,3423 2497,3425 2559,3423 2620,3423 2682,3423 2744,3420 2806,3418 2868,3417 2930,3416 2992,3414 3054,3413 3116,3411 3178,3411"/>
                <TextEquiv>
                    <Unicode>zu Boden wie ein Stück Wild. Zwei Existenzen sind vernichtet: Rönning,</Unicode>
                </TextEquiv>
            </TextLine>
            <TextLine id="tr_4_tl_78" custom="readingOrder {index:77;}">
                <Coords points="1924,3471 3149,3463 3177,3421 1924,3446"/>
                <Baseline points="1934,3468 1996,3466 2058,3468 2121,3468 2183,3466 2245,3465 2308,3465 2370,3462 2432,3464 2495,3462 2557,3462 2619,3461 2682,3459 2744,3456 2806,3456 2869,3453 2931,3455 2993,3453 3056,3450 3118,3448 3181,3450"/>
                <TextEquiv>
                    <Unicode>der mit dem dem Karinsky entgegengeschleuderten Wort „Lump" seinen</Unicode>
                </TextEquiv>
            </TextLine>
            <TextLine id="tr_4_tl_79" custom="readingOrder {index:78;}">
                <Coords points="1934,3521 3174,3504 3161,3454 3060,3451 1936,3476"/>
                <Baseline points="1943,3507 2004,3507 2066,3507 2128,3505 2190,3504 2251,3504 2313,3504 2375,3501 2437,3501 2498,3501 2560,3500 2622,3498 2684,3498 2745,3496 2807,3496 2869,3495 2931,3492 2992,3492 3054,3489 3116,3487 3178,3483"/>
                <TextEquiv>
                    <Unicode>Geist aushaucht, und seine Braut, Anna Riedel, die, nachdem ihr eben</Unicode>
                </TextEquiv>
            </TextLine>
            <TextLine id="tr_4_tl_80" custom="readingOrder {index:79;}">
                <Coords points="1931,3555 3161,3535 3095,3492 1933,3522"/>
                <Baseline points="1940,3546 2001,3546 2062,3546 2123,3544 2185,3543 2246,3545 2307,3543 2369,3542 2430,3540 2491,3540 2553,3538 2614,3538 2675,3537 2736,3536 2798,3534 2859,3531 2920,3531 2982,3528 3043,3528 3104,3526 3166,3525"/>
                <TextEquiv>
                    <Unicode>noch die Zukunft in rosigstem Lichte gewinkt, der Misère des Theater</Unicode>
                </TextEquiv>
            </TextLine>
            <TextLine id="tr_4_tl_81" custom="readingOrder {index:80;}">
                <Coords points="1929,3598 3164,3575 3164,3537 3033,3527 1931,3554"/>
                <Baseline points="1940,3581 2001,3584 2062,3584 2123,3584 2185,3584 2246,3581 2307,3581 2369,3579 2430,3579 2491,3575 2553,3575 2614,3575 2675,3575 2736,3572 2798,3572 2859,3569 2920,3569 2982,3569 3043,3566 3104,3566 3166,3560"/>
                <TextEquiv>
                    <Unicode>lebens zurückgegeben wird. Oberlieutenant Karinsky, dessen Existenz ohne</Unicode>
                </TextEquiv>
            </TextLine>
            <TextLine id="tr_4_tl_82" custom="readingOrder {index:81;}">
                <Coords points="1939,3637 3023,3613 2932,3574 1939,3590"/>
                <Baseline points="1949,3626 2002,3623 2056,3621 2110,3621 2164,3620 2218,3620 2272,3620 2325,3619 2379,3617 2433,3617 2487,3617 2541,3614 2595,3616 2649,3614 2702,3614 2756,3611 2810,3610 2864,3609 2918,3609 2972,3608 3026,3608"/>
                <TextEquiv>
                    <Unicode>hin schon schwer erschüttert war, weiß, was er zu thun hat...</Unicode>
                </TextEquiv>
            </TextLine>
            <TextLine id="tr_4_tl_83" custom="readingOrder {index:82;}">
                <Coords points="2017,3666 3169,3650 3129,3585 2019,3625"/>
                <Baseline points="2026,3662 2083,3662 2140,3662 2197,3659 2255,3659 2312,3659 2369,3656 2427,3655 2484,3653 2541,3653 2599,3653 2656,3653 2713,3651 2770,3650 2828,3650 2885,3648 2942,3644 3000,3644 3057,3641 3114,3641 3172,3644"/>
                <TextEquiv>
                    <Unicode>Damit schließt das Stück. Man wird zugestehen müssen, daß dieser Schluß</Unicode>
                </TextEquiv>
            </TextLine>
            <TextLine id="tr_4_tl_84" custom="readingOrder {index:83;}">
                <Coords points="1931,3716 3111,3701 3166,3651 1931,3675"/>
                <Baseline points="1940,3701 2001,3701 2062,3700 2124,3698 2185,3698 2247,3698 2308,3698 2370,3695 2431,3695 2493,3692 2554,3692 2615,3690 2677,3692 2738,3689 2800,3689 2861,3686 2923,3686 2984,3683 3046,3682 3107,3680 3169,3677"/>
                <TextEquiv>
                    <Unicode>abstoßend wirkt und daß er allein schon dem Schauspiele bei dem Gros des Theater¬</Unicode>
                </TextEquiv>
            </TextLine>
            <TextLine id="tr_4_tl_85" custom="readingOrder {index:84;}">
                <Coords points="1939,3751 3167,3729 3148,3683 1939,3711"/>
                <Baseline points="1949,3743 2010,3740 2071,3740 2132,3738 2193,3737 2254,3739 2315,3737 2377,3734 2438,3734 2499,3734 2560,3731 2621,3729 2682,3728 2743,3728 2805,3726 2866,3725 2927,3725 2988,3722 3049,3722 3110,3720 3172,3716"/>
                <TextEquiv>
                    <Unicode>publicums keine Zukunft verheitt. Selbst die wenigen Leute, die sich am</Unicode>
                </TextEquiv>
            </TextLine>
            <TextLine id="tr_4_tl_86" custom="readingOrder {index:85;}">
                <Coords points="1938,3777 3167,3761 3167,3729 2987,3721 1938,3751"/>
                <Baseline points="1946,3775 2007,3775 2068,3775 2129,3775 2191,3775 2252,3775 2313,3773 2375,3772 2436,3770 2497,3769 2559,3769 2620,3769 2681,3766 2742,3765 2804,3763 2865,3763 2926,3760 2988,3760 3049,3758 3110,3759 3172,3752"/>
                <TextEquiv>
                    <Unicode>Sonnabend zu der Première im Krystallpalast eingefunden hatten, ver¬</Unicode>
                </TextEquiv>
            </TextLine>
            <TextLine id="tr_4_tl_87" custom="readingOrder {index:86;}">
                <Coords points="1938,3822 3176,3806 3167,3758 1939,3779"/>
                <Baseline points="1946,3817 2007,3817 2069,3817 2131,3814 2193,3814 2254,3813 2316,3811 2378,3811 2440,3808 2501,3806 2563,3808 2625,3808 2687,3805 2748,3804 2810,3802 2872,3802 2934,3799 2995,3799 3057,3796 3119,3796 3181,3793"/>
                <TextEquiv>
                    <Unicode>hielten sich bei dem letzten Fallen des Vorhangs lautlos und besannen sich</Unicode>
                </TextEquiv>
            </TextLine>
            <TextLine id="tr_4_tl_88" custom="readingOrder {index:87;}">
                <Coords points="1939,3860 2980,3864 3182,3849 3184,3806 1939,3826"/>
                <Baseline points="1949,3856 2010,3856 2072,3853 2134,3853 2196,3853 2258,3855 2320,3850 2382,3853 2444,3849 2506,3849 2568,3847 2629,3847 2691,3844 2753,3844 2815,3842 2877,3841 2939,3840 3001,3838 3063,3835 3125,3833 3187,3835"/>
                <TextEquiv>
                    <Unicode>erst später darauf, daß sie wenigstens den Darstellern den Tribut der</Unicode>
                </TextEquiv>
            </TextLine>
            <TextLine id="tr_4_tl_89" custom="readingOrder {index:88;}">
                <Coords points="1938,3908 2085,3895 2161,3912 2258,3892 2380,3903 2370,3857 1938,3860"/>
                <Baseline points="1946,3895 1971,3895 1997,3894 2023,3892 2049,3892 2074,3892 2100,3892 2126,3892 2152,3892 2177,3892 2203,3892 2229,3892 2255,3892 2280,3892 2306,3891 2332,3890 2358,3889 2384,3889"/>
                <TextEquiv>
                    <Unicode>Dankbarkeit zollen mußten</Unicode>
                </TextEquiv>
            </TextLine>
            <TextLine id="tr_4_tl_90" custom="readingOrder {index:89;}">
                <Coords points="2011,3935 3035,3930 3186,3915 3187,3879 2011,3897"/>
                <Baseline points="2020,3934 2078,3931 2137,3931 2195,3931 2254,3931 2312,3928 2371,3930 2429,3925 2488,3925 2546,3923 2605,3922 2663,3922 2722,3922 2780,3919 2839,3919 2897,3918 2956,3916 3014,3913 3073,3913 3131,3911 3190,3907"/>
                <TextEquiv>
                    <Unicode>Das darstellende Personal hatte sich hier auf einem wesentlich</Unicode>
                </TextEquiv>
            </TextLine>
            <TextLine id="tr_4_tl_91" custom="readingOrder {index:90;}">
                <Coords points="1943,3976 3156,3961 3222,3955 3224,3913 1943,3933"/>
                <Baseline points="1952,3960 2015,3969 2079,3969 2143,3969 2206,3969 2270,3967 2334,3966 2397,3966 2461,3963 2525,3962 2589,3962 2652,3960 2716,3958 2780,3957 2843,3955 2907,3955 2971,3954 3034,3952 3098,3952 3162,3950 3226,3946"/>
                <TextEquiv>
                    <Unicode>deren Boden zu bewegen als jüngst in den „Bocksprüngen" und das</Unicode>
                </TextEquiv>
            </TextLine>
            <TextLine id="tr_4_tl_92" custom="readingOrder {index:91;}">
                <Coords points="1939,4018 3224,3995 3189,3947 1941,3976"/>
                <Baseline points="1949,4014 2012,4008 2076,4008 2140,4008 2204,4008 2268,4008 2332,4005 2395,4005 2459,4002 2523,4001 2587,3999 2651,3999 2715,3996 2779,3996 2842,3996 2906,3993 2970,3992 3034,3990 3098,3990 3162,3987 3226,3987"/>
                <TextEquiv>
                    <Unicode>relativ gute Gelingen der Aufführung ist ein erfreulicher Beweis seiner</Unicode>
                </TextEquiv>
            </TextLine>
            <TextLine id="tr_4_tl_93" custom="readingOrder {index:92;}">
                <Coords points="1943,4061 3191,4046 3222,3998 1943,4016"/>
                <Baseline points="1952,4050 2015,4050 2079,4047 2143,4047 2206,4047 2270,4045 2334,4044 2397,4043 2461,4041 2525,4038 2589,4038 2652,4035 2716,4035 2780,4035 2843,4034 2907,4032 2971,4031 3034,4029 3098,4026 3162,4024 3226,4023"/>
                <TextEquiv>
                    <Unicode>Vielseitigkeit. Insbesondere war es Robert v. Lenor, der die Haupt¬</Unicode>
                </TextEquiv>
            </TextLine>
            <TextLine id="tr_4_tl_94" custom="readingOrder {index:93;}">
                <Coords points="1946,4097 3091,4081 3179,4072 3181,4038 1946,4056"/>
                <Baseline points="1955,4092 2016,4086 2077,4085 2139,4083 2200,4083 2262,4085 2323,4083 2385,4080 2446,4080 2508,4077 2569,4076 2630,4076 2692,4074 2753,4073 2815,4071 2876,4071 2938,4068 2999,4068 3061,4068 3122,4066 3184,4062"/>
                <TextEquiv>
                    <Unicode>rolle des Stückes, die des Paul Rönning lebenswahr und mit eleganter</Unicode>
                </TextEquiv>
            </TextLine>
            <TextLine id="tr_4_tl_95" custom="readingOrder {index:94;}">
                <Coords points="1991,4140 3191,4121 3192,4072 1991,4096"/>
                <Baseline points="1999,4119 2058,4122 2118,4122 2178,4122 2237,4122 2297,4122 2357,4122 2416,4122 2476,4116 2536,4117 2596,4119 2655,4116 2715,4115 2775,4113 2834,4113 2894,4110 2954,4108 3013,4107 3073,4106 3133,4104 3193,4101"/>
                <TextEquiv>
                    <Unicode>lung verkörperte. Paul Rönnings Gegner, der Oberlieutenant Karinsky</Unicode>
                </TextEquiv>
            </TextLine>
            <TextEquiv>
                <Unicode></Unicode>
            </TextEquiv>
        </TextRegion>
    </Page>
</PcGts>
