3436 4448
207 125 327 248 8.
370 144 718 267 Freiwil
901 163 1306 259 box 14/3
805 860 1393 931 Neues Wiener Tagblatt.
1744 863 2177 936 25. December 1890.
2457 819 2574 971 2
411 947 544 1010 nahmen
710 947 2574 1023 (Etablissementsbesuch.) Kronprinzessin=Witwe wird, in Uniform. Am Sonntag bei der zweiten Aufführung
414 963 1551 1042 ig mit Erzherzogin Stephanie beehrte gestern abermals da¬
1576 1012 2572 1069 sah ich meinen Collegen, der den Officier gab, merkwürdiger¬
419 1031 1546 1105 n, sich Etablissement des Hoflieferanten E. Bakalowits mit ihren
1576 1061 2572 1110 weise im Civilanzug. Das genirte mich nun wenig, im
408 1067 702 1135 de der Besuche.
419 1099 539 1148 Local-
1576 1102 2569 1167 Stillen dachte ich mir aber: „Die Ohrfeige bekanst Du ja
686 1083 1554 1165 (Das Wetter und die Galoschen.) Das morastige
411 1140 536 1186 verein¬
566 1140 1548 1197 Wetter, welches uns die letzten Tage gebracht haben, ha¬
1581 1143 2572 1203 doch". Im letzten Acte zog er die Uniform wieder an; in
416 1181 536 1219 aats¬
569 1189 2572 1252 naturgemäß den Consum der Galoschen wesentlich gesteigert, diesem Aufzug erschießt er den Civilisten. Warum ich
425 1214 536 1260 19. d.
563 1227 1548 1271 Aber auch die Vervollkommnung, zu der es die Galoschen¬
1573 1244 2572 1295 diese scheinbar überflüssigen Zeilen erwähne? In Schnitzlers
405 1249 531 1303 halten
566 1265 1543 1312 industrie gebracht hat, macht dieses Schuhwerk äußer
414 1290 533 1336 chenden
1578 1287 2569 1350 Schauspiel werden nämlich auch die Verhältnisse in einem
561 1303 1540 1344 beliebt. Eine der vorzüglichsten Marien ist die „Sternmarke
414 1328 533 1374 tzlichen
561 1333 2572 1388 der Rigaer Gummiwaarenfabrik „Prowodnik", deren General¬ Sommertheater geschildert. Unter Anderem spricht ein
414 1372 1494 1442 erlichen depot Herr Robert Schlesinger, Wallfischgasse besitzt.
1573 1385 2569 1431 Officier von unseren Colleginnen in folgender Weise: „Wenn
405 1401 531 1448 ille mi¬
694 1426 2563 1486 (Röntgen=Strahlen.) Die Demonstrationen mit die vom Theater jetzt auch schon anständig
408 1440 531 1491 Leitung
558 1434 1543 1508 Röntgen-Strahten, Kärntnerstraße Nr. 42, welche ein
422 1478 531 1532 Herrn
1581 1469 2566 1529 sein wollen, da kennt man sich ja gar nicht
563 1499 1546 1546 Sehenswürdigkeit ersten Ranges bilden, finden während der
408 1505 528 1559 en ein
1576 1521 2566 1578 aus." Der Officier darf in Uniformkleidung nicht mehr
555 1527 1546 1603 Weihnachtsfeiertage von 10 Uhr Morgens bis 8 Uhr Abend¬
405 1548 531 1597 uf den
1570 1565 2566 1630 geohrfeigt werden, der Schauspieler muß mit einem Lächeln
563 1573 1042 1633 mit neuem Programme statt.
405 1584 531 1644 Pfarrer
683 1611 2563 1663 (Neue Ballmoden.) Für schwere Gewebe werden auf den Lippen seinen eigenen Stand in den Schmutz zerren.
405 1627 531 1676 ung des
411 1652 2566 1720 der Ob¬ kurze Schnebbentaillen oder Prince facons in Anwendung Allerdings wird er belohnt: Das Publicum lacht sich krank
558 1698 1940 1769 gebracht, leichte Stoffe formt man zu Blousen, gouffrirten über den guten Spaß¬
405 1701 533 1747 tsbahn¬
563 1733 1546 1774 Taillenbezügen und rückwärts leicht gehobenen Röcken, die
405 1739 531 1785 sprache
1663 1725 2563 1801 Es ist unseres Wissens der erste Versuch, der aus
566 1766 1546 1818 fast ohne Ausnahme mit Besatz versehen sind. Rock und
405 1774 533 1823 13. Die
566 1793 2563 1850 Vermel sind bedeutend enger, Blousentaillen zeigen den dem Schauspielerstande selbst herau unternommen wird, den
408 1815 542 1859 en an¬
563 1845 1548 1891 Seitenverschluß durch einen Besatz, ein Jabot, eine Blume rc.
411 1850 533 1894 en vor
1576 1842 2403 1905 Stand als solchen von der Bühne aus zu schützen.
561 1880 1543 1924 cachirt. Als Modeblume gilt die Orchidee, für junge Mädchen
405 1883 531 1932 R. von
405 1924 1546 1970 an den wählt man Veilchen oder Heckenrosen. Apart combinirte
1875 1938 2256 2016 Fasching 1897.
405 1962 1551 2000 zu von Gürtel sind haute nouveauté. Näheres findet man im
566 1992 1543 2038 Heft 7 der „Wiener Mode", das in allen Buchhandlungen
408 1997 536 2044 ten die
1665 1973 2563 2046 Am 21. d. M. wurde das Präsidium des Architekten¬
563 2014 2563 2090 zum Preise von 25 kr. sammt der Gratisbeilage „Wiener ballcomités von dem Protector des Balles, Erzherzog
414 2030 533 2084 nkaffee
561 2068 1499 2125 Kindermode" und einem Schnittmusterhogen erhältlich ist.
1573 2071 2566 2125 Otto, in Audienz empfangen. Der Erzherzog empfing die
405 2076 539 2133 dischen
1578 2112 2569 2161 Architekten Herren Obrich und Schwager, welche unter
686 2112 1548 2177 (Aerztliche Nachricht.) Zahnarzt Dr. Edmund
408 2123 533 2182 in Vor¬
1589 2150 2569 2193 Führung des Ehrenpräsidenten Herrn Oberbaurathes Professor
566 2125 1546 2215 Stauber, von seiner Studienreise durch Deutschland
408 2172 533 2229 ten, die
1570 2180 2561 2231 Otto Wagner erschienen waren, in freundlichster Weise und
558 2191 1483 2256 zurückgekehrt, ordinirt: Landstraße, Hauptstraße Nr. 17.
405 2215 533 2275 meisten
1578 2223 2563 2272 erklärte, daß es ihm eine besondere Freude sein werde, den
661 2226 1543 2278 (Ziehrer's Concertakademie im Ronacher=Saal.
1578 2261 2566 2316 Ball zu besuchen und daß er bestimmt erscheinen werde.
405 2261 536 2321 cht ent¬
563 2259 1548 2327 Heute Freitag wird der jugendliche Claviervirtuose Poldi
1578 2297 2563 2343 Das Comité trifft bereits alle Anstalten, um dem voraus¬
566 2310 1546 2357 Spielmann und dessen 10jährige Schwester Frl. Melanie
444 2305 536 2367 Birt¬
1573 2332 2563 2381 sichtlich zahlreichen Besuche des Balles in jeder Weise gerecht
563 2343 1543 2389 Spielmann, Mitglied des Burgtheaters, als Declamatrie¬
400 2354 533 2414 und
1578 2373 2561 2416 zu werden. Erzherzog Otto, der in allen künstlerischen
561 2381 1551 2430 mitwirken. Morgen Samstag wirken mit: die Concert¬
400 2406 528 2468 demon
1578 2408 2563 2463 Fragen eingehendst versirt schien, erkundigte sich lebhaft nach
563 2419 1546 2465 sängerin Frl. Julie Hofmann, Herr Ludwig Köppelhofer
1576 2446 2566 2493 den architektonischen Arbeiten in Wien, interessirte sich be¬
403 2452 536 2512 nungen
561 2463 1546 2506 und Herr Adolph Simandl (Harmonium); ferner das Sextet
1576 2485 2555 2531 sonders für die ästhetische Durchbildung der Hochbauten der
558 2490 1543 2542 der Hofoper, die Herren J. Gräbner, H. Pacal, J. Neu¬
400 2498 533 2553 Abend¬
1573 2525 2547 2563 Stadtbahn und der Donaukanalregulirung und war nament
563 2533 1540 2572 bauer, G. Mayer, R. Weißhappel und C. Hellmann. —
405 2542 528 2602 geblich
1573 2555 2555 2607 lich erfreut über die in Aussicht genommene künstlerische
561 2569 1543 2612 Uebermorgen Sonntag findet wieder ein Akademieconcert statt
411 2593 531 2648 sich
1576 2596 2558 2637 Durchführung der Brücken über den Donaukanal. Ober¬
555 2610 1548 2650 und zwar unter Mitwirkung des Professors Emil Baupé
1570 2629 2561 2680 baurath Wagner, welcher über alle diese Fragen Auskunft
400 2631 533 2697 Abend¬
563 2642 1543 2691 und des Herrn Franz Fiala, Mitglied des Burgtheater¬
566 2672 2553 2724 (Declamation). In allen drei Concerten werden die Solisten gab, dantte schließlich für das dem Architektenstande zu¬
408 2683 536 2746 dachlose
1570 2716 2553 2773 gewandte Interesse, welches sicherlich die größte Aneiserung
555 2708 1538 2765 der Capelle Ziehrer, Frl. Willi Müller (Harse), Concert
1573 2740 1875 2808 hervorrufen werde.
400 2738 1546 2803 erregten meister Jul. v. Theodorowicz (Violine) und Herr Anton
1657 2787 2555 2838 Das Comité des Kränzchens zu Gunsten der technisch¬
411 2789 1162 2844 zu be=Weiß (Piston) Solopieren vortragen.
1570 2827 2555 2874 akademischen Ortsgruppe des Deutschen
403 2822 528 2885 glück
667 2822 1538 2887 (Kindervorstellung im Etablissement Ronacher.
1573 2868 2558 2912 Schulvereins ist eifrig an der Arbeit, um das Ballfest,
403 2876 1543 2928 Frauen=Kaum wurde die Thatsache bekannt, daß das Etablissement
1565 2904 2558 2953 das sich schon im Vorjahre einer regen Betheiligung und
555 2917 1546 2955 Ronacher seine Pforten am Nachmittag zu wohlthätigen
392 2917 531 2980 varteten
1567 2939 2558 2991 großen Beifalls zu erfreuen hatte, heuer noch eleganter zu
563 2953 1540 2993 Zwecke öffnet, wurde ein großer Theil der Logen und
1570 2982 2561 3018 gestalten. Das Kränzchen findet am 3. Februar im Bal¬
400 2977 1540 3034 einem Sitze vergriffen. Es ist aber auch eine entschieden originelle
1570 3012 2553 3061 saale Ronacher statt. Das Präsidium besteht aus folgenden
441 3012 1540 3067 Eine Neuheit — diese Nachmittagsvorstellung, welche, wie schon
1570 3056 2553 3110 Herren: Alfred Günther, Präses; Hugo Faber, erster
389 3045 1538 3116 it durch gemeldet, im Etablissement Ronacher am 6. Jänner k. J.
1567 3086 2558 3138 Stellvertreter: Heinrich Schickher, zweiter Stellvertreter;
563 3102 1540 3146 am Tage der heiligen drei Könige) arrangirt wird. Es ist
397 3102 533 3162 s ihrem
1565 3124 2558 3170 Emil Wechsler, Schriftführer: Carlo Ptak, Cassier.
555 3138 1538 3184 dies ein Ronacher blanc für die Jugend, und unseren Back¬
1567 3159 2558 3208 Das Präsidium des Damencomites hat in liebenswürdigster
392 3140 1546 3217 unter fischchen wird einmal Gelegenheit geboten, Räume kennen zu
1567 3203 2558 3244 Weise Frau Professor Czuber, das Protectorat Regierungs¬
555 3208 1540 3263 lernen, die sie sonst erst am Armee des Herrn Gemals be¬
1567 3238 2283 3304 rath Professor Friedrich Rick übernommen.
389 3222 525 3295 er des
552 3246 781 3304 treten hätten.
384 3285 531 3331 vermißt.
1657 3263 2558 3342 Das Philosophenkränzchencomité hat sich
683 3274 1532 3353 (Verlustanzeige.) Der bei der Firma Bock und
1573 3304 2553 3377 bereits constituirt und folgende Herren in das Präsidium
389 3334 1543 3374 aus der Comp., 1. Bezirk, Grünangergasse Nr. 12, angestellte
1573 3366 2550 3412 gewählt: Präses: Dr. Julius Tomaseth, erster Vice¬
389 3372 1543 3418 e Nr. 4 Geschäftsdiener Franz Maroschek hat gestern um 12 Uhr
384 3393 522 3445 Amerika
555 3404 2558 3453 Mittags in der Staatsschuldenasse eine Fünfzig Gulden präses, phil. Friedrich Anger, zweiter Vicepräses:
1578 3445 2555 3489 phil. Franz Cerwyk. Das Protectorat über das Kränzcher.
384 3440 1540 3489 n, nach noten verloren. Erst als er den Verlust entdeckte, erinnerte
378 3470 2555 3524 von ihm er sich, daß ein junger Mann kurz vorher sich zur Erde hat der Rector der Universität, Professor Dr. Leo Reinisch,
389 3516 1538 3565 für sein bückte und ein Papierstück aufhob. Da der arme Geschäfts¬
1565 3521 2555 3562 das Ehrenpräsidium der Decan der philosophischen Facultät
365 3535 2547 3606 Przes, in diener den Betrag aus Eigenem ersetzen muß, bittet er den Professor Dr. Alphons Huber, sowie dessen Gemalin in
376 3578 525 3630 dar. Die
558 3589 2177 3638 Finder, ihm gegen entsprechenden Finderlohn das Geld unter liebenswürdigster Weise übernommen.
370 3617 525 3671 laufend,
550 3630 1029 3679 obiger Adresse zu übergeben.
1646 3622 2555 3693 Das Touristenkränzchen feiert im nächsten
370 3660 522 3709 stark ver¬
1559 3668 2550 3744 Fasching sein 25 jähriges Jubiläum. Es hat sich im
370 3695 522 3742 deutsch
1565 3720 2547 3766 Schoße des Oesterreichischen Touristenklubs bereits das
362 3731 528 3783 Familie
678 3717 1412 3802 Die Schauspielerin im Schauspiele.
1565 3755 2547 3804 Kränzchencomité constituirt und als Obmann Herrn E. See¬
365 3769 525 3818 elbe noch
1562 3796 2555 3840 Höck, als Obmannstellvertreter Herrn Th. I. Fundulus,
642 3785 1529 3870 Das Privatleben der Einzelnen gehört nicht vor die
365 3802 517 3853 Schonung
1565 3834 2547 3875 als Cassier Herrn O. Steudner und als Schriftführer
362 3834 786 3908 gen. Auch Oeffentlichkeit
1576 3872 2553 3916 Herrn J. Heyra gewählt. Das Touristenkränzchen wird
365 3881 520 3929 Rückkunft
631 3870 2547 3954 Richtig! Einverstanden! Dann sollen aber die Herren den Reigen der nächstjährigen hochhalpinen Tanzfeste er¬
365 3921 525 3981 ber un¬
552 3919 1029 4006 Dichter den Anfang machen!
1567 3943 2558 4000 öffnen, indem es am 24. Jänner, und zwar wieder in den
1567 3981 2558 4025 Hophiensälen abgehalten werden wird. Da der Zutritt
631 3951 1540 4038 Wenn in einer Zeitung einmal eine bekannte Persön¬
405 3978 525 4060 Ueber
1567 4022 2558 4063 traditionell nur in der Gebirgstracht der österreichischen
552 4027 1546 4082 lichkeiten betreffende Affaire erwähnt wird, die in aller Munde
354 4041 522 4106 des liegen
1573 4057 2550 4101 Alpenländer oder im Touristenkleid gestattet ist, liegen, um
552 4076 1538 4128 ist, die in jedem Wirthshause öffentlich und mit den intimsten
1573 4090 2550 4134 den Herren und Damen die Wahl des Costumes zu er¬
346 4090 514 4134 Wien nach
