<?xml version="1.0" encoding="UTF-8" standalone="yes"?>
<PcGts xmlns="http://schema.primaresearch.org/PAGE/gts/pagecontent/2013-07-15" xmlns:xsi="http://www.w3.org/2001/XMLSchema-instance" xsi:schemaLocation="http://schema.primaresearch.org/PAGE/gts/pagecontent/2013-07-15 http://schema.primaresearch.org/PAGE/gts/pagecontent/2013-07-15/pagecontent.xsd">
    <Metadata>
        <Creator>prov=READ-COOP:name=PyLaia@TranskribusPlatform:version=2.12.1:model_id=39995:lm=provided:date=28_03_2024_21:32</Creator>
        <Created>2019-10-07T11:47:21.409+02:00</Created>
        <LastChange>2024-03-28T21:32:19.810+01:00</LastChange>
        <TranskribusMetadata docId="223990" pageId="9503995" pageNr="112" tsid="156390189" status="IN_PROGRESS" userId="40391" imgUrl="https://files.transkribus.eu/Get?id=NCYEHSJNVVYZRRQUEXWHBBVL&amp;fileType=view" xmlUrl="https://files.transkribus.eu/Get?id=ESERYHFVWKLIULHJGUPTZYFI" imageId="6194209"/>
    </Metadata>
    <Page imageFilename="223990_0112.jpeg" imageWidth="3436" imageHeight="4448">
        <ReadingOrder>
            <OrderedGroup id="ro_1712662607930" caption="Regions reading order">
                <RegionRefIndexed index="0" regionRef="tr_1"/>
            </OrderedGroup>
        </ReadingOrder>
        <TextRegion orientation="0.0" id="tr_1" custom="readingOrder {index:0;}">
            <Coords points="149,268 149,3243 2821,3243 2821,268"/>
            <TextLine id="tr_1_tl_1" custom="readingOrder {index:0;}">
                <Coords points="166,309 705,333 828,283 895,319 1028,283 1267,329 1271,236 1201,223 818,259 659,220 170,230"/>
                <Baseline points="185,292 239,298 293,298 348,300 402,301 457,304 511,304 566,304 620,304 675,301 729,299 783,290 838,292 892,290 947,289 1001,292 1056,296 1110,298 1165,298 1219,298 1274,295"/>
                <TextEquiv>
                    <Unicode>8. Freiwild 14/3</Unicode>
                </TextEquiv>
            </TextLine>
            <TextLine id="tr_1_tl_2" custom="readingOrder {index:1;}">
                <Coords points="2205,1034 2611,1031 2641,1051 2664,1034 2787,1054 2787,958 2614,985 2565,955 2521,981 2438,955 2348,988 2305,968 2205,988"/>
                <Baseline points="2224,1023 2252,1025 2281,1026 2309,1026 2338,1026 2367,1026 2395,1026 2424,1026 2453,1026 2481,1026 2510,1026 2539,1026 2567,1028 2596,1029 2625,1029 2653,1031 2682,1031 2711,1029 2739,1031 2768,1032 2797,1032"/>
                <TextEquiv>
                    <Unicode>me and in Prin=</Unicode>
                </TextEquiv>
            </TextLine>
            <TextLine id="tr_1_tl_3" custom="readingOrder {index:2;}">
                <Coords points="1906,1071 2804,1078 2804,1038 2358,1041 2172,1008 1906,1048"/>
                <Baseline points="1925,1068 1969,1062 2013,1062 2058,1062 2102,1062 2146,1062 2191,1062 2235,1062 2279,1062 2324,1065 2368,1065 2412,1065 2457,1065 2501,1065 2545,1065 2590,1065 2634,1065 2678,1067 2723,1068 2767,1070 2812,1068"/>
                <TextEquiv>
                    <Unicode>polizei bisher unbekannt war, von</Unicode>
                </TextEquiv>
            </TextLine>
            <TextLine id="tr_1_tl_4" custom="readingOrder {index:3;}">
                <Coords points="140,1091 313,1131 2814,1111 2814,1078 2644,1061 1976,1074 1600,1031 1321,1071 1191,1034 140,1051"/>
                <Baseline points="158,1089 291,1098 424,1098 557,1099 690,1098 823,1101 956,1101 1089,1102 1222,1104 1355,1101 1488,1104 1621,1095 1754,1094 1887,1095 2020,1098 2153,1098 2286,1101 2419,1104 2552,1104 2685,1105 2818,1107"/>
                <TextEquiv>
                    <Unicode>rennverer Mächtigkeit der minenartigen Segen, wie diejenige er sandte deshalb einen höheren Polizeibeamten Philippi nach Paris, um</Unicode>
                </TextEquiv>
            </TextLine>
            <TextLine id="tr_1_tl_5" custom="readingOrder {index:4;}">
                <Coords points="1570,1134 2804,1154 2804,1114 2747,1104 1570,1101"/>
                <Baseline points="1588,1134 1649,1131 1710,1131 1771,1131 1832,1131 1894,1134 1955,1134 2016,1134 2077,1137 2138,1137 2200,1137 2261,1137 2322,1138 2383,1140 2444,1140 2506,1140 2567,1143 2628,1143 2689,1143 2750,1143 2812,1146"/>
                <TextEquiv>
                    <Unicode>sich von den dortigen Polizeieinrichtungen genau zu unterrichten. Nach</Unicode>
                </TextEquiv>
            </TextLine>
            <TextLine id="tr_1_tl_6" custom="readingOrder {index:5;}">
                <Coords points="130,1151 1547,1158 1543,1121 1400,1104 130,1091"/>
                <Baseline points="149,1134 219,1139 289,1140 359,1143 429,1143 499,1143 569,1146 640,1146 710,1146 780,1146 850,1146 920,1146 990,1146 1060,1146 1131,1146 1201,1149 1271,1149 1341,1149 1411,1149 1481,1149 1552,1146"/>
                <TextEquiv>
                    <Unicode>Ueber der heutigen Schießwollgranaten über Nacht ihre Granatsicherhei</Unicode>
                </TextEquiv>
            </TextLine>
            <TextLine id="tr_1_tl_7" custom="readingOrder {index:6;}">
                <Coords points="1573,1184 2804,1191 2804,1151 2724,1144 1573,1138"/>
                <Baseline points="1591,1170 1652,1170 1713,1170 1774,1170 1835,1170 1896,1172 1957,1173 2018,1173 2079,1176 2140,1174 2201,1176 2262,1176 2323,1177 2384,1179 2445,1179 2506,1179 2567,1179 2628,1179 2689,1182 2750,1182 2812,1182"/>
                <TextEquiv>
                    <Unicode>seiner Rückkehr wurde Philippi zum Polizeipräsidenten von Berlin er¬</Unicode>
                </TextEquiv>
            </TextLine>
            <TextLine id="tr_1_tl_8" custom="readingOrder {index:7;}">
                <Coords points="150,1201 2814,1227 2764,1184 150,1151"/>
                <Baseline points="167,1191 299,1185 432,1189 565,1191 697,1192 830,1192 963,1194 1095,1194 1228,1194 1361,1195 1494,1196 1626,1208 1759,1208 1892,1209 2024,1209 2157,1212 2290,1214 2422,1214 2555,1217 2688,1219 2821,1220"/>
                <TextEquiv>
                    <Unicode>ge, seine wieder völlig in Frage stellen kann, und daß daher nicht sowohl in nannt und mit dem Vertrauen des Königs beehrt. Als nun einige Jahre</Unicode>
                </TextEquiv>
            </TextLine>
            <TextLine id="tr_1_tl_9" custom="readingOrder {index:8;}">
                <Coords points="156,1311 2807,1264 2804,1227 2438,1214 153,1204"/>
                <Baseline points="170,1232 302,1235 434,1235 566,1238 699,1237 831,1238 963,1239 1095,1240 1228,1241 1360,1241 1492,1241 1624,1246 1757,1244 1889,1247 2021,1250 2153,1250 2286,1253 2418,1253 2550,1253 2682,1256 2815,1262"/>
                <TextEquiv>
                    <Unicode>selben sehr beweisen la vie du dans des von da an die men der hintereinander gerichte Verbrechen</Unicode>
                </TextEquiv>
            </TextLine>
            <TextLine id="tr_1_tl_10" custom="readingOrder {index:9;}">
                <Coords points="2581,1317 2594,1317 2598,1321 2601,1317 2608,1321 2611,1317 2621,1317 2628,1311 2661,1311 2664,1264 2601,1264 2598,1261 2584,1261"/>
                <Baseline points="2600,1292 2637,1291 2674,1289"/>
                <TextEquiv>
                    <Unicode></Unicode>
                </TextEquiv>
            </TextLine>
            <TextLine id="tr_1_tl_11" custom="readingOrder {index:10;}">
                <Coords points="306,1344 2804,1367 2781,1311 306,1291"/>
                <Baseline points="325,1337 449,1337 573,1340 698,1341 822,1343 946,1343 1071,1343 1195,1344 1319,1343 1444,1343 1568,1345 1692,1343 1817,1340 1941,1346 2065,1347 2190,1347 2314,1349 2438,1355 2563,1352 2687,1354 2812,1355"/>
                <TextEquiv>
                    <Unicode>Lächeln des Malers reizt ihn, den, wie er meint, ihn verhöhnenden Andere an? Er kann ihm seine Ehre so wenig nehmen als wieder¬</Unicode>
                </TextEquiv>
            </TextLine>
            <TextLine id="tr_1_tl_12" custom="readingOrder {index:11;}">
                <Coords points="303,1390 1493,1407 1540,1404 1537,1350 299,1340"/>
                <Baseline points="322,1388 383,1385 444,1385 506,1385 567,1385 628,1388 690,1386 751,1388 812,1388 874,1388 935,1388 996,1385 1058,1388 1119,1390 1180,1391 1242,1391 1303,1391 1364,1391 1426,1391 1487,1391 1549,1394"/>
                <TextEquiv>
                    <Unicode>glücklichen Nebenbuhle zu provociren. Bei einer plumpen Beleidigun</Unicode>
                </TextEquiv>
            </TextLine>
            <TextLine id="tr_1_tl_13" custom="readingOrder {index:12;}">
                <Coords points="1577,1407 2807,1410 2807,1364 2608,1350 1577,1357"/>
                <Baseline points="1594,1394 1655,1391 1716,1389 1777,1391 1838,1391 1899,1391 1960,1392 2021,1394 2082,1394 2143,1394 2204,1396 2265,1397 2326,1397 2387,1397 2448,1397 2509,1400 2570,1400 2631,1400 2692,1400 2753,1403 2815,1406"/>
                <TextEquiv>
                    <Unicode>geben. Glaubt Karinski, sich tödten zu müssen — nicht er, ein Wahn</Unicode>
                </TextEquiv>
            </TextLine>
            <TextLine id="tr_1_tl_14" custom="readingOrder {index:13;}">
                <Coords points="299,1470 1543,1467 1543,1400 299,1400"/>
                <Baseline points="319,1429 380,1432 442,1432 503,1432 565,1432 626,1435 688,1435 749,1435 811,1435 872,1435 934,1435 995,1435 1057,1435 1118,1438 1180,1438 1241,1438 1303,1438 1364,1438 1426,1438 1487,1438 1549,1438"/>
                <TextEquiv>
                    <Unicode>Annas verliert Rönning die Kaltblütigkeit und ohrfeigt den Lieutenant</Unicode>
                </TextEquiv>
            </TextLine>
            <TextLine id="tr_1_tl_15" custom="readingOrder {index:14;}">
                <Coords points="1577,1450 2728,1467 2781,1460 2781,1414 1573,1407"/>
                <Baseline points="1594,1438 1653,1435 1713,1435 1773,1435 1832,1435 1892,1437 1952,1438 2011,1441 2071,1439 2131,1441 2191,1441 2250,1441 2310,1444 2370,1444 2429,1444 2489,1444 2549,1444 2608,1444 2668,1444 2728,1445 2788,1450"/>
                <TextEquiv>
                    <Unicode>nimmt ihm das Leben. „Aber für Andere ist der Wahn das Leben</Unicode>
                </TextEquiv>
            </TextLine>
            <TextLine id="tr_1_tl_16" custom="readingOrder {index:15;}">
                <Coords points="1573,1493 2804,1507 2784,1450 1573,1447"/>
                <Baseline points="1591,1483 1652,1486 1713,1484 1774,1483 1835,1483 1896,1483 1957,1486 2018,1486 2079,1486 2140,1486 2201,1488 2262,1489 2323,1492 2384,1492 2445,1492 2506,1491 2567,1491 2628,1492 2689,1492 2750,1492 2812,1495"/>
                <TextEquiv>
                    <Unicode>entgegnet Rohnstedt, „Sie haben gewußt, daß dies der Fall war,</Unicode>
                </TextEquiv>
            </TextLine>
            <TextLine id="tr_1_tl_17" custom="readingOrder {index:16;}">
                <Coords points="376,1503 1547,1510 1547,1450 376,1454"/>
                <Baseline points="394,1498 452,1496 510,1498 568,1498 626,1498 684,1498 742,1498 800,1498 858,1500 916,1498 974,1498 1032,1498 1090,1500 1148,1501 1206,1501 1264,1501 1322,1501 1380,1501 1438,1504 1496,1504 1555,1504"/>
                <TextEquiv>
                    <Unicode>Im zweiten Akt verweigert er dem Beschimpften aus Prinzip die</Unicode>
                </TextEquiv>
            </TextLine>
            <TextLine id="tr_1_tl_18" custom="readingOrder {index:17;}">
                <Coords points="1577,1540 2804,1557 2804,1507 2728,1493 1577,1493"/>
                <Baseline points="1594,1531 1654,1531 1715,1529 1776,1531 1837,1531 1898,1531 1959,1531 2020,1531 2081,1531 2142,1532 2203,1534 2263,1537 2324,1535 2385,1535 2446,1534 2507,1537 2568,1537 2629,1540 2690,1540 2751,1540 2812,1540"/>
                <TextEquiv>
                    <Unicode>darum bedenken Sie, was Sie verweigern!" Zwei unvereinbare</Unicode>
                </TextEquiv>
            </TextLine>
            <TextLine id="tr_1_tl_19" custom="readingOrder {index:18;}">
                <Coords points="309,1547 1547,1567 1543,1513 1493,1503 309,1487"/>
                <Baseline points="328,1543 389,1541 450,1545 511,1546 572,1546 634,1543 695,1546 756,1546 817,1549 878,1547 940,1547 1001,1546 1062,1546 1123,1546 1184,1546 1246,1547 1307,1549 1368,1549 1429,1549 1490,1552 1552,1549"/>
                <TextEquiv>
                    <Unicode>Genugthuung, Muß man jede Infamie erdulden, oder mit seinen</Unicode>
                </TextEquiv>
            </TextLine>
            <TextLine id="tr_1_tl_20" custom="readingOrder {index:19;}">
                <Coords points="1580,1583 2807,1603 2807,1550 1580,1537"/>
                <Baseline points="1597,1576 1657,1576 1718,1576 1779,1576 1840,1577 1900,1579 1961,1582 2022,1579 2083,1579 2143,1580 2204,1582 2265,1585 2326,1584 2386,1582 2447,1582 2508,1585 2569,1585 2629,1585 2690,1585 2751,1587 2812,1591"/>
                <TextEquiv>
                    <Unicode>Weltanschauungen stehen hier einander gegenüber. Auch die Warnung</Unicode>
                </TextEquiv>
            </TextLine>
            <TextLine id="tr_1_tl_21" custom="readingOrder {index:20;}">
                <Coords points="309,1590 1547,1603 1547,1560 1450,1553 309,1543"/>
                <Baseline points="328,1588 389,1588 450,1590 512,1591 573,1590 634,1591 696,1591 757,1593 818,1594 880,1594 941,1594 1002,1591 1064,1592 1125,1594 1186,1594 1248,1594 1309,1594 1370,1595 1432,1597 1493,1597 1555,1597"/>
                <TextEquiv>
                    <Unicode>Leben für ihre Züchtigung eintreten? Seine Freunde verlassen ihn, e</Unicode>
                </TextEquiv>
            </TextLine>
            <TextLine id="tr_1_tl_22" custom="readingOrder {index:21;}">
                <Coords points="1577,1633 2804,1646 2767,1593 1577,1583"/>
                <Baseline points="1594,1623 1654,1623 1715,1623 1776,1623 1837,1623 1898,1623 1959,1626 2020,1626 2081,1626 2142,1627 2203,1627 2263,1626 2324,1627 2385,1629 2446,1629 2507,1627 2568,1629 2629,1629 2690,1632 2751,1632 2812,1638"/>
                <TextEquiv>
                    <Unicode>seines Freundes vor einer Verzweiflungsthat Karinskis vermag Rönning</Unicode>
                </TextEquiv>
            </TextLine>
            <TextLine id="tr_1_tl_23" custom="readingOrder {index:22;}">
                <Coords points="309,1643 1543,1650 1543,1607 1430,1597 309,1593"/>
                <Baseline points="328,1632 389,1635 450,1635 511,1635 572,1635 634,1635 695,1638 756,1640 817,1641 878,1638 940,1638 1001,1638 1062,1638 1123,1640 1184,1638 1246,1639 1307,1641 1368,1641 1429,1641 1490,1641 1552,1638"/>
                <TextEquiv>
                    <Unicode>ist gesellschaft unmöglich, „Freiwild geworden, ein jeder darf ihn belet</Unicode>
                </TextEquiv>
            </TextLine>
            <TextLine id="tr_1_tl_24" custom="readingOrder {index:23;}">
                <Coords points="309,1686 2807,1686 2807,1646 2505,1630 309,1640"/>
                <Baseline points="328,1680 452,1683 576,1683 701,1683 825,1683 949,1683 1074,1686 1198,1686 1322,1686 1447,1686 1571,1681 1695,1668 1820,1668 1944,1671 2068,1672 2193,1673 2317,1677 2441,1677 2566,1677 2690,1677 2815,1683"/>
                <TextEquiv>
                    <Unicode>digen, daer die Satisfaktionsfähigkeit verloren hat. Aber Rönning steht über nicht ins Wanken zu bringen. Im Gegentheil, man hat gewagt,</Unicode>
                </TextEquiv>
            </TextLine>
            <TextLine id="tr_1_tl_25" custom="readingOrder {index:24;}">
                <Coords points="153,1723 193,1730 203,1740 220,1726 243,1723 259,1733 266,1726 283,1726 283,1660 246,1663 233,1656 216,1666 210,1663 206,1670 200,1666 153,1670"/>
                <Baseline points="170,1716 199,1718 229,1719 259,1719 289,1719"/>
                <TextEquiv>
                    <Unicode>Duelle</Unicode>
                </TextEquiv>
            </TextLine>
            <TextLine id="tr_1_tl_26" custom="readingOrder {index:25;}">
                <Coords points="306,1733 2797,1733 2754,1686 2282,1673 306,1690"/>
                <Baseline points="325,1725 449,1728 573,1728 697,1731 821,1731 945,1731 1069,1731 1193,1732 1317,1731 1441,1731 1565,1733 1689,1713 1813,1716 1937,1719 2061,1719 2185,1719 2309,1722 2433,1722 2557,1722 2681,1723 2806,1728"/>
                <TextEquiv>
                    <Unicode>der Gesellschaft und ihren Vorurtheilen. Nichtachtend ihres Rufes kommt ihm mit einer solchen zu drohen und er fühlt sich herausgefordert</Unicode>
                </TextEquiv>
            </TextLine>
            <TextLine id="tr_1_tl_27" custom="readingOrder {index:26;}">
                <Coords points="1577,1770 2804,1783 2784,1730 1577,1726"/>
                <Baseline points="1594,1764 1654,1761 1715,1761 1776,1764 1837,1767 1898,1765 1959,1764 2020,1764 2081,1764 2142,1764 2203,1766 2263,1767 2324,1767 2385,1767 2446,1764 2507,1768 2568,1770 2629,1767 2690,1770 2751,1770 2812,1767"/>
                <TextEquiv>
                    <Unicode>seinen Muth zu beweisen: er wird bleiben. Es ist ja auch gleich¬</Unicode>
                </TextEquiv>
            </TextLine>
            <TextLine id="tr_1_tl_28" custom="readingOrder {index:27;}">
                <Coords points="146,1773 1547,1793 1527,1743 429,1753 146,1716"/>
                <Baseline points="164,1770 233,1768 303,1766 372,1773 442,1776 511,1776 581,1776 650,1776 720,1778 789,1779 859,1779 929,1779 998,1779 1068,1779 1137,1779 1207,1781 1276,1782 1346,1780 1415,1781 1485,1779 1555,1782"/>
                <TextEquiv>
                    <Unicode>Ihr ideal Anna auf sein Zimmer gestürmt, ihrem Beschützer zu danken, ihn vor</Unicode>
                </TextEquiv>
            </TextLine>
            <TextLine id="tr_1_tl_29" custom="readingOrder {index:28;}">
                <Coords points="1573,1816 2804,1829 2804,1780 1573,1773"/>
                <Baseline points="1591,1806 1652,1809 1713,1809 1774,1809 1835,1810 1896,1812 1957,1812 2018,1810 2079,1809 2140,1810 2201,1812 2262,1812 2323,1813 2384,1813 2445,1812 2506,1815 2567,1815 2628,1815 2689,1815 2750,1815 2812,1818"/>
                <TextEquiv>
                    <Unicode>biltig, ob ihn sein unversöhnlicher Todfeind hier trifft oder wo anders.</Unicode>
                </TextEquiv>
            </TextLine>
            <TextLine id="tr_1_tl_30" custom="readingOrder {index:29;}">
                <Coords points="166,1833 1547,1836 1497,1783 166,1783"/>
                <Baseline points="185,1818 253,1812 322,1819 390,1820 459,1820 527,1820 596,1820 664,1823 733,1823 801,1825 870,1825 938,1823 1007,1823 1075,1823 1144,1823 1212,1825 1281,1828 1349,1823 1418,1823 1486,1826 1555,1829"/>
                <TextEquiv>
                    <Unicode>zerstört der Annahme der Forderung abzuhalten. Sie wird hier Dr. Wellne</Unicode>
                </TextEquiv>
            </TextLine>
            <TextLine id="tr_1_tl_31" custom="readingOrder {index:30;}">
                <Coords points="1577,1879 2728,1893 2807,1876 2807,1826 1573,1816"/>
                <Baseline points="1594,1853 1655,1854 1716,1856 1777,1856 1838,1856 1899,1856 1960,1859 2021,1859 2082,1859 2143,1859 2204,1859 2265,1859 2326,1859 2387,1861 2448,1859 2509,1859 2570,1859 2631,1862 2692,1862 2753,1862 2815,1865"/>
                <TextEquiv>
                    <Unicode>Soll er vor ihm bis ans Ende de Welt fliehen und sich verkriechen?</Unicode>
                </TextEquiv>
            </TextLine>
            <TextLine id="tr_1_tl_32" custom="readingOrder {index:31;}">
                <Coords points="156,1869 1540,1883 1517,1836 156,1819"/>
                <Baseline points="176,1859 244,1859 313,1864 381,1868 450,1868 519,1866 587,1868 656,1868 725,1868 793,1871 862,1871 931,1870 999,1868 1068,1870 1137,1871 1205,1873 1274,1874 1343,1872 1411,1871 1480,1873 1549,1871"/>
                <TextEquiv>
                    <Unicode>In der gesehen und ist nun endgiltig als Geliebte Rönnings compromittir</Unicode>
                </TextEquiv>
            </TextLine>
            <TextLine id="tr_1_tl_33" custom="readingOrder {index:32;}">
                <Coords points="146,1909 166,1909 190,1933 203,1929 206,1936 236,1929 259,1916 266,1923 286,1923 286,1869 269,1869 263,1876 246,1869 220,1886 203,1873 190,1876 170,1866 146,1869"/>
                <Baseline points="164,1907 190,1907 216,1907 242,1907 268,1905 295,1901"/>
                <TextEquiv>
                    <Unicode>tig ent</Unicode>
                </TextEquiv>
            </TextLine>
            <TextLine id="tr_1_tl_34" custom="readingOrder {index:33;}">
                <Coords points="309,1919 1553,1933 1553,1879 309,1889"/>
                <Baseline points="328,1913 389,1913 451,1913 512,1913 574,1916 635,1916 697,1918 758,1916 820,1916 881,1916 943,1916 1004,1916 1066,1916 1127,1916 1189,1917 1250,1919 1312,1919 1373,1919 1435,1919 1496,1919 1558,1925"/>
                <TextEquiv>
                    <Unicode>Der Direktor hat ihr gekündigt, er kann weibliche Mitglieder, die so wenig</Unicode>
                </TextEquiv>
            </TextLine>
            <TextLine id="tr_1_tl_35" custom="readingOrder {index:34;}">
                <Coords points="1627,1936 2804,1936 2804,1896 2664,1876 1627,1869"/>
                <Baseline points="1644,1916 1702,1919 1760,1919 1818,1919 1877,1922 1935,1922 1993,1922 2051,1922 2110,1922 2168,1922 2226,1922 2284,1922 2343,1922 2401,1922 2459,1922 2517,1923 2576,1925 2634,1925 2692,1926 2750,1928 2809,1928"/>
                <TextEquiv>
                    <Unicode>Karinskis Ehre, in der nicht nur alle seine Existenzbedingungen,</Unicode>
                </TextEquiv>
            </TextLine>
            <TextLine id="tr_1_tl_36" custom="readingOrder {index:35;}">
                <Coords points="306,1962 1543,1972 1543,1926 306,1926"/>
                <Baseline points="325,1958 386,1961 447,1961 509,1961 570,1961 631,1961 693,1962 754,1964 815,1961 877,1964 938,1964 999,1964 1061,1964 1122,1962 1183,1964 1245,1966 1306,1964 1367,1964 1429,1964 1490,1964 1552,1967"/>
                <TextEquiv>
                    <Unicode>Spaß verstehen, nicht brauchen. Beide wollen das Bad ungesäumt verlassen</Unicode>
                </TextEquiv>
            </TextLine>
            <TextLine id="tr_1_tl_37" custom="readingOrder {index:36;}">
                <Coords points="1573,1976 2807,1982 2807,1936 1573,1909"/>
                <Baseline points="1591,1967 1652,1968 1713,1968 1774,1967 1835,1967 1897,1967 1958,1970 2019,1970 2080,1967 2141,1970 2203,1970 2264,1970 2325,1970 2386,1970 2447,1970 2509,1972 2570,1973 2631,1973 2692,1973 2753,1973 2815,1973"/>
                <TextEquiv>
                    <Unicode>seine ganze Weltanschauung wurzeln, muß Genugthuung oder Sühne</Unicode>
                </TextEquiv>
            </TextLine>
            <TextLine id="tr_1_tl_38" custom="readingOrder {index:37;}">
                <Coords points="133,2012 1543,2022 1543,1976 1404,1969 133,1986"/>
                <Baseline points="152,2009 222,2006 292,2006 362,2006 432,2007 502,2009 572,2010 642,2006 712,2009 782,2010 852,2012 922,2010 992,2012 1062,2012 1132,2012 1202,2012 1272,2012 1342,2012 1412,2012 1482,2012 1552,2009"/>
                <TextEquiv>
                    <Unicode>Theaters die Trennung steht bevor. Schonungslos setzt ihr Rönning die Aussichts</Unicode>
                </TextEquiv>
            </TextLine>
            <TextLine id="tr_1_tl_39" custom="readingOrder {index:38;}">
                <Coords points="1573,2026 2801,2036 2801,1982 2691,1976 1573,1979"/>
                <Baseline points="1591,2012 1651,2012 1712,2012 1773,2012 1834,2013 1895,2015 1956,2015 2017,2017 2078,2018 2139,2015 2200,2017 2260,2018 2321,2016 2382,2018 2443,2018 2504,2018 2565,2018 2626,2018 2687,2018 2748,2021 2809,2026"/>
                <TextEquiv>
                    <Unicode>haben. Wenn nicht durch Zweikampf, so durch Mord. Und Rönning</Unicode>
                </TextEquiv>
            </TextLine>
            <TextLine id="tr_1_tl_40" custom="readingOrder {index:39;}">
                <Coords points="146,2059 1543,2069 1543,2022 1330,2012 146,2022"/>
                <Baseline points="164,2053 233,2053 302,2050 372,2053 441,2053 511,2053 580,2053 649,2053 719,2053 788,2054 858,2056 927,2056 996,2056 1066,2056 1135,2059 1205,2056 1274,2058 1343,2058 1413,2057 1482,2059 1552,2056"/>
                <TextEquiv>
                    <Unicode>Lichischen losigkeit ihrer Carrière auseinander, die sie wohl selber erkennt: frühe</Unicode>
                </TextEquiv>
            </TextLine>
            <TextLine id="tr_1_tl_41" custom="readingOrder {index:40;}">
                <Coords points="1577,2069 2807,2076 2807,2032 2757,2026 1577,2026"/>
                <Baseline points="1594,2059 1655,2059 1716,2059 1777,2059 1838,2059 1899,2059 1960,2062 2021,2062 2082,2059 2143,2063 2204,2063 2265,2059 2326,2059 2387,2061 2448,2062 2509,2062 2570,2062 2631,2062 2692,2064 2753,2065 2815,2068"/>
                <TextEquiv>
                    <Unicode>ist nach dem Codex für ihn „Freiwild". Im letzten Akte wird er</Unicode>
                </TextEquiv>
            </TextLine>
            <TextLine id="tr_1_tl_42" custom="readingOrder {index:41;}">
                <Coords points="153,2115 183,2115 193,2106 210,2115 249,2106 263,2112 289,2112 286,2069 263,2069 256,2062 249,2069 239,2069 233,2062 216,2069 206,2059 153,2069"/>
                <Baseline points="170,2104 195,2102 221,2100 246,2098 272,2098 298,2098"/>
                <TextEquiv>
                    <Unicode>glieder</Unicode>
                </TextEquiv>
            </TextLine>
            <TextLine id="tr_1_tl_43" custom="readingOrder {index:42;}">
                <Coords points="316,2109 2807,2125 2807,2076 2761,2069 316,2066"/>
                <Baseline points="334,2095 457,2099 581,2101 705,2102 829,2101 953,2101 1077,2103 1201,2102 1325,2104 1449,2104 1573,2103 1696,2104 1820,2107 1944,2107 2068,2107 2192,2108 2316,2107 2440,2110 2564,2110 2688,2110 2812,2110"/>
                <TextEquiv>
                    <Unicode>oder später wird sie, des Widerstandes müde, zu dem sittlichen Niveau von dem Lieutenant niedergeknallt, ehe er noch seinen Revolver ziehen</Unicode>
                </TextEquiv>
            </TextLine>
            <TextLine id="tr_1_tl_44" custom="readingOrder {index:43;}">
                <Coords points="146,2152 2804,2165 2804,2119 2701,2112 146,2115"/>
                <Baseline points="164,2146 296,2149 428,2144 561,2147 693,2149 826,2149 958,2149 1090,2149 1223,2149 1355,2149 1488,2152 1620,2152 1752,2152 1885,2155 2017,2153 2150,2155 2282,2155 2414,2155 2547,2156 2679,2158 2812,2164"/>
                <TextEquiv>
                    <Unicode>und ihre ihrer Kolleginnen, der „Theatermenscher“ herabsinken. Aber noch kann. Laut aufschreiend wirft sich die Braut über den Gefallenen.</Unicode>
                </TextEquiv>
            </TextLine>
            <TextLine id="tr_1_tl_45" custom="readingOrder {index:44;}">
                <Coords points="150,2209 170,2205 216,2209 223,2202 239,2199 256,2199 266,2209 283,2209 283,2159 259,2159 249,2169 246,2165 239,2169 223,2155 150,2159"/>
                <Baseline points="167,2194 192,2192 217,2191 242,2193 267,2194 292,2194"/>
                <TextEquiv>
                    <Unicode>das, si</Unicode>
                </TextEquiv>
            </TextLine>
            <TextLine id="tr_1_tl_46" custom="readingOrder {index:45;}">
                <Coords points="309,2195 1543,2205 1543,2162 1364,2152 309,2152"/>
                <Baseline points="328,2191 389,2191 450,2193 511,2194 572,2194 634,2191 695,2192 756,2194 817,2194 878,2196 940,2196 1001,2194 1062,2197 1123,2197 1184,2197 1246,2197 1307,2197 1368,2197 1429,2197 1490,2197 1552,2200"/>
                <TextEquiv>
                    <Unicode>wehrt sie sich mit voller Kraft. Er bietet ihr seine Unterstützung an</Unicode>
                </TextEquiv>
            </TextLine>
            <TextLine id="tr_1_tl_47" custom="readingOrder {index:46;}">
                <Coords points="1580,2212 2801,2239 2797,2172 2711,2162 1577,2159"/>
                <Baseline points="1594,2197 1654,2198 1715,2198 1776,2197 1837,2198 1897,2200 1958,2200 2019,2202 2080,2203 2140,2203 2201,2203 2262,2203 2323,2203 2383,2205 2444,2206 2505,2206 2566,2204 2626,2203 2687,2206 2748,2206 2809,2209"/>
                <TextEquiv>
                    <Unicode>Sein Freund weist die Maitresse von der Leiche fort. Sie ist nur</Unicode>
                </TextEquiv>
            </TextLine>
            <TextLine id="tr_1_tl_48" custom="readingOrder {index:47;}">
                <Coords points="150,2255 1903,2249 1869,2205 1567,2189 1470,2222 150,2212"/>
                <Baseline points="167,2238 254,2238 341,2236 428,2238 515,2238 602,2238 689,2238 777,2238 864,2241 951,2241 1038,2241 1125,2241 1212,2241 1299,2242 1387,2244 1474,2242 1561,2241 1648,2244 1735,2247 1822,2244 1910,2247"/>
                <TextEquiv>
                    <Unicode>gewissen die sie als vorurtheilsfreie Künstlerin ja annehmen könne, in dem wieder „Freiwild"</Unicode>
                </TextEquiv>
            </TextLine>
            <TextLine id="tr_1_tl_49" custom="readingOrder {index:48;}">
                <Coords points="146,2312 1550,2298 1550,2255 1407,2245 146,2239"/>
                <Baseline points="164,2286 233,2286 303,2283 373,2283 442,2286 512,2286 582,2286 651,2286 721,2286 791,2286 861,2289 930,2289 1000,2289 1070,2289 1139,2289 1209,2289 1279,2289 1348,2289 1418,2287 1488,2289 1558,2289"/>
                <TextEquiv>
                    <Unicode>gesundem Bewußtsein, daß kein Verhältniß zwischen ihnen bestehe. Das arme</Unicode>
                </TextEquiv>
            </TextLine>
            <TextLine id="tr_1_tl_50" custom="readingOrder {index:49;}">
                <Coords points="1633,2302 2804,2322 2777,2245 2671,2275 2352,2262 2312,2225 2255,2259 2155,2225 2106,2259 1633,2252"/>
                <Baseline points="1650,2295 1708,2298 1766,2300 1824,2301 1882,2301 1940,2301 1998,2301 2056,2301 2114,2302 2172,2302 2231,2301 2289,2304 2347,2304 2405,2304 2463,2304 2521,2306 2579,2304 2637,2304 2695,2307 2753,2307 2812,2307"/>
                <TextEquiv>
                    <Unicode>Es ist unverkennbar, daß in „Freiwild das Problemhafte ungebührlich</Unicode>
                </TextEquiv>
            </TextLine>
            <TextLine id="tr_1_tl_51" custom="readingOrder {index:50;}">
                <Coords points="146,2358 2804,2365 2804,2322 2594,2308 146,2292"/>
                <Baseline points="164,2337 296,2331 428,2331 561,2332 693,2334 826,2334 958,2337 1090,2334 1223,2337 1355,2334 1488,2337 1620,2345 1752,2346 1885,2349 2017,2349 2150,2349 2282,2349 2414,2352 2547,2352 2679,2352 2812,2355"/>
                <TextEquiv>
                    <Unicode>ihr seine Mädel weist den gefährlichen Antrag zurück und er macht sich über überwiegt. Schnitzler hat gewiß keine Abstraktion über die Bühne treiben</Unicode>
                </TextEquiv>
            </TextLine>
            <TextLine id="tr_1_tl_52" custom="readingOrder {index:51;}">
                <Coords points="166,2392 2807,2415 2807,2362 2688,2358 166,2348"/>
                <Baseline points="185,2382 316,2380 447,2377 579,2378 710,2382 841,2380 973,2382 1104,2382 1235,2382 1367,2382 1498,2382 1629,2391 1761,2394 1892,2394 2023,2394 2155,2394 2286,2397 2417,2398 2549,2397 2680,2398 2812,2403"/>
                <TextEquiv>
                    <Unicode>sie sich ihre naive Bitte lustig, sie nicht zu verlassen. Soll er als ihr wollen, er hätte sonst mit diesem Stücke die Frage weder erschöpft, noch</Unicode>
                </TextEquiv>
            </TextLine>
            <TextLine id="tr_1_tl_53" custom="readingOrder {index:52;}">
                <Coords points="170,2435 1547,2435 1503,2385 170,2392"/>
                <Baseline points="188,2424 256,2424 324,2426 392,2425 460,2424 529,2424 597,2426 665,2425 733,2426 801,2426 870,2426 938,2429 1006,2426 1074,2426 1142,2427 1211,2427 1279,2427 1347,2425 1415,2426 1483,2426 1552,2426"/>
                <TextEquiv>
                    <Unicode>Mann Impresario mit ihr von Schmiere zu Schmiere ziehen? Sie müssen</Unicode>
                </TextEquiv>
            </TextLine>
            <TextLine id="tr_1_tl_54" custom="readingOrder {index:53;}">
                <Coords points="1577,2455 2804,2455 2804,2412 2571,2398 1577,2405"/>
                <Baseline points="1594,2441 1654,2438 1715,2438 1776,2438 1837,2439 1898,2441 1959,2444 2020,2441 2081,2441 2142,2441 2203,2441 2263,2441 2324,2444 2385,2444 2446,2444 2507,2444 2568,2444 2629,2444 2690,2444 2751,2444 2812,2444"/>
                <TextEquiv>
                    <Unicode>zwischen die genau logisch korrespondirenden Gegensätze gestellt. Denn wenn</Unicode>
                </TextEquiv>
            </TextLine>
            <TextLine id="tr_1_tl_55" custom="readingOrder {index:54;}">
                <Coords points="163,2475 2804,2505 2804,2455 2757,2451 163,2435"/>
                <Baseline points="182,2471 313,2472 445,2470 576,2471 708,2472 839,2472 971,2474 1102,2472 1234,2474 1365,2474 1497,2474 1628,2483 1760,2486 1891,2489 2023,2489 2154,2489 2286,2489 2417,2491 2549,2493 2680,2492 2812,2495"/>
                <TextEquiv>
                    <Unicode>täglich also von einander gehen. Da, im letzten Augenblicke, angesichts der auch Karinski ganz und gar folgerichtig verfährt — „er hat ja Gott</Unicode>
                </TextEquiv>
            </TextLine>
            <TextLine id="tr_1_tl_56" custom="readingOrder {index:55;}">
                <Coords points="146,2531 1540,2531 1540,2481 1490,2478 146,2485"/>
                <Baseline points="164,2516 233,2516 302,2519 371,2516 441,2518 510,2519 579,2519 648,2519 718,2519 787,2519 856,2519 925,2519 995,2519 1064,2519 1133,2519 1202,2519 1272,2522 1341,2521 1410,2519 1479,2521 1549,2522"/>
                <TextEquiv>
                    <Unicode>ebhaber. Trennung weicht seine kritische Verständigkeit und er trägt ihr sein</Unicode>
                </TextEquiv>
            </TextLine>
            <TextLine id="tr_1_tl_57" custom="readingOrder {index:56;}">
                <Coords points="1577,2538 2804,2555 2804,2501 1577,2491"/>
                <Baseline points="1594,2531 1654,2531 1715,2531 1776,2531 1837,2531 1898,2531 1959,2528 2020,2528 2081,2534 2142,2534 2203,2534 2263,2534 2324,2537 2385,2535 2446,2534 2507,2536 2568,2536 2629,2537 2690,2537 2751,2540 2812,2540"/>
                <TextEquiv>
                    <Unicode>sei Dank den Codex!" — so läßt Rönning es von vornherein an</Unicode>
                </TextEquiv>
            </TextLine>
            <TextLine id="tr_1_tl_58" custom="readingOrder {index:57;}">
                <Coords points="143,2571 170,2571 186,2578 220,2571 279,2575 279,2528 190,2528 183,2535 143,2531"/>
                <Baseline points="161,2561 186,2563 212,2564 237,2564 263,2563 289,2561"/>
                <TextEquiv>
                    <Unicode>tenan¬</Unicode>
                </TextEquiv>
            </TextLine>
            <TextLine id="tr_1_tl_59" custom="readingOrder {index:58;}">
                <Coords points="306,2578 1537,2571 1537,2531 1397,2525 306,2521"/>
                <Baseline points="325,2567 386,2564 447,2564 508,2564 569,2562 630,2566 691,2564 752,2566 813,2567 874,2570 935,2568 996,2567 1057,2567 1118,2567 1179,2567 1240,2567 1301,2567 1362,2567 1423,2567 1484,2567 1546,2567"/>
                <TextEquiv>
                    <Unicode>Hand an — weiß er doch längst, daß sie ihn liebt, wenn sie es auf</Unicode>
                </TextEquiv>
            </TextLine>
            <TextLine id="tr_1_tl_60" custom="readingOrder {index:59;}">
                <Coords points="1570,2584 2801,2601 2754,2541 1570,2541"/>
                <Baseline points="1588,2576 1649,2576 1710,2578 1771,2579 1832,2579 1893,2579 1954,2579 2015,2579 2076,2579 2137,2579 2198,2581 2259,2582 2320,2582 2381,2582 2442,2579 2503,2582 2564,2582 2625,2585 2686,2584 2747,2585 2809,2585"/>
                <TextEquiv>
                    <Unicode>überlegener Logik fehlen. Entweder man muß die Vorurtheile schon</Unicode>
                </TextEquiv>
            </TextLine>
            <TextLine id="tr_1_tl_61" custom="readingOrder {index:60;}">
                <Coords points="143,2624 186,2624 196,2614 206,2614 223,2631 230,2631 243,2621 253,2624 283,2618 283,2575 220,2571 196,2581 170,2571 143,2571"/>
                <Baseline points="161,2609 187,2609 213,2609 239,2609 265,2609 292,2609"/>
                <TextEquiv>
                    <Unicode>se Ver=</Unicode>
                </TextEquiv>
            </TextLine>
            <TextLine id="tr_1_tl_62" custom="readingOrder {index:61;}">
                <Coords points="309,2624 1543,2624 1520,2571 309,2578"/>
                <Baseline points="328,2612 389,2609 450,2609 511,2609 572,2612 634,2612 695,2612 756,2612 817,2612 878,2609 940,2612 1001,2612 1062,2612 1123,2612 1184,2612 1246,2612 1307,2612 1368,2612 1429,2612 1490,2612 1552,2609"/>
                <TextEquiv>
                    <Unicode>mit aller Entschiedenheit leugnet. Es folgt eine herbe allmählich sich erwär</Unicode>
                </TextEquiv>
            </TextLine>
            <TextLine id="tr_1_tl_63" custom="readingOrder {index:62;}">
                <Coords points="1567,2631 2804,2641 2804,2594 2711,2581 1567,2591"/>
                <Baseline points="1585,2621 1646,2624 1707,2624 1769,2624 1830,2627 1891,2627 1953,2625 2014,2627 2075,2624 2137,2627 2198,2627 2259,2627 2321,2627 2382,2627 2443,2627 2505,2628 2566,2629 2627,2629 2689,2629 2750,2629 2812,2629"/>
                <TextEquiv>
                    <Unicode>alle haben oder gar keine, entweder den Comment oder schlechterdings</Unicode>
                </TextEquiv>
            </TextLine>
            <TextLine id="tr_1_tl_64" custom="readingOrder {index:63;}">
                <Coords points="143,2678 170,2678 180,2668 210,2668 220,2658 243,2664 279,2664 279,2621 256,2621 243,2631 223,2631 203,2614 180,2628 143,2624"/>
                <Baseline points="161,2656 186,2658 212,2659 237,2657 263,2656 289,2656"/>
                <TextEquiv>
                    <Unicode>er ei=</Unicode>
                </TextEquiv>
            </TextLine>
            <TextLine id="tr_1_tl_65" custom="readingOrder {index:64;}">
                <Coords points="306,2664 1543,2671 1543,2624 1464,2618 306,2624"/>
                <Baseline points="325,2656 386,2656 447,2656 509,2656 570,2656 631,2659 693,2657 754,2659 815,2656 877,2656 938,2656 999,2656 1061,2659 1122,2657 1183,2659 1245,2659 1306,2656 1367,2657 1429,2659 1490,2659 1552,2659"/>
                <TextEquiv>
                    <Unicode>mende Liebesscene, die für Schnitzlers etwas blasirten Skeptizismu</Unicode>
                </TextEquiv>
            </TextLine>
            <TextLine id="tr_1_tl_66" custom="readingOrder {index:65;}">
                <Coords points="1570,2684 2804,2688 2804,2641 2764,2638 1570,2631"/>
                <Baseline points="1588,2665 1649,2668 1710,2668 1771,2671 1832,2671 1894,2671 1955,2671 2016,2671 2077,2671 2138,2672 2200,2672 2261,2671 2322,2674 2383,2674 2444,2674 2506,2674 2567,2674 2628,2677 2689,2675 2750,2677 2812,2677"/>
                <TextEquiv>
                    <Unicode>die Vernunft zur Richtschnur machen. Rönning steht noch atavistisch</Unicode>
                </TextEquiv>
            </TextLine>
            <TextLine id="tr_1_tl_67" custom="readingOrder {index:66;}">
                <Coords points="166,2714 792,2714 888,2754 1201,2714 1344,2757 1477,2718 2801,2734 2757,2681 166,2668"/>
                <Baseline points="185,2704 316,2702 447,2702 578,2704 709,2704 841,2706 972,2707 1103,2707 1234,2705 1365,2707 1497,2705 1628,2716 1759,2716 1890,2719 2021,2719 2152,2718 2284,2719 2415,2719 2546,2722 2677,2722 2809,2722"/>
                <TextEquiv>
                    <Unicode>sie ihn überaus charakteristisch ist. Rönning und Anna wollen nun zusammen unter dem Einfluß der Ehrenanschauungen. Wäre er so erhaben</Unicode>
                </TextEquiv>
            </TextLine>
            <TextLine id="tr_1_tl_68" custom="readingOrder {index:67;}">
                <Coords points="143,2764 336,2761 369,2781 402,2751 429,2771 559,2757 655,2777 705,2761 705,2721 659,2711 143,2714"/>
                <Baseline points="161,2749 188,2749 216,2750 243,2752 271,2750 299,2749 326,2749 354,2749 381,2749 409,2749 437,2751 464,2752 492,2752 519,2752 547,2752 575,2752 602,2752 630,2752 657,2752 685,2752 713,2749"/>
                <TextEquiv>
                    <Unicode>Mensch, ohne Verzug abreisen.</Unicode>
                </TextEquiv>
            </TextLine>
            <TextLine id="tr_1_tl_69" custom="readingOrder {index:68;}">
                <Coords points="1567,2781 2751,2794 2804,2734 1563,2721"/>
                <Baseline points="1585,2758 1646,2761 1707,2761 1769,2764 1830,2764 1891,2764 1953,2764 2014,2764 2075,2764 2137,2764 2198,2764 2259,2764 2321,2767 2382,2767 2443,2767 2505,2767 2566,2767 2627,2770 2689,2768 2750,2770 2812,2767"/>
                <TextEquiv>
                    <Unicode>über dieselbe, wie er im zweiten Akte sich gegenüber den Freunden</Unicode>
                </TextEquiv>
            </TextLine>
            <TextLine id="tr_1_tl_70" custom="readingOrder {index:69;}">
                <Coords points="136,2811 156,2807 176,2824 196,2804 226,2807 236,2797 253,2807 299,2811 299,2764 273,2767 263,2757 249,2767 233,2757 210,2764 136,2764"/>
                <Baseline points="155,2797 184,2797 214,2796 244,2794 274,2796 304,2800"/>
                <TextEquiv>
                    <Unicode>ders in</Unicode>
                </TextEquiv>
            </TextLine>
            <TextLine id="tr_1_tl_71" custom="readingOrder {index:70;}">
                <Coords points="373,2817 1540,2821 1540,2767 1400,2747 373,2757"/>
                <Baseline points="391,2803 448,2806 506,2806 564,2806 622,2806 680,2807 738,2807 796,2809 854,2806 912,2806 970,2806 1027,2806 1085,2808 1143,2807 1201,2806 1259,2806 1317,2806 1375,2806 1433,2806 1491,2806 1549,2809"/>
                <TextEquiv>
                    <Unicode>Da erscheint der Kartellträger Karinskis, Oberlieutenant Rohnstedt</Unicode>
                </TextEquiv>
            </TextLine>
            <TextLine id="tr_1_tl_72" custom="readingOrder {index:71;}">
                <Coords points="1570,2814 2801,2831 2781,2774 1570,2771"/>
                <Baseline points="1588,2809 1649,2807 1710,2809 1771,2809 1832,2809 1893,2809 1954,2810 2015,2812 2076,2812 2137,2812 2198,2812 2259,2812 2320,2812 2381,2812 2442,2812 2503,2812 2564,2812 2625,2815 2686,2815 2747,2815 2809,2815"/>
                <TextEquiv>
                    <Unicode>und Rohnstedt das Air giebt und wie er es von Anna verlangt, so</Unicode>
                </TextEquiv>
            </TextLine>
            <TextLine id="tr_1_tl_73" custom="readingOrder {index:72;}">
                <Coords points="163,2847 180,2847 196,2854 223,2851 243,2861 249,2854 263,2861 283,2861 283,2804 253,2807 243,2797 239,2801 236,2797 230,2804 196,2801 186,2814 180,2807 160,2807"/>
                <Baseline points="182,2841 210,2841 238,2842 266,2844 295,2844"/>
                <TextEquiv>
                    <Unicode>Krieg</Unicode>
                </TextEquiv>
            </TextLine>
            <TextLine id="tr_1_tl_74" custom="readingOrder {index:73;}">
                <Coords points="316,2864 2807,2871 2761,2814 316,2811"/>
                <Baseline points="334,2853 457,2853 581,2853 705,2851 829,2853 953,2853 1077,2853 1201,2853 1325,2853 1449,2853 1573,2855 1696,2853 1820,2856 1944,2853 2068,2856 2192,2856 2316,2859 2440,2856 2564,2857 2688,2859 2812,2859"/>
                <TextEquiv>
                    <Unicode>zum zweiten Male. Wie vorhin mit den Freunden hat Rönning hätte er die in diesem Milieu wohl nicht todeswürdigen Gemeinheiten</Unicode>
                </TextEquiv>
            </TextLine>
            <TextLine id="tr_1_tl_75" custom="readingOrder {index:74;}">
                <Coords points="156,2907 2804,2920 2767,2867 559,2877 156,2841"/>
                <Baseline points="173,2895 311,2893 450,2900 589,2898 728,2900 867,2901 1006,2898 1145,2901 1284,2901 1423,2899 1561,2901 1700,2901 1839,2901 1978,2904 2117,2904 2256,2904 2395,2907 2534,2903 2673,2905 2812,2910"/>
                <TextEquiv>
                    <Unicode>sich vor jetzt mit ihm eine lange Auseinandersetzung über seine Prinzipien. Karinskis mit Verachtung gestraft, statt sie „züchtigen" zu wollen.</Unicode>
                </TextEquiv>
            </TextLine>
            <TextLine id="tr_1_tl_76" custom="readingOrder {index:75;}">
                <Coords points="140,2957 156,2957 176,2944 213,2944 220,2950 279,2947 279,2897 236,2894 226,2904 220,2900 210,2907 196,2900 190,2904 186,2900 170,2904 163,2897 140,2900"/>
                <Baseline points="158,2937 184,2937 210,2937 236,2937 262,2936 289,2934"/>
                <TextEquiv>
                    <Unicode>ervositä</Unicode>
                </TextEquiv>
            </TextLine>
            <TextLine id="tr_1_tl_77" custom="readingOrder {index:76;}">
                <Coords points="306,2960 1540,2957 1540,2910 306,2914"/>
                <Baseline points="325,2943 386,2944 447,2946 508,2946 569,2946 631,2946 692,2946 753,2946 814,2946 875,2948 937,2946 998,2946 1059,2946 1120,2946 1181,2946 1243,2946 1304,2946 1365,2946 1426,2946 1487,2946 1549,2946"/>
                <TextEquiv>
                    <Unicode>Rohnstedt will Karinski retten, der verloren ist, wenn er für den</Unicode>
                </TextEquiv>
            </TextLine>
            <TextLine id="tr_1_tl_78" custom="readingOrder {index:77;}">
                <Coords points="1573,2960 2804,2960 2801,2920 2678,2910 1570,2907"/>
                <Baseline points="1591,2946 1652,2946 1713,2948 1774,2949 1835,2947 1896,2949 1957,2952 2018,2950 2079,2949 2140,2949 2201,2949 2262,2949 2323,2952 2384,2952 2445,2952 2506,2952 2567,2952 2628,2952 2689,2955 2750,2955 2812,2952"/>
                <TextEquiv>
                    <Unicode>Die Ohrfeige beweist für die doktrinäre Auffassung der Frage gar</Unicode>
                </TextEquiv>
            </TextLine>
            <TextLine id="tr_1_tl_79" custom="readingOrder {index:78;}">
                <Coords points="140,2994 1550,3004 1550,2954 1477,2947 140,2950"/>
                <Baseline points="158,2982 227,2982 297,2982 367,2991 437,2994 507,2994 577,2994 646,2993 716,2991 786,2992 856,2994 926,2994 996,2994 1066,2994 1135,2994 1205,2991 1275,2992 1345,2992 1415,2991 1485,2994 1555,2994"/>
                <TextEquiv>
                    <Unicode>sich dem Schimpf keine förmliche Genugthuung erhält. Um dieser rettenden</Unicode>
                </TextEquiv>
            </TextLine>
            <TextLine id="tr_1_tl_80" custom="readingOrder {index:79;}">
                <Coords points="1573,3000 2804,3017 2804,2960 2741,2957 1573,2960"/>
                <Baseline points="1591,2994 1652,2994 1713,2994 1774,2994 1835,2994 1896,2996 1957,2996 2018,2996 2079,2994 2140,2997 2201,2997 2262,2997 2323,2997 2384,2997 2445,2997 2506,2997 2567,2999 2628,3000 2689,2998 2750,2997 2812,3000"/>
                <TextEquiv>
                    <Unicode>nichts, im Gegentheil, es hat nur das heiße Blut über den Verstand</Unicode>
                </TextEquiv>
            </TextLine>
            <TextLine id="tr_1_tl_81" custom="readingOrder {index:80;}">
                <Coords points="153,3037 223,3037 233,3047 249,3034 263,3040 283,3037 283,2990 259,2990 253,2997 243,2997 226,2987 213,2990 203,2984 190,2994 153,3000"/>
                <Baseline points="170,3030 200,3030 231,3030 261,3030 292,3030"/>
                <TextEquiv>
                    <Unicode>nur in</Unicode>
                </TextEquiv>
            </TextLine>
            <TextLine id="tr_1_tl_82" custom="readingOrder {index:81;}">
                <Coords points="309,3047 1543,3057 1543,3004 309,3000"/>
                <Baseline points="328,3041 389,3038 450,3038 511,3038 572,3038 634,3038 695,3038 756,3038 817,3038 878,3040 940,3038 1001,3038 1062,3038 1123,3038 1184,3038 1246,3038 1307,3038 1368,3038 1429,3040 1490,3041 1552,3041"/>
                <TextEquiv>
                    <Unicode>Form willen schlägt er ein Scheinduell vor und bittet Rönning, au</Unicode>
                </TextEquiv>
            </TextLine>
            <TextLine id="tr_1_tl_83" custom="readingOrder {index:82;}">
                <Coords points="1573,3050 2801,3060 2801,3007 2648,3000 1573,3004"/>
                <Baseline points="1591,3041 1651,3041 1712,3041 1773,3038 1834,3041 1895,3041 1956,3041 2017,3041 2078,3041 2139,3041 2200,3041 2260,3044 2321,3044 2382,3044 2443,3047 2504,3044 2565,3044 2626,3044 2687,3044 2748,3044 2809,3044"/>
                <TextEquiv>
                    <Unicode>gesiegt. Und eben so wenig steht Rönning im zweiten und dritten</Unicode>
                </TextEquiv>
            </TextLine>
            <TextLine id="tr_1_tl_84" custom="readingOrder {index:83;}">
                <Coords points="140,3100 2807,3107 2807,3060 2681,3047 140,3030"/>
                <Baseline points="158,3074 290,3074 423,3083 556,3086 689,3083 822,3086 955,3083 1087,3086 1220,3086 1353,3086 1486,3086 1619,3085 1752,3086 1885,3086 2017,3088 2150,3089 2283,3089 2416,3092 2549,3092 2682,3092 2815,3092"/>
                <TextEquiv>
                    <Unicode>Form die diese Weise Karinski Leben und Ehre wiederzugeben. Aber der hat Akt über den Dingen, wenn er es für nöthig hält, seinen Muth zu</Unicode>
                </TextEquiv>
            </TextLine>
            <TextLine id="tr_1_tl_85" custom="readingOrder {index:84;}">
                <Coords points="306,3147 2807,3153 2807,3103 2634,3093 306,3093"/>
                <Baseline points="325,3128 449,3131 574,3131 698,3131 823,3131 947,3131 1072,3134 1196,3131 1321,3133 1445,3131 1570,3130 1694,3134 1819,3134 1943,3137 2068,3134 2192,3137 2317,3137 2441,3139 2566,3137 2690,3137 2815,3140"/>
                <TextEquiv>
                    <Unicode>kein Mitleid mit dem Niedergeschmetterten und bleibt seinem Prinzip beweisen oder doch zu bewähren; denn das ist schließlich wieder nur</Unicode>
                </TextEquiv>
            </TextLine>
            <TextLine id="tr_1_tl_86" custom="readingOrder {index:85;}">
                <Coords points="143,3187 2811,3200 2811,3147 2734,3143 143,3133"/>
                <Baseline points="161,3179 293,3179 426,3178 559,3179 692,3179 825,3181 958,3179 1090,3179 1223,3179 1356,3179 1489,3179 1622,3179 1755,3179 1888,3182 2020,3182 2153,3181 2286,3187 2419,3186 2552,3185 2685,3185 2818,3188"/>
                <TextEquiv>
                    <Unicode>derstand getreu. Hat er doch nicht aus Feigheit das Duell zurückgewiesen, eine Unterordnung unter den Duellzwang, wenn auch nach seiner</Unicode>
                </TextEquiv>
            </TextLine>
            <TextLine id="tr_1_tl_87" custom="readingOrder {index:86;}">
                <Coords points="133,3240 2209,3246 2209,3190 2109,3183 133,3210"/>
                <Baseline points="152,3230 255,3226 358,3224 461,3224 564,3225 667,3227 770,3226 874,3227 977,3229 1080,3227 1183,3227 1286,3230 1389,3227 1492,3227 1596,3227 1699,3229 1802,3230 1905,3230 2008,3230 2111,3230 2215,3233"/>
                <TextEquiv>
                    <Unicode>genfrohes Er hat Karinski gezüchtigt, wie er es verdiente, was geht ihn das eigenen, persönlich beliebten Façon.</Unicode>
                </TextEquiv>
            </TextLine>
            <TextEquiv>
                <Unicode></Unicode>
            </TextEquiv>
        </TextRegion>
    </Page>
</PcGts>
