3484 4256
149 168 629 256 8. Freiwil
844 170 1250 269 box 14/4
1753 142 2832 212 I. österr. behördl. konz. Bureau für Zeitungsberichte u. Personalnachrichten
1938 199 2661 287 Wien, I., Concordiaplatz 4
2169 275 2426 332 Vertretungen
1752 318 2825 376 in Berlin, Budapest, Chicago, Genf, London, New-York,
1753 366 2825 423 Paris, Rom, Mailand, Stockholm, Christiania, St. Petersburg.
2030 408 2556 481 (Quellenangabe ohne Gewähr.)
1747 474 2875 586 Ausschnitt aus:
1749 607 1918 668 vom
1955 709 2472 806 Berner Stadttheater.
1735 783 2693 851 „Freiwild," Schauspiel von Arthur
2078 831 2354 894 Schnitzler.
1788 874 2690 943 di. Die Duellfrage ist sicherlich für den moder¬
1738 933 2675 982 nen Dramatiker ein sehr dankbares Thema,
1718 972 2683 1022 Sudermann hat sich von ihr zu seinem besten
1738 1016 2682 1086 Stücke, dem Fritzchen" anregen lassen und auch
1732 1066 2678 1120 Schnitzler hat damit keinen schlechten Wurf getan.
1749 1108 2682 1181 Im „Freiwild" behandelt er sie freilich von einer
1740 1152 2679 1202 Seite, die unserem Empfinden einigermaßen fern
1732 1187 2676 1246 liegt. Hier ist die tragische Figur ein Offizier,
1738 1237 2676 1286 der, zweifellos mit Recht, von einem freiheits¬
1738 1281 2682 1333 liebenden Menschen, dem der Ehrenkoder völlig
1738 1324 2682 1383 gleichgültig ist, auf offener Straße gezüchtigt
1740 1370 2692 1419 wird. Der Offizier fordert, der andere nimmt
1743 1412 2688 1470 die Forderung nicht an und damit ist der Offi¬
1770 1467 2707 1561 der zugrunde gerichtet. Er kann nicht leben ohne
1756 1548 2709 1595 Wie Uniform und als Offizier kann er nicht exi¬
1767 1578 2703 1646 stieren, wenn der Beleidiger nicht aus der Welt
1767 1624 2709 1682 geht. So schießt er ihn ohne Duell über den
1770 1679 2716 1729 Haufen. — Schnitzler hat es verstanden, diese
1770 1715 2711 1767 Vorgänge glaubhaft zu machen durch die, wie
1764 1756 2707 1805 uns scheint, ganz vortrefflich gelungene Charak¬
1770 1798 2714 1858 terisierung des Oberleutnants Karinski, des
1767 1854 2713 1906 eigentlichen Helden des Stückes, dieses engen
1761 1890 2706 1941 Milieu-Menschen, der unfehlbar zugrunde gehen
1770 1934 2697 1991 muß, wenn er aus dem Boden gerissen wird,
1770 1980 2707 2028 in dem er wurzelt. Im ganzen Stücke vermeidet
1767 2025 2711 2067 Schnitzler mit vielem Glücke den Ton des Ten¬
1770 2064 2709 2126 denzdramas. — Seine Personen — vielleicht
1761 2113 2710 2169 mit Ausnahme des Rönning — halten uns nicht
1770 2164 2713 2207 Vorträge über dies oder jenes Thema, sondern
1777 2200 2711 2252 sprechen einfach so, wie es eben Menschen von
1767 2241 2711 2298 dieser Art in den Situationen, in die sie der
1767 2284 2706 2334 Dichter führt, tun müssen. Das wird einem so
1774 2330 2714 2379 recht klar, wenn man sich ähnliche Szenen aus
1775 2375 2711 2431 Sudermanns „Ehre vor Augen führt. Und das
1777 2417 2709 2475 Gute, das Sudermann hat, das kräftige ziel¬
1774 2463 2709 2512 bewußte Zusammendrängen des Stoffes und den
1777 2500 2707 2571 lebhaften Dialog, das finden wir im Schnitzler¬
1759 2550 2545 2599 chen Stücke in ähnlicher Weise wieder.
1819 2599 2709 2653 Dank dieser Vorzüge und des im ganzen vor¬
1767 2641 2716 2692 trefflichen Spieles wurde diese Donnerstagsaus¬
1770 2678 2721 2735 führung zu einem höchst genußreichen Theater¬
1774 2731 2720 2793 abend. In Herrn Innfelder haben wir einen
1777 2766 2714 2822 hochbegabten Darsteller kennen gelernt. Ganz
1774 2825 2720 2870 abgesehen davon, daß ihm offenbar das öster¬
1777 2853 2724 2912 reichische Milieu ganz vorzüglich liegt, war sein
1774 2901 2718 2955 Oberleutnant Karinski eine ungeheuer lebens¬
1777 2944 2709 2993 wahr und scharf herausgearbeitete Charakter¬
1782 2987 2717 3048 studie. Er ist ein Darsteller, der ähnlich wie
1777 3034 2700 3088 Heinich im vorigen Winter gänzlich „absichtslos
1780 3074 2711 3133 spielt, d. h. bei dem man nie die Mittel sieht,
1777 3122 2714 3174 mit denen er wirkt, sondern nur die Wirkung
1782 3165 2717 3219 selber. Ihm am nächsten stand wohl Herr
1770 3203 2718 3266 Kühne (Rohnstedt), der im zweiten Akt Töne
1766 3252 2720 3315 von überzeugender Wahrheit fand. Herr Wäch¬
1767 3301 2720 3355 ter fand sich mit der unseres Erachtens am
1777 3338 2714 3395 wenigsten gut getroffenen Figur des Rönning
1785 3385 2718 3444 sehr gut ab. Auch Frl. Dannenberg ent¬
1774 3425 2727 3481 wickelte als Anna Riedel viel Wärme und hatte
1782 3465 2720 3528 sehr gute Momente, obwohl sie plötzlich aus dem
1781 3516 2717 3575 Fache der Naiven in das der Sentimentalen ge¬
1774 3556 2714 3612 worfen worden war. Von den übrigen Darstel¬
1774 3600 2720 3652 lern nennen wir die Herren Voigt, der den
1782 3647 2721 3696 Dr. Wellner mit Ernst in durchaus treffender
1782 3691 2720 3741 Weise wiedergab, Plesch als Schmierendirektor,
1782 3732 2717 3790 Ambrogio (Poldi Grehlinger) und Böck¬
1780 3774 2725 3832 ler, der den leichtlebigen Husarenleutnant mit
1780 3817 2732 3880 Eleganz auf die Bretter stellte. Die Regie führte,
1777 3866 2714 3931 Herr Wächter mit Geschick. Das Haus zeigte,
1782 3907 2730 3973 wenigstens im ersten Rang und Parkett, die
1780 3964 2283 4026 übliche Donnerstagsleere.
1836 4024 2690 4132 Drahtberichte der Kleinen Zeitung
