3484 4384
132 246 709 353 8. Freiwild
802 249 1233 349 box 14/2
2234 1072 3228 1158 An Einzelheiten ist über die Wahl noch zu ver=Stunde
1040 1072 2152 1165 ung so wol von Wege die Steuer nach der mehr an¬
2187 1144 3228 1211 zeichnen: Nach den Berichten des republikanischen Elektor
367 1108 2152 1218 werde die europäische Bewegung zu Gunsten verdoppeln; es würden ungefähr 220 pCt. der
370 1176 3235 1261 der Armenier die Türken zu neuen Aus¬ Einkommen und Ergänzungssteuer auf Wahlkomitees hat Mac Kinley im Staate Jowa für die
3085 1229 3228 1268 mehrere
378 1226 3064 1343 schreitungen rigen — nein, das thun die Diplo¬ zubringen sein. Unter diesen Umständen sei es eine Mehrheit von 80000 Stimmen, in Mailand
1275 1307 3231 1393 Frage mit großer Objektivität behandelt hat, daß er des Duells nur aus Lust am Leben zu entspringen mit de
2187 1350 3220 1404 scheint, noch an der edel gezeichneten jungen Schau¬
1272 1364 2159 1425 sowohl den Gegnern wie den Vertretern des Duell¬
552 1347 1087 1432 Theater und Musik.
2191 1382 3220 1446 spielerin Anna Riedel, die sich noch zuletzt mit ihm vereini¬
435 1396 2159 1475 K. Daß das Interesse für die Duellfrage, welche standpunktes gerecht geworden ist, und daß er klar ge¬
2187 1429 3228 1486 verlobt, obgleich sie ihn eigentlich mehr achtet als nachfüh¬
1282 1439 2159 1500 zeigt hat, wohin der Duellunfug in seiner Konse¬
378 1454 1258 1514 zur Lösung mehr und mehr drängt, auch im mo¬
1282 1464 3231 1528 quenz führen kann oder muß. Aber ist das Drama liebt. So ist der Gesamteindruck kein günstiger trotz wie Hi¬
378 1493 1250 1550 dernen Drama seinen Wiederschein findet und de
3096 1503 3228 1546 Trio le
2191 1510 3060 1568 des entschiedenen Ernstes, trotz einzelner gut ge
378 1514 2173 1607 Zweikampf hier nicht mehr als Spiel oder Effekt dazu das Diese Frage wird man verneinen müssen,
3089 1539 3228 1589 Meister
2187 1557 2697 1614 staltete, ergreifender Scenen.
378 1557 2159 1635 benutzt, sondern mit vollem Ernst in seinen Folgen und der Erfolg wird lehren, daß die Praxis über
3092 1582 3224 1642 beglück
1290 1596 2162 1667 solche Verirrungen zur Tagesordnung übergeht
381 1610 1268 1667 vorgeführt wird, ist ganz natürlich. Aber es ist
2198 1596 3231 1667 Kammermusik. Als neulich Herr Professor melodis
381 1635 2166 1710 nicht so leicht, dies auch dramatisch wirksam zu Dazu kommt, daß einige Schwächen stark hervor¬
3103 1660 3228 1714 staltun¬
378 1660 3074 1746 machen. Arthur Schnitzler hat in dieser Hinsicht treten. Damit, daß Paul den Offizier ohne wei¬ Hausmann mit Herrn Professor Barth die
3103 1699 3242 1746 Gespre¬
2191 1699 3071 1749 Soate op. 17 von Beethoven in F-dur spielte, ver¬
385 1721 2166 1785 nicht gehalten, was seine im Februar d. J. ange¬teres schlägt, setzt er sich entschieden allzusehr in
3096 1731 3228 1785 Behag
1286 1738 3071 1803 Unrecht, und man begreift nicht, daß er sich der lor ich meinen Genuß über der aufgestiegenen
385 1763 1258 1824 führte Erstlingsarbeit „Liebese" versprach. Den
3103 1774 3228 1824 getiftel
1293 1774 3078 1838 Folgen nicht bewußt ist. Wenn er aber auf einen Frage: Ist die Sonate nicht ursprünglich für Horn
388 1806 1250 1860 sein neuestes dreialtiges Schauspiel „Freiwild
3103 1806 3231 1863 Werkch
1293 1820 3078 1885 Ueberfall des Gegners vorbereitet war, und des= und Klavier geschrieben, da doch Beethoven nur sein
378 1838 1268 1902 das am Dienstag, den 3. November, unter großem
2191 1849 3238 1906 or. 5 (zwei Sonaten) für Violoncello und Klavier variiert
385 1867 2170 1942 Beifall im Deutschen Theater gegeben wurde, ist halb, wie man steht, eine Waffe eingesteckt hat,
3106 1892 3231 1942 sagt, o
381 1892 3082 1991 mehr eine Abhandlung über das Duell als ein und warum macht er dann nicht rechtzeitig von ihr komponierte? Die Tonart paßte auch für op. 5
2198 1931 3220 2002 Nr. 1. Welcher Hornbläser aber wäre imstande amor
1293 1945 2173 1995 Gebrauch Statt seiner konnte auch ebenso gut
392 1966 1268 2013 mittelbar wirkendes Drama. Es wäre zu wünschen
3106 1970 3228 2016 der
2202 1970 3071 2024 diese Cellonoten mit den Lippen hervorzubringen
392 1984 2173 2056 daß er durch den Erfolg sich nicht beirren ließe und der Offizier getötet werden! Wäre das nicht lo¬
3110 2009 3220 2059 spielte
2205 2006 3082 2066 Statt der nicht zu findenden ganzen Antwort, hier
392 2024 2173 2091 in Zukunft langsamer arbeitete, damit reifere gischer, da dieser der Angreifer war? So ist
1297 2048 3235 2116 also auch das Ende unbefriedigend. Unzuläng= die halbe. Beethoven schrieb sein op. 17 allerdings also we
392 2073 1268 2141 Früchte zu ernten wären. Die Handlung besteht
3110 2084 3235 2145 gerecht
2205 2091 3082 2162 für Horn und Klavier, und zwar als Gelegenheits¬
1297 2105 2187 2162 lich ist aber vor allem die Verknüpfung des
392 2116 1268 2180 eigentlich nur aus drei kleinen Scenen, und das ist
2209 2127 3228 2180 komposition innerhalb zwölf Stunden für den Becher
388 2148 2180 2223 selbst bei aller Rücksicht, die man in dieser Hinsicht übrigen Beiwerks, durch das Schnitzler sein Drama
1304 2162 3228 2244 füllt. Er zeichnet zwar mit sicherer Hand das Hornvirtuosen Stich, der aus Oesterreich verbannt als
388 2202 1272 2255 auf ein modernes Drama nehmen muß, zu wenig
1304 2202 3196 2284 Milieu der kleinen Schauspieler=Gesellschaft des war und unter dem Namen Punto heimlich zurück¬ Herr
403 2230 1268 2294 Im 1. Akt beleidigt der junge, reiche Paul Rönning
1293 2241 3220 2312 Wiener Badeorts: den frechen, gewissenlosen Di= kehrte. Der Künstler sollte mit der Sonate seine Mein
395 2269 1268 2330 (R. Rittner) in einem nahe bei Wien gelegenen Bade
3110 2287 3206 2333 ihm
1297 2284 3085 2351 rektor (G. Thielscher), dem jedes Mittel für seinen Begnadigung erwirken, was ihm auch mit Hilfe
403 2308 1272 2369 ort vor Zeugen den Oberlieut. Karinski (O. Sauer,
3117 2308 3235 2383 geklärt
1304 2319 3092 2390 Geschäftsgewinn recht ist und der seine Schauspiele Beethovens gelang. Der stürmische Dakapo=Ruf,
399 2348 1268 2415 tötlich, indem er ihm eine Ohrfeige giebt, weile
1300 2358 3231 2440 rinnen zu Dirnen macht; den ernsten Regisseur streng verboten im Hoftheater, wurde verziehen und Künstl
403 2387 1272 2447 in junges Mädchen kränkt, das Paul achtet und
3106 2405 3220 2447 vor
1304 2398 3082 2472 (E. Marx), die Liebhaber und Liebhaberinnen und dem Künstler auch. Eine zuverlässige Notiz darüber
399 2426 1272 2490 liebt. Der zweite Akt ist fast ausschließlich der
2205 2440 3231 2501 ob später Beethoven eigenhändig die Hornstimme abschn.
1297 2447 2184 2508 endlich die neu engagierte Naive (Annie Tren¬
403 2469 1268 2522 Auseinandersetzung über das Duell gewidmet
3114 2476 3228 2533 gehört
2212 2480 3085 2533 für Cello einrichtete, oder ob dies Romberg oder
410 2490 2184 2583 Paul lehnt die Forderung gegen den Rat seiner ner), welche in die größte Not gerät, weil sie nicht
3117 2515 3228 2579 schaft.
1304 2515 3085 2586 die üblichen Erwerbswege wandeln will, der der ein anderer Cello=Virtuose that, ist nicht vorhanden,
410 2544 1279 2611 freunde (Reicher und Fischer) und gegen die
2209 2558 3085 2618 sicher aber ist die veränderte Form lediglich für
1304 2561 2184 2618 edle Direktor statt 50 Gulden 25 als Monatsgage
403 2586 1275 2636 Bitten des Oberlieutenants Rohnstedt (H. Nissen)
3117 2576 3220 2643 zweite
2209 2604 2494 2661 Cello brauchbar.
1297 2604 2184 2675 bietet, weil sie nicht durch den Anhang ihrer
406 2629 1265 2683 der seinen Freund Karinski dadurch vor der Ve¬
2273 2615 3217 2686 Am Montag erklang in der Singakademie außer Beeth
406 2650 2187 2722 nichtung bewahren wil, rundweg ab. Er behauptet, Liebhaber die Reihen des Theaters füllt. Das alles
3117 2672 3203 2718 beim
410 2658 3085 2757 einen Ehrlosen gezüchtig zu haben und für die ist fesselnd dargestellt. Aber es ist zu lose mit der Beethovens Streichquartett Cis-moll op. 131 und
410 2708 3220 2800 Folgen nicht verantwortlich zu sein. Im 3. Akt Haupthandlung verknüpft und dient nur allzu fühl¬ Streichquintett C-dur op. 29, gespielt von den Herren Sym¬
3114 2754 3224 2793 und
417 2750 3089 2843 geschieht das Erwartete: Karinski tritt Paul auf der bar lediglich als Lückenbüßer. Vor allem fehlt der Kruse, Markees, Müller und Decher¬
417 2779 3228 2871 Straße entgegen und schießt ihn nach reinaliger Charakteristik die seelische Tiefe, welche sein Erst (resp. Krelle) das kleine Trio B-dur op. 11 für Pla¬ Einb
413 2825 3228 2911 Aufforderung zur Genugthuung über de Haufen, lingswerk zeigte. Wir nehmen nicht vollen Anteil vier, Klarinette und Violoncell, zu dessen Ausfüh¬stattet
410 2875 3228 3000 Es kann zugegeben werden, daß der Verfasser die an den Personen, weder an Paul, deser Ablehnung ung sich der Kapellmeister Felix Weingartner in
495 2957 1518 3253 Kaikille
