3436 4064
147 5 476 95 8. Frei
851 0 1237 84 box 142
528 0 612 72 il
462 400 1711 479 Officier vornehmerer Richtung. Hr. Hermann Müller war wunderbar echt
465 443 1699 511 als österreichischer Lieutenant. Die fremdländischen Uniformen waren
462 486 1703 550 einer unbefangenen Erörterung der heiklen Frage nur förderlich. Die
468 515 1696 593 Herren Reicher und Hans Fischer boten ebenfalls zwei prächtige öster¬
465 554 1702 640 reichische Typen, eine ernste der Erste, eine sehr lustige, der Letztere
471 595 1703 668 Den Schmierendirektor verkörperte Herr Thielscher so lustig wie natürlich
475 640 1703 710 und auch Fräulein Eberty galt der lebhafte Beifall, der den einnehmend
475 689 1708 748 wienerisch aussehenden Verfasser nach jedem Akt vor den Vor¬
471 740 676 806 hang rief.
854 762 1330 857 „Das kleine Journal":
548 809 1719 893 Arthur Schnitzler hatte mit seiner „Liebelei" so große Hoff¬
478 887 1713 941 nungen rege gemacht, daß man auch seinem neuen Schauspiel „Frei¬
468 909 1717 979 wild mit berechtigter Spannung entgegensehen mußte. Aus jenem
478 948 1719 1021 ernsten Drama sprach eine Fülle kluger und scharfer Beobachtung der
487 987 1717 1060 Menschen und des Lebens und Herr Schnitzler zeigte sich darin auch
476 1023 1705 1098 reif in der schweren Kunst, natürlich zu sein. Auch in „Freiwild“
484 1065 1719 1132 das gestern Abend mit sehr starkem Erfolge in Scene ging, ist
487 1112 1720 1179 diese Kunst dem Verfasser treu geblieben, auch dies Schauspiel ist wieder
482 1144 1720 1216 aus dem vollen Leben herausgegriffen, und wenn man nicht wüßte,
482 1183 1720 1249 daß es schon vor Monaten geschrieben wurde, könnte man es in seiner
487 1224 1724 1302 brennenden Aktualität fast aus dem Fall Brüsewitz hervorgegangen
489 1268 1719 1335 glauben. (Folgt Inhalt.) Das Stück errang einen sehr starken
484 1301 1720 1366 Erfolg, der sich nach jedem Akt in lebhaftem Beifall und
487 1336 1720 1413 wiederholten Hervorrufen des Verfassers aussprach. Ver¬
486 1375 1731 1458 dient hat es diesen Erfolg aber in erster Linie um des vielen, unge¬
487 1421 1728 1485 wöhnlich gut beobachteten Beiwerks willen, das hauptsächlich den ersten
498 1463 1731 1522 Alt füllt. Arthur Schnitzler schildert das Leben an einem kleinen
495 1496 1733 1563 Sommertheater mit seiner Kunst und zahlreiche satirische Seitenliebe
498 1535 1731 1611 fanden denn auch den stärksten Beifall. Mit scharfer Charakteristik trifft
489 1585 1727 1655 er den Ton, der in diesen Kreisen herrscht, und jede einzelne dieser
492 1625 1332 1711 episodischen Figuren ist fest und sicher gezeichnet.
904 1692 1326 1770 „Berliner Zeitung"
573 1736 1742 1827 In tiefster Ergriffenheit ist gestern das Publikum dem
511 1792 1741 1856 fesselnden Konflikte gefolgt, den uns Arthur Schnitzler in
507 1827 1744 1900 seinem Schauspiel „Freiwild entrollt hat. Dieser Konflikt liegt in
501 1877 1745 1934 der Luft, es ist der Zusammenprall von militärischer und bürgerlicher
504 1908 1738 1972 Ehre. Als nach der tragischen Schlußkatastrophe der Vor¬
504 1952 1735 2014 hang fiel, blieb es einen Augenblick still im Hause, dann
507 1984 1744 2053 brach wieder der stürmische Beifall aus, der, wie nach den
517 2023 1744 2098 früheren Akten, so auch zum Schluß den Dichter wieder¬
507 2064 1741 2144 holt vor den Vorhang jubelte. Das stoffliche Interesse der konse¬
501 2101 1747 2187 quent und packend entwickelten Handlung ist so groß, daß die Hörer
511 2147 1753 2209 vielfach allmählich wohl die große Kunst, die literarische Feinheit dieses
511 2181 1744 2256 Schauspiels übersehen haben. Erst in die Schlußscenen kommen ein
511 2222 1745 2295 paar Theaterzüge hinein und deshalb ist „Freiwild" als Ganzes nicht
514 2256 1755 2329 eine so vollendet dichterische Arbeit wie „Liebelei“. In der Behand¬
511 2301 1752 2373 lung der Nebenhandlung aber und des Milieus, in der tragikomischen
521 2336 1755 2407 Schilderung der Theatermisère und der als Freiwild geltenden Theater¬
518 2376 1752 2446 damen hat Schnitzler wieder Entzückendes geschaffen. In musterhafter
523 2426 1750 2490 Vollendung dargestellt, hat das Schauspiel, von dem wir noch ein¬
523 2450 1753 2529 gehend zu sprechen haben, eine tiefgehende Wirkung ausgeübt, wie noch
520 2510 1091 2587 kein Theaterabend dieser Saison.
901 2584 1394 2649 Die „Vossische Zeitung“:
606 2623 1761 2709 Der Dichter der „Liebelei“ hat aus seiner Wiener Heimath
520 2668 1761 2743 wiederum ein Stück Leben mitgebracht und damit auch dieses Mal
528 2707 1763 2782 beim Berliner Publikum entschiedensten Anklang gefunden.
526 2749 1767 2821 Nach jedem der drei Akte konnte die behagliche Gestalt des
523 2785 1764 2856 blondbärtigen Dichters mehrmals vor die Gardine treten
526 2834 1767 2898 und sich mit den Zuschauern in's freundlichste Einvernehmen
531 2873 1766 2945 setzen. Das Wort „Ehre", das jetzt so viel und gespenstisch auf unseren
529 2909 1764 2980 Bühnen umgeht, wird, wenn ich nicht irre, in Schnitzlers Drama gar
534 2945 1767 3016 nicht ausgesprochen. Es steht weniger „die Ehre, als „der Muth" in
534 2984 1772 3065 Frage. Die Gesellschaft giebt in ihrem klügeren Theile wohl oder übel
531 3023 1772 3108 zu, daß unter den obwaltenden Verhältnissen moralischer Muth dazu
537 3058 1778 3138 gehört, einen Zweikampf abzulehnen. Dieser moralische Muth wird aber
537 3112 1770 3177 fragwürdig, sobald nicht der physische Muth feststeht; um diesen vor der
545 3143 1774 3210 Welt und auch vor sich selbst zu beweisen, bleibt dem Gegner des Duells
540 3179 1767 3254 nicht anderes übrig, als in der Schußweite seines Todfeindes zu bleiben
543 3219 1774 3288 Das ist die unwiderlegliche Logik in diesem dramatischen Vorgang. Die
551 3257 1777 3341 Zustände, wie sie nun einmal sind, fordern so wie so ihr Opfer. Ob
543 3291 1774 3368 im Zweikampf oder ohne Zweikampf, ein blühendes, lachendes Leben
551 3340 1785 3411 geht zu Grunde. In den Verhandlungen zwischen den Freunden und
542 3382 1778 3457 den Parteien waren Erörterungen prinzipieller Art nicht zu vermeiden.
548 3416 1774 3485 Trotzdem meidet Schnitzler, mit demselben künstlerischen Recht und
553 3449 1789 3527 derselben künstlerischen Kraft wie Sudermann in „Fritzchen", jede un¬
560 3493 1780 3563 künstlerische Parteinahme. Er stellt, freilich mehr aus Typen als aus
554 3532 1795 3611 Individualitäten heraus, das Leben so dar, wie es ist, giebt jedem Für
551 3569 1789 3646 und jedem Weder seinen besonderen Vormund und überläßt die Nutz¬
557 3608 1786 3683 anwendung, das moralische Urtheil den Zuschauern, die in der That
556 3663 1794 3733 gestern, durch Tagesereignisse miterregt, lebhaft Partei zu ergreifen ge¬
557 3689 1792 3758 neigt waren. Jeder Parteigänger in der Dulfrage hörte gestern von
554 3728 1789 3794 der Bühne herab, bald was ihm gefiel, bald was ihn empörte; man
560 3770 1794 3836 konnte sowohl bei den Anhängern wie bei den Gegnern des konven¬
564 3813 1816 3889 tionellen Ehrenkoder wiederholt ein leises Wechseln der Stimmung wahr¬
1755 364 2988 439 nehmen. Unser Kunsturtheil hat sich um dergleichen Tendenzlereien nicht
1752 412 2985 486 zu kümmern. Je freudiger es zu begrüßen ist, daß unsere jungen be¬
1753 451 2988 526 gabten Dramatiker nach der Mahnung des alten Göthe wieder hinein¬
1755 493 2985 559 greifen ins volle Menschenleben, um es in seinen lebendigen Zeit¬
1755 532 2988 592 konflikten kühn kräftig zu packen, desto ernster und strenger erhebt
1763 571 2976 635 sich die ästhetisage Hat der Dichter, was er wollte, auch gekonnt
1758 607 2990 671 Und wenn im Le el auch andere Gesichtspunkte maßgebend sind,
1763 653 2996 713 so ziemt sich an die Stelle nur auf diese Frage die Antwort. Die
1755 685 2994 753 Antwort ist diesmal freulich. Schnitzler's vieraktiges Drama ist
1749 731 2998 782 eine feine saubere Dichtung mit köstlichen Beobachtungen
1753 763 2998 834 des Wiener Lebens. Aus dem breiten Grund einer Situations¬
1766 804 2991 873 schilderung steigt der eigentliche Konflikt langsam und dadurch desto
1769 842 3002 915 jäher überraschend auf. Die ganze gemüthliche Frivolität im Verkehr
1764 881 2998 954 zwischen Offizieren und Theaterdächen entwickelt sich ohne viel Schärfen,
1761 926 2996 991 mit fast naiver Fröhlichkeit. Stark satyrisch ist nur der schuftige
1769 957 2998 1023 Schmierendirektor geschildert, den Herr Thielscher köstlich spielte. Der
1763 1005 2999 1060 ewig weltschmerzlich=verdrossene Komiker, die leichte Fliege, der alles mit¬
1763 1043 3001 1105 wissende Kassierer Cohn, der geckenhafte Heldenspieler, der jedes Frauen¬
1766 1084 2999 1144 zimmer fragt, ob sie ihn noch nicht liebt — so trefflich sie vom Dichter
1766 1118 2999 1177 mit einigen wenigen, aber zuweilen recht safftigen Strichen hingeworfen
1770 1154 3004 1224 sind, so trefflich wurden sie auch von den meist österreichischen Schau¬
1778 1193 3005 1261 spielern dargestellt. In diesen durch einander gestreuten Gruppen, die
1772 1238 2998 1302 sich anfangs etwas ziellos zu bewegen schienen, steckt mehr individuelles
1775 1272 3005 1336 Leben als in den Hauptfiguren, die vom Schluß des ersten Aktes ab
1775 1316 3009 1377 ihr eigentliches Schachspiel beginnen. Der erste Akt des reizvollen Stücks
1775 1343 3024 1446 ist ein Milieuakt, der zweite ist ein Konfliktakt, im dritten wird nur der
1770 1411 2070 1477 Schluß gefolgert.
2139 1449 2646 1535 Die „National Zeitung“:
1855 1479 3007 1564 Die Duellfrage spukt augenblicklich in unserem Drama und die
1778 1552 3015 1611 Tagesereignisse befördern das Int esse von Stoffen, die sich mit dem
1780 1585 3009 1652 Begriff der Standesehre, ihrer Verletzung und Wiederherstellung be¬
1788 1635 3009 1699 schaftigen. Der Fall Brüsewitz ist noch nicht vergessen und schon be¬
1772 1660 3015 1736 gegnen wir auf der Bühne einen ähnlichen Vorgang, wobei ein Officier
1778 1708 3015 1764 einen Civilisten, der ihn beleidigt hat, tödtet. Der Verfasser der
1788 1736 3015 1814 „Liebelei Arthur Schnitzler, hat sein Schauspiel „Freiwild lange
1785 1786 3018 1852 vor der vielbesprochenen Tragödie geschrieben, er hat die beklagens¬
1785 1824 3023 1889 werthe Wirklichkeit nicht zu einem Stück verarbeitet, sondern sie als
1788 1858 3021 1930 Künstler geahnt und vorweggenommen. Seinem Wienerthum ist er
1785 1892 3026 1959 auch diesmal treu geblieben, der süddeutschen Leichtlebigkeit mit dem
1792 1936 3023 2016 heitern Anfang und dem traurigen Ende. (Folgt Inhalt.) Als Ganzes
1791 1972 3021 2047 gilt „Freiwild“ spröder im Inhalt und nicht so ausgearbeitet als
1785 2009 3027 2117 „Libelei. Dem Publikum des „Deutschen Theaters gefiel das Stück.
2284 2094 2531 2176 „Die Post“.
1877 2112 3032 2212 (Deutsches Theater.) Der hier als Autor bereits bekannte Herr
1800 2192 3026 2254 Arthur Schnitzler hat in seinem gestern der Oeffentlichkeit übergebenen
1800 2222 3030 2301 dreiaktigen Schauspiele, „Freiwild", zwei sehr aktuelle Thematra be¬
1800 2264 3038 2334 rührt; das eine streift die soziale Stellung, welche Schauspieler des
1797 2309 3034 2375 leichteren Genres in der Gesellschaft einnehmen, das andere und zwar
1799 2350 3038 2412 das Hauptthema, schlägt rücksichtslos in die gerade jetzt so brennende
1811 2379 3030 2450 Duellfrage. Um die von dem Autor zu Stande gebrachte Verquickung
1797 2429 3038 2498 dieser beiden Punkte zu einem Schauspiele näher zu beleuchten, müssen
1800 2461 3043 2529 wir uns in Nachfolgendem mit dem Inhalte des Stückes eingehender
1805 2498 3038 2568 beschäftigen. (Folgt Inhalt.) Damit mochte Herr Schnitzler, einen
1806 2534 3034 2612 Zünder in die Anschauungen geworfen zu haben, welche das Premieren¬
1814 2582 3040 2646 Publikum gerade dieses Theater hegt, denn es bereitete dem Autor
1800 2621 3043 2698 die spontansten Ovationen. Vermögen wir uns auch nicht mit der
1808 2651 3044 2731 Tendenz des Schauspiels einverstanden zu erklären, müssen wir doch dessen
1811 2703 3048 2768 Fassung als recht geschickt bezeichnen. Die Figuren sind scharf mit über¬
1808 2729 3044 2809 raschender Naturtreue gezeichnet. Die lustige, stets zum Soupiren ge¬
1808 2770 3049 2838 neigte Soubrette, ihr frecher Direktor, der Alles nur auf seinen Kassen¬
1811 2812 3048 2890 erfolg berechnet, sind ebenso schonungslos wahr, wie echt der sich lang¬
1811 2848 3044 2930 weilende vergnügungssuchtige Lieutenant und die gesinnungstüchtigen
1814 2888 3048 2973 Freunde der beiden Hauptpersonen. Der Auto wurde mehrfach
1820 2954 1992 3021 gerufen.
2237 2980 2623 3065 „Der Reichsbote".
1895 3019 3054 3121 Sein neuestes dreiaktiges Schauspiel „Freiwild", das am Dienstag,
1830 3082 3051 3168 den 3. November, unter großem Beifall im Deutschen Theater ge¬
1824 3126 3052 3208 geben wurde, ist eine Abhanglung über das Duell. (Folgt Inhalt.)
2067 3194 2802 3285 „Norddeutsche Allgemeine Zeitung"
1902 3238 3058 3340 „Freiwild“ nennt sich das neue Drama von Arthur Schnitzler
1833 3297 3055 3379 (über dessen starken Erfolg am gestrigen Abend im Deutschen Theater
1834 3336 3060 3416 wir bereits in der Morgennummer berichtet haben), weil der Verfasser
1836 3383 3068 3455 bestimmte Angehörige der Gesellschaft schildern will, die schutz- und
1838 3408 3065 3499 rechtlos jedem Angriff preisgegeben sind. Schnitzler meint speziell die
1833 3449 3060 3535 weiblichen Mitglieder eines kleinen Schmierentheaters, die in dem
1833 3496 3068 3571 kleinen österreichischen Sommerkurort, der den Schauplatz des Stückes
1839 3533 3062 3611 bildet, von den Offizieren, die ihren Urlaub dort verbringen, eben als
1844 3567 3063 3652 „Freiwild angesehen und demgemäß behandelt werden. (Folgt Inhalt.)
1841 3619 3068 3691 Wenn das Stück trotz einiger Mängel einen starken Erfolg
1841 3660 3068 3727 errang, so liegt die Erklärung, abgesehen von dem reinstofflichen Inter¬
1838 3683 3066 3774 esse, einmal in der vortrefflich gelungenen Milienschilderung und
1844 3727 3068 3825 andererseits in dem künstlerisch abgetönten Zusammenspiel einer Reihe
1847 3791 2239 3864 hervorragender Kräfte.
