<?xml version="1.0" encoding="UTF-8" standalone="yes"?>
<PcGts xmlns="http://schema.primaresearch.org/PAGE/gts/pagecontent/2013-07-15" xmlns:xsi="http://www.w3.org/2001/XMLSchema-instance" xsi:schemaLocation="http://schema.primaresearch.org/PAGE/gts/pagecontent/2013-07-15 http://schema.primaresearch.org/PAGE/gts/pagecontent/2013-07-15/pagecontent.xsd">
    <Metadata>
        <Creator>prov=READ-COOP:name=PyLaia@TranskribusPlatform:version=2.12.1:model_id=39995:lm=provided:date=28_03_2024_21:32</Creator>
        <Created>2019-10-07T11:47:29.245+02:00</Created>
        <LastChange>2024-03-28T21:32:23.654+01:00</LastChange>
        <TranskribusMetadata docId="223990" pageId="9504087" pageNr="126" tsid="156390221" status="IN_PROGRESS" userId="40391" imgUrl="https://files.transkribus.eu/Get?id=TMOUYILVTGAVCBZCPJWXUFCU&amp;fileType=view" xmlUrl="https://files.transkribus.eu/Get?id=UNOEPLWNMSTTETJBSMAKFQNM" imageId="6194301"/>
    </Metadata>
    <Page imageFilename="223990_0126.jpeg" imageWidth="3436" imageHeight="4448">
        <ReadingOrder>
            <OrderedGroup id="ro_1712662608907" caption="Regions reading order">
                <RegionRefIndexed index="0" regionRef="tr_1"/>
                <RegionRefIndexed index="1" regionRef="tr_2"/>
            </OrderedGroup>
        </ReadingOrder>
        <TextRegion orientation="0.0" id="tr_1" custom="readingOrder {index:0;}">
            <Coords points="152,217 152,3529 1429,3529 1429,217"/>
            <TextLine id="tr_1_tl_1" custom="readingOrder {index:0;}">
                <Coords points="156,250 183,248 197,261 209,247 232,257 261,254 257,181 243,186 220,179 209,190 200,181 179,186 172,195 163,188 151,193"/>
                <Baseline points="164,238 189,241 215,244 241,246 267,246"/>
                <TextEquiv>
                    <Unicode>8.</Unicode>
                </TextEquiv>
            </TextLine>
            <TextLine id="tr_1_tl_2" custom="readingOrder {index:1;}">
                <Coords points="298,277 679,278 678,170 635,179 608,163 507,209 465,184 399,208 337,169 296,179"/>
                <Baseline points="307,238 332,240 357,241 382,241 407,241 432,241 457,242 482,244 507,244 532,244 557,246 582,247 607,247 632,246 657,245 683,244"/>
                <TextEquiv>
                    <Unicode>Freiwild</Unicode>
                </TextEquiv>
            </TextLine>
            <TextLine id="tr_1_tl_3" custom="readingOrder {index:2;}">
                <Coords points="850,284 890,271 926,293 976,277 1015,291 1054,270 1117,280 1194,259 1258,282 1258,209 1211,183 1089,188 1041,216 983,195 910,199 876,176 850,186"/>
                <Baseline points="859,244 884,247 909,250 934,252 959,254 984,255 1010,257 1035,259 1060,258 1085,256 1110,256 1136,256 1161,256 1186,255 1211,253 1236,253 1262,253"/>
                <TextEquiv>
                    <Unicode>box 14/3</Unicode>
                </TextEquiv>
            </TextLine>
            <TextLine id="tr_1_tl_4" custom="readingOrder {index:3;}">
                <Coords points="151,821 1410,823 1410,764 1190,749 151,750"/>
                <Baseline points="161,808 223,812 286,814 349,812 411,814 474,814 537,811 599,811 662,811 725,811 788,808 850,811 913,811 976,811 1038,811 1101,811 1164,811 1226,811 1289,811 1352,811 1415,808"/>
                <TextEquiv>
                    <Unicode>durch den Vertrag werde Rußland die stärkste Macht im Osten; der eng¬</Unicode>
                </TextEquiv>
            </TextLine>
            <TextLine id="tr_1_tl_5" custom="readingOrder {index:4;}">
                <Coords points="154,858 1405,866 1384,818 154,825"/>
                <Baseline points="164,856 226,856 288,856 350,856 413,856 475,856 537,856 599,854 662,853 724,853 786,853 848,853 911,853 973,853 1035,856 1097,853 1160,855 1222,853 1284,853 1346,853 1409,856"/>
                <TextEquiv>
                    <Unicode>lische Handel werde schwer darunter leiden. Die „St. James Gazette</Unicode>
                </TextEquiv>
            </TextLine>
            <TextLine id="tr_1_tl_6" custom="readingOrder {index:5;}">
                <Coords points="160,908 1419,906 1419,866 1279,855 160,864"/>
                <Baseline points="170,898 232,900 295,900 357,898 420,898 483,898 545,897 608,897 671,898 733,896 796,895 859,896 921,898 984,895 1047,895 1109,895 1172,896 1235,896 1297,896 1360,898 1423,898"/>
                <TextEquiv>
                    <Unicode>schreibt: „Während Europa sich den Kopf über die Türkei zerbrach, hat</Unicode>
                </TextEquiv>
            </TextLine>
            <TextLine id="tr_1_tl_7" custom="readingOrder {index:6;}">
                <Coords points="154,953 1421,947 1421,905 1288,901 154,912"/>
                <Baseline points="164,943 227,943 290,943 353,943 416,943 479,943 542,940 605,942 668,940 731,940 795,940 858,940 921,940 984,940 1047,940 1110,940 1173,940 1236,940 1299,940 1362,938 1426,940"/>
                <TextEquiv>
                    <Unicode>Rußland seine Ziele im fernen Orient verfolgt und erreicht. Was will</Unicode>
                </TextEquiv>
            </TextLine>
            <TextLine id="tr_1_tl_8" custom="readingOrder {index:7;}">
                <Coords points="160,1047 1419,1055 1421,1009 161,1006"/>
                <Baseline points="170,1041 232,1044 295,1044 357,1042 420,1044 483,1044 545,1043 608,1041 671,1041 733,1041 796,1044 859,1041 921,1041 984,1041 1047,1041 1109,1038 1172,1038 1235,1038 1297,1038 1360,1040 1423,1041"/>
                <TextEquiv>
                    <Unicode>schlechteren Natur heraus spricht und handelt. Die vollkommene</Unicode>
                </TextEquiv>
            </TextLine>
            <TextLine id="tr_1_tl_9" custom="readingOrder {index:8;}">
                <Coords points="158,1101 1424,1100 1380,1048 158,1048"/>
                <Baseline points="167,1089 230,1092 293,1092 356,1091 419,1091 482,1092 545,1091 608,1089 671,1089 734,1089 798,1089 861,1088 924,1089 987,1086 1050,1086 1113,1089 1176,1086 1239,1089 1302,1089 1365,1087 1429,1089"/>
                <TextEquiv>
                    <Unicode>Natürlichkeit des charakteristisch abgestuften Dialoges entspricht der</Unicode>
                </TextEquiv>
            </TextLine>
            <TextLine id="tr_1_tl_10" custom="readingOrder {index:9;}">
                <Coords points="160,1153 1412,1141 1398,1094 160,1105"/>
                <Baseline points="170,1137 232,1139 294,1140 357,1137 419,1139 481,1137 544,1137 606,1137 668,1137 731,1137 793,1137 855,1135 918,1137 980,1134 1042,1134 1105,1134 1167,1134 1229,1136 1292,1137 1354,1137 1417,1134"/>
                <TextEquiv>
                    <Unicode>zwanglos und frei sich entwickelnden Handlung. Dem händel¬</Unicode>
                </TextEquiv>
            </TextLine>
            <TextLine id="tr_1_tl_11" custom="readingOrder {index:10;}">
                <Coords points="160,1194 1417,1196 1417,1160 1258,1137 160,1153"/>
                <Baseline points="170,1185 232,1185 295,1185 357,1185 420,1185 482,1185 545,1184 607,1182 670,1185 732,1185 795,1185 857,1185 920,1185 982,1184 1045,1182 1107,1182 1170,1182 1232,1182 1295,1182 1357,1182 1420,1179"/>
                <TextEquiv>
                    <Unicode>süchtigen Spieler Karinski, dessen Darstellung übrigens die schau¬</Unicode>
                </TextEquiv>
            </TextLine>
            <TextLine id="tr_1_tl_12" custom="readingOrder {index:11;}">
                <Coords points="163,1247 1421,1240 1421,1194 1297,1187 163,1197"/>
                <Baseline points="173,1232 235,1232 298,1232 360,1233 423,1233 485,1229 548,1230 610,1232 673,1230 735,1232 798,1232 860,1232 923,1232 985,1229 1048,1229 1110,1229 1173,1229 1235,1229 1298,1229 1360,1229 1423,1232"/>
                <TextEquiv>
                    <Unicode>spielerisch schwächste Leistung im ganzen Stücke war, sind zwei</Unicode>
                </TextEquiv>
            </TextLine>
            <TextLine id="tr_1_tl_13" custom="readingOrder {index:12;}">
                <Coords points="158,1286 1421,1288 1407,1238 158,1249"/>
                <Baseline points="167,1277 233,1280 299,1280 365,1280 432,1280 498,1279 564,1280 630,1279 697,1277 763,1277 829,1277 895,1277 962,1277 1028,1277 1094,1277 1160,1277 1227,1277 1293,1277 1359,1278 1426,1280"/>
                <TextEquiv>
                    <Unicode>Kameraden zur Seite gestellt, der harmlos heitere Husarenlieutenant</Unicode>
                </TextEquiv>
            </TextLine>
            <TextLine id="tr_1_tl_14" custom="readingOrder {index:13;}">
                <Coords points="154,1339 1412,1337 1412,1290 154,1284"/>
                <Baseline points="164,1325 226,1328 289,1328 351,1328 414,1328 476,1325 539,1325 601,1325 664,1325 726,1327 789,1328 852,1327 914,1325 977,1325 1039,1325 1102,1325 1164,1325 1227,1325 1289,1325 1352,1325 1415,1328"/>
                <TextEquiv>
                    <Unicode>Vogel, der an Herrn Höfer einen prächtigen Vertreter fand, und</Unicode>
                </TextEquiv>
            </TextLine>
            <TextLine id="tr_1_tl_15" custom="readingOrder {index:14;}">
                <Coords points="160,1389 1410,1387 1410,1330 160,1341"/>
                <Baseline points="170,1373 232,1375 294,1373 356,1373 419,1375 481,1373 543,1373 605,1373 668,1373 730,1375 792,1373 854,1376 917,1374 979,1376 1041,1373 1103,1373 1166,1372 1228,1372 1290,1373 1352,1373 1415,1376"/>
                <TextEquiv>
                    <Unicode>der Oberlieutenant Rohnstedt, in seiner gediegenen Tüchtigkeit,</Unicode>
                </TextEquiv>
            </TextLine>
            <TextLine id="tr_1_tl_16" custom="readingOrder {index:15;}">
                <Coords points="160,1437 1410,1437 1375,1378 160,1389"/>
                <Baseline points="170,1423 232,1423 294,1420 356,1420 419,1422 481,1420 543,1420 605,1420 668,1420 730,1420 792,1420 854,1420 917,1420 979,1422 1041,1420 1103,1420 1166,1419 1228,1417 1290,1420 1352,1420 1415,1420"/>
                <TextEquiv>
                    <Unicode>seiner Gerechtigkeit und treuen Kameradschaftlichkeit als Offizier</Unicode>
                </TextEquiv>
            </TextLine>
            <TextLine id="tr_1_tl_17" custom="readingOrder {index:16;}">
                <Coords points="158,1472 1410,1474 1410,1439 1265,1424 158,1435"/>
                <Baseline points="167,1468 229,1468 291,1468 354,1468 416,1468 479,1468 541,1468 603,1468 666,1468 728,1466 791,1468 853,1468 915,1468 978,1471 1040,1468 1103,1468 1165,1468 1227,1466 1290,1468 1352,1468 1415,1468"/>
                <TextEquiv>
                    <Unicode>und Mensch das erfreuliche Gegenbild zu seinem verkommenen</Unicode>
                </TextEquiv>
            </TextLine>
            <TextLine id="tr_1_tl_18" custom="readingOrder {index:17;}">
                <Coords points="154,1520 1412,1522 1384,1476 154,1470"/>
                <Baseline points="164,1513 226,1516 289,1516 351,1516 414,1516 476,1516 539,1516 601,1516 664,1516 726,1514 789,1516 852,1516 914,1516 977,1516 1039,1516 1102,1513 1164,1516 1227,1516 1289,1516 1352,1516 1415,1513"/>
                <TextEquiv>
                    <Unicode>Regimentskameraden. Diesem Vertreter des Ehrbegriffes gegen¬</Unicode>
                </TextEquiv>
            </TextLine>
            <TextLine id="tr_1_tl_19" custom="readingOrder {index:18;}">
                <Coords points="149,1570 1408,1575 1408,1531 1290,1517 149,1525"/>
                <Baseline points="158,1561 220,1564 283,1564 346,1564 408,1564 471,1564 534,1564 596,1564 659,1564 722,1564 785,1564 847,1564 910,1564 973,1563 1035,1561 1098,1561 1161,1563 1223,1561 1286,1561 1349,1561 1412,1561"/>
                <TextEquiv>
                    <Unicode>über kann man von einer militärfeindlichen Tendenz des Dichters</Unicode>
                </TextEquiv>
            </TextLine>
            <TextLine id="tr_1_tl_20" custom="readingOrder {index:19;}">
                <Coords points="160,1625 1410,1623 1410,1577 1321,1568 160,1575"/>
                <Baseline points="170,1609 232,1612 294,1612 356,1612 419,1612 481,1612 543,1612 605,1612 668,1612 730,1612 792,1612 854,1612 917,1612 979,1612 1041,1609 1103,1609 1166,1609 1228,1609 1290,1609 1352,1610 1415,1612"/>
                <TextEquiv>
                    <Unicode>füglich nicht reden. Die Scene, in der Rohnstedt trotz vorheriger</Unicode>
                </TextEquiv>
            </TextLine>
            <TextLine id="tr_1_tl_21" custom="readingOrder {index:20;}">
                <Coords points="158,1662 1410,1678 1410,1621 1332,1614 158,1623"/>
                <Baseline points="167,1656 229,1659 291,1659 354,1659 416,1659 479,1659 541,1661 603,1659 666,1656 728,1658 791,1659 853,1657 915,1657 978,1659 1040,1657 1103,1656 1165,1656 1227,1654 1290,1656 1352,1658 1415,1656"/>
                <TextEquiv>
                    <Unicode>Abweisung Rönning zum Duell zu bereden und ihm die Sachlage</Unicode>
                </TextEquiv>
            </TextLine>
            <TextLine id="tr_1_tl_22" custom="readingOrder {index:21;}">
                <Coords points="154,1717 1415,1715 1415,1674 1243,1658 154,1662"/>
                <Baseline points="164,1704 226,1707 289,1707 352,1707 415,1707 478,1707 540,1708 603,1708 666,1707 729,1707 792,1707 854,1708 917,1708 980,1709 1043,1705 1106,1704 1168,1702 1231,1704 1294,1704 1357,1704 1420,1704"/>
                <TextEquiv>
                    <Unicode>rein menschlich klar zu machen sucht, trug Herrn Schady einen</Unicode>
                </TextEquiv>
            </TextLine>
            <TextLine id="tr_1_tl_23" custom="readingOrder {index:22;}">
                <Coords points="158,1765 1410,1763 1410,1710 158,1717"/>
                <Baseline points="167,1755 229,1755 291,1752 354,1752 416,1754 479,1752 541,1752 603,1755 666,1755 728,1753 791,1755 853,1754 915,1752 978,1752 1040,1752 1103,1752 1165,1752 1227,1752 1290,1752 1352,1752 1415,1752"/>
                <TextEquiv>
                    <Unicode>Beifall bei offener Scene ein. Und der Beifall war verdient. Die</Unicode>
                </TextEquiv>
            </TextLine>
            <TextLine id="tr_1_tl_24" custom="readingOrder {index:23;}">
                <Coords points="154,1815 1405,1807 1405,1767 1313,1760 154,1765"/>
                <Baseline points="164,1803 226,1803 288,1803 350,1800 413,1800 475,1800 537,1802 599,1800 662,1800 724,1802 786,1800 848,1800 911,1800 973,1800 1035,1800 1097,1800 1160,1799 1222,1800 1284,1800 1346,1800 1409,1800"/>
                <TextEquiv>
                    <Unicode>keineswegs leichte Rolle wurde von Herrn Schady schlicht und</Unicode>
                </TextEquiv>
            </TextLine>
            <TextLine id="tr_1_tl_25" custom="readingOrder {index:24;}">
                <Coords points="149,1857 1408,1855 1408,1816 1336,1807 149,1813"/>
                <Baseline points="158,1847 220,1848 283,1848 346,1848 408,1850 471,1850 534,1849 596,1847 659,1850 722,1848 785,1847 847,1847 910,1847 973,1847 1035,1847 1098,1847 1161,1846 1223,1846 1286,1847 1349,1847 1412,1847"/>
                <TextEquiv>
                    <Unicode>wahr durchgeführt, es war die vollendetste Leistung unter dem</Unicode>
                </TextEquiv>
            </TextLine>
            <TextLine id="tr_1_tl_26" custom="readingOrder {index:25;}">
                <Coords points="149,1910 1410,1912 1394,1855 149,1857"/>
                <Baseline points="158,1895 220,1898 283,1896 346,1895 409,1895 472,1898 535,1896 597,1896 660,1895 723,1895 786,1895 849,1895 912,1895 975,1895 1037,1895 1100,1892 1163,1894 1226,1892 1289,1895 1352,1895 1415,1892"/>
                <TextEquiv>
                    <Unicode>manchen Guten, das im Laufe dieser Spielzeit dem Künstler ge¬</Unicode>
                </TextEquiv>
            </TextLine>
            <TextLine id="tr_1_tl_27" custom="readingOrder {index:26;}">
                <Coords points="151,1962 1408,1960 1408,1912 1346,1898 151,1910"/>
                <Baseline points="161,1946 223,1944 286,1943 348,1944 411,1947 473,1946 536,1945 598,1943 661,1943 723,1943 786,1943 849,1943 911,1943 974,1943 1036,1943 1099,1940 1161,1941 1224,1941 1286,1941 1349,1943 1412,1943"/>
                <TextEquiv>
                    <Unicode>lungen ist. In der Rolle des das Duell verweigernden Rönning war</Unicode>
                </TextEquiv>
            </TextLine>
            <TextLine id="tr_1_tl_28" custom="readingOrder {index:27;}">
                <Coords points="154,1995 1405,1999 1405,1958 1332,1944 154,1960"/>
                <Baseline points="164,1994 226,1991 288,1991 350,1991 413,1993 475,1991 537,1992 599,1991 662,1991 724,1991 786,1991 848,1991 911,1991 973,1991 1035,1991 1097,1991 1160,1988 1222,1988 1284,1989 1346,1989 1409,1991"/>
                <TextEquiv>
                    <Unicode>Herr Botz erst im zweiten und dritten Aufzuge ganz entsprechend,</Unicode>
                </TextEquiv>
            </TextLine>
            <TextLine id="tr_1_tl_29" custom="readingOrder {index:28;}">
                <Coords points="149,2049 1408,2042 1350,1994 149,1992"/>
                <Baseline points="158,2038 220,2041 283,2039 346,2041 408,2039 471,2038 534,2038 596,2038 659,2038 722,2040 785,2038 847,2038 910,2038 973,2036 1035,2036 1098,2035 1161,2035 1223,2035 1286,2035 1349,2035 1412,2035"/>
                <TextEquiv>
                    <Unicode>de gelang ihm aber die Lösung der Aufgabe auch vollkommen. Herr</Unicode>
                </TextEquiv>
            </TextLine>
            <TextLine id="tr_1_tl_30" custom="readingOrder {index:29;}">
                <Coords points="149,2091 1410,2097 1410,2045 149,2047"/>
                <Baseline points="158,2086 220,2086 283,2086 346,2086 409,2086 472,2086 535,2086 597,2086 660,2086 723,2086 786,2086 849,2086 912,2086 975,2085 1037,2083 1100,2083 1163,2083 1226,2083 1289,2083 1352,2083 1415,2077"/>
                <TextEquiv>
                    <Unicode>Marx wird sich hüten müssen, bei den Wiederholungen noch stärker auf¬</Unicode>
                </TextEquiv>
            </TextLine>
            <TextLine id="tr_1_tl_31" custom="readingOrder {index:30;}">
                <Coords points="158,2146 1410,2139 1359,2091 158,2098"/>
                <Baseline points="167,2137 229,2134 291,2134 354,2136 416,2134 479,2134 541,2134 603,2134 666,2136 728,2132 791,2134 853,2134 915,2134 978,2131 1040,2131 1103,2131 1165,2131 1227,2131 1290,2131 1352,2131 1415,2134"/>
                <TextEquiv>
                    <Unicode>zutragen; sein amüsanter Poldi steht hart an der Grenze, wo die</Unicode>
                </TextEquiv>
            </TextLine>
            <TextLine id="tr_1_tl_32" custom="readingOrder {index:31;}">
                <Coords points="154,2192 1412,2189 1412,2139 1355,2136 154,2144"/>
                <Baseline points="164,2173 226,2173 289,2180 351,2180 414,2182 476,2179 539,2182 601,2182 664,2182 726,2182 789,2182 852,2182 914,2180 977,2179 1039,2181 1102,2179 1164,2178 1227,2178 1289,2179 1352,2179 1415,2179"/>
                <TextEquiv>
                    <Unicode>komische Charakterisirung in Caricatur umschlägt. Wie unter</Unicode>
                </TextEquiv>
            </TextLine>
            <TextLine id="tr_1_tl_33" custom="readingOrder {index:32;}">
                <Coords points="149,2230 1407,2235 1407,2189 1194,2180 149,2189"/>
                <Baseline points="158,2229 220,2229 283,2229 345,2227 408,2229 470,2229 533,2229 595,2227 658,2227 720,2229 783,2226 846,2227 908,2229 971,2229 1033,2227 1096,2229 1158,2226 1221,2226 1283,2226 1346,2226 1409,2229"/>
                <TextEquiv>
                    <Unicode>Rönning's Freunden das Gigerl dem schneidigen Husarenlieutenant,</Unicode>
                </TextEquiv>
            </TextLine>
            <TextLine id="tr_1_tl_34" custom="readingOrder {index:33;}">
                <Coords points="151,2283 1408,2286 1350,2231 151,2230"/>
                <Baseline points="161,2277 223,2277 286,2277 348,2277 411,2277 473,2277 536,2274 598,2276 661,2277 723,2277 786,2277 849,2277 911,2275 974,2274 1036,2274 1099,2274 1161,2274 1224,2274 1286,2272 1349,2274 1412,2271"/>
                <TextEquiv>
                    <Unicode>so steht der ernstere Doctor dem Oberlieutenant Rohnstedt gegen¬</Unicode>
                </TextEquiv>
            </TextLine>
            <TextLine id="tr_1_tl_35" custom="readingOrder {index:34;}">
                <Coords points="151,2331 1412,2327 1391,2279 151,2285"/>
                <Baseline points="161,2325 223,2325 286,2324 349,2325 412,2325 475,2325 537,2325 600,2325 663,2325 726,2325 789,2325 851,2325 914,2325 977,2322 1040,2322 1103,2322 1165,2322 1228,2322 1291,2319 1354,2321 1417,2319"/>
                <TextEquiv>
                    <Unicode>über. In der Unterhaltung des ersten Actes war Herr Bayr¬</Unicode>
                </TextEquiv>
            </TextLine>
            <TextLine id="tr_1_tl_36" custom="readingOrder {index:35;}">
                <Coords points="149,2379 1410,2384 1378,2329 149,2331"/>
                <Baseline points="158,2376 220,2373 283,2373 346,2373 409,2373 472,2370 535,2376 597,2374 660,2373 723,2373 786,2373 849,2373 912,2373 975,2370 1037,2370 1100,2370 1163,2369 1226,2369 1289,2368 1352,2371 1415,2370"/>
                <TextEquiv>
                    <Unicode>hammer ein wenig gezwungen, um so naturwahrer in der ganz</Unicode>
                </TextEquiv>
            </TextLine>
            <TextLine id="tr_1_tl_37" custom="readingOrder {index:36;}">
                <Coords points="149,2425 1410,2423 1410,2384 1320,2375 149,2393"/>
                <Baseline points="158,2421 220,2421 283,2421 346,2424 409,2424 472,2421 535,2421 597,2421 660,2421 723,2421 786,2421 849,2420 912,2420 975,2420 1037,2418 1100,2418 1163,2418 1226,2416 1289,2418 1352,2418 1415,2415"/>
                <TextEquiv>
                    <Unicode>vortrefflich gespielten Aufregung, in die ihn die Weigerung seines</Unicode>
                </TextEquiv>
            </TextLine>
            <TextLine id="tr_1_tl_38" custom="readingOrder {index:37;}">
                <Coords points="147,2496 1408,2485 1410,2423 149,2434"/>
                <Baseline points="158,2471 220,2468 283,2468 346,2468 409,2466 472,2468 535,2465 597,2467 660,2468 723,2468 786,2465 849,2465 912,2467 975,2465 1037,2465 1100,2465 1163,2465 1226,2465 1289,2462 1352,2464 1415,2465"/>
                <TextEquiv>
                    <Unicode>Freundes versetzt. So wenig der Arzt mit dem wiener Stutzer</Unicode>
                </TextEquiv>
            </TextLine>
            <TextLine id="tr_1_tl_39" custom="readingOrder {index:38;}">
                <Coords points="154,2528 1408,2522 1376,2471 154,2490"/>
                <Baseline points="164,2522 226,2516 288,2516 351,2518 413,2514 476,2513 538,2516 600,2516 663,2513 725,2513 788,2513 850,2515 912,2513 975,2513 1037,2513 1100,2510 1162,2513 1224,2513 1287,2510 1349,2510 1412,2510"/>
                <TextEquiv>
                    <Unicode>gemein hat, das Duell erkennt auch er nach der thätlichen Be¬</Unicode>
                </TextEquiv>
            </TextLine>
            <TextLine id="tr_1_tl_40" custom="readingOrder {index:39;}">
                <Coords points="154,2574 1412,2581 1412,2522 1334,2517 154,2528"/>
                <Baseline points="164,2564 226,2564 289,2564 351,2563 414,2561 476,2561 539,2562 601,2561 664,2561 726,2561 789,2561 852,2561 914,2563 977,2563 1039,2561 1102,2561 1164,2558 1227,2560 1289,2559 1352,2559 1415,2561"/>
                <TextEquiv>
                    <Unicode>leidigung als unvermeidlich an und sucht, als sein Rath ungehört</Unicode>
                </TextEquiv>
            </TextLine>
            <TextLine id="tr_1_tl_41" custom="readingOrder {index:40;}">
                <Coords points="151,2629 1410,2627 1410,2577 1249,2560 151,2574"/>
                <Baseline points="161,2609 223,2612 286,2612 349,2611 411,2611 474,2612 537,2612 599,2612 662,2609 725,2609 788,2609 850,2609 913,2611 976,2610 1038,2610 1101,2609 1164,2608 1226,2606 1289,2606 1352,2606 1415,2603"/>
                <TextEquiv>
                    <Unicode>bleibt, wenigstens die schleunige Entfernung seines Freundes durch¬</Unicode>
                </TextEquiv>
            </TextLine>
            <TextLine id="tr_1_tl_42" custom="readingOrder {index:41;}">
                <Coords points="149,2666 1408,2673 1366,2609 149,2629"/>
                <Baseline points="158,2662 220,2659 283,2659 346,2659 408,2657 471,2659 534,2659 596,2659 659,2659 722,2657 785,2656 847,2656 910,2656 973,2656 1035,2656 1098,2656 1161,2654 1223,2654 1286,2653 1349,2653 1412,2650"/>
                <TextEquiv>
                    <Unicode>zusetzen. Freilich gelingt es ihm nicht, das drohende Zusammen¬</Unicode>
                </TextEquiv>
            </TextLine>
            <TextLine id="tr_1_tl_43" custom="readingOrder {index:42;}">
                <Coords points="151,2712 1410,2714 1410,2662 151,2668"/>
                <Baseline points="161,2704 223,2707 286,2707 349,2704 411,2704 474,2704 537,2705 599,2705 662,2704 725,2704 788,2704 850,2704 913,2704 976,2704 1038,2704 1101,2704 1164,2704 1226,2704 1289,2701 1352,2701 1415,2704"/>
                <TextEquiv>
                    <Unicode>treffen seines unklug eigensinnigen Freundes mit dem verzweifelten</Unicode>
                </TextEquiv>
            </TextLine>
            <TextLine id="tr_1_tl_44" custom="readingOrder {index:43;}">
                <Coords points="151,2765 1018,2762 1000,2723 896,2709 151,2712"/>
                <Baseline points="161,2755 206,2755 251,2753 296,2754 341,2753 387,2752 432,2752 477,2752 522,2752 567,2752 613,2752 658,2752 703,2755 748,2752 793,2752 839,2752 884,2752 929,2752 974,2752 1020,2752"/>
                <TextEquiv>
                    <Unicode>Rücher seiner beleidigten Ehre zu verhindern.</Unicode>
                </TextEquiv>
            </TextLine>
            <TextLine id="tr_1_tl_45" custom="readingOrder {index:44;}">
                <Coords points="243,2804 1412,2815 1392,2739 1006,2781 243,2760"/>
                <Baseline points="253,2797 311,2800 369,2800 427,2800 485,2800 543,2801 601,2801 659,2800 717,2800 775,2800 834,2800 892,2800 950,2800 1008,2800 1066,2800 1124,2797 1182,2799 1240,2800 1298,2798 1356,2798 1415,2797"/>
                <TextEquiv>
                    <Unicode>Den Uebergang von den Vertretern der Gesellschaft zum</Unicode>
                </TextEquiv>
            </TextLine>
            <TextLine id="tr_1_tl_46" custom="readingOrder {index:45;}">
                <Coords points="142,2854 1408,2863 1408,2815 1355,2806 142,2801"/>
                <Baseline points="152,2847 215,2847 278,2847 341,2847 404,2847 467,2847 530,2847 593,2847 656,2847 719,2847 782,2847 845,2848 908,2848 971,2847 1034,2847 1097,2847 1160,2846 1223,2846 1286,2843 1349,2841 1412,2841"/>
                <TextEquiv>
                    <Unicode>Theatervölklein vermittelt die kleine Riedel, wegen deren Be¬</Unicode>
                </TextEquiv>
            </TextLine>
            <TextLine id="tr_1_tl_47" custom="readingOrder {index:46;}">
                <Coords points="149,2900 1410,2907 1410,2865 1348,2850 149,2863"/>
                <Baseline points="158,2895 220,2896 283,2898 346,2895 409,2895 472,2895 535,2895 597,2895 660,2895 723,2895 786,2895 849,2895 912,2895 975,2895 1037,2895 1100,2895 1163,2893 1226,2891 1289,2892 1352,2892 1415,2892"/>
                <TextEquiv>
                    <Unicode>leidigung durch Karinski die Katastrophe eintritt. In der vor¬</Unicode>
                </TextEquiv>
            </TextLine>
            <TextLine id="tr_1_tl_48" custom="readingOrder {index:47;}">
                <Coords points="149,2957 1408,2944 1364,2902 151,2902"/>
                <Baseline points="161,2946 223,2943 286,2943 348,2943 411,2943 473,2943 536,2943 598,2943 661,2943 723,2943 786,2943 849,2943 911,2943 974,2943 1036,2943 1099,2943 1161,2943 1224,2941 1286,2940 1349,2938 1412,2937"/>
                <TextEquiv>
                    <Unicode>letzten Scene, in der Anna im Vereine mit dem Doctor den Ge¬</Unicode>
                </TextEquiv>
            </TextLine>
            <TextLine id="tr_1_tl_49" custom="readingOrder {index:48;}">
                <Coords points="142,3007 1405,3003 1378,2946 142,2960"/>
                <Baseline points="152,2991 214,2991 277,2993 340,2991 403,2991 466,2991 529,2991 591,2991 654,2991 717,2991 780,2991 843,2994 906,2989 969,2991 1031,2991 1094,2991 1157,2991 1220,2991 1283,2988 1346,2988 1409,2988"/>
                <TextEquiv>
                    <Unicode>liebten zum Verlassen des Badeortes zu bewegen sucht, hätte Frl.</Unicode>
                </TextEquiv>
            </TextLine>
            <TextLine id="tr_1_tl_50" custom="readingOrder {index:49;}">
                <Coords points="149,3047 1410,3046 1410,2999 1323,2996 149,3007"/>
                <Baseline points="158,3038 220,3038 283,3038 346,3038 409,3038 472,3038 535,3038 597,3038 660,3038 723,3038 786,3038 849,3038 912,3038 975,3038 1037,3040 1100,3035 1163,3037 1226,3035 1289,3035 1352,3035 1415,3038"/>
                <TextEquiv>
                    <Unicode>Niedt etwas leidenschaftlicher werden dürfen. In allen anderen</Unicode>
                </TextEquiv>
            </TextLine>
            <TextLine id="tr_1_tl_51" custom="readingOrder {index:50;}">
                <Coords points="151,3099 1408,3102 1408,3053 1353,3042 151,3044"/>
                <Baseline points="161,3086 223,3086 286,3086 348,3086 411,3086 473,3086 536,3086 598,3086 661,3086 723,3086 786,3086 849,3086 911,3086 974,3086 1036,3086 1099,3083 1161,3084 1224,3084 1286,3083 1349,3083 1412,3083"/>
                <TextEquiv>
                    <Unicode>Scenen ließ sich kaum eine bessere Wiedergabe der Rolle denken,</Unicode>
                </TextEquiv>
            </TextLine>
            <TextLine id="tr_1_tl_52" custom="readingOrder {index:51;}">
                <Coords points="142,3148 1366,3152 1412,3102 142,3104"/>
                <Baseline points="152,3134 215,3136 278,3134 341,3134 404,3134 467,3134 530,3134 594,3134 657,3131 720,3134 783,3134 846,3134 909,3134 972,3134 1036,3134 1099,3134 1162,3131 1225,3131 1288,3131 1351,3131 1415,3131"/>
                <TextEquiv>
                    <Unicode>als die junge, talentvolle Künstlerin darbot. Von ihrer Anna</Unicode>
                </TextEquiv>
            </TextLine>
            <TextLine id="tr_1_tl_53" custom="readingOrder {index:52;}">
                <Coords points="149,3198 1410,3200 1389,3140 149,3145"/>
                <Baseline points="158,3185 220,3182 283,3182 346,3182 409,3182 472,3182 535,3185 597,3183 660,3182 723,3182 786,3182 849,3182 912,3182 975,3182 1037,3182 1100,3182 1163,3182 1226,3182 1289,3179 1352,3179 1415,3182"/>
                <TextEquiv>
                    <Unicode>ging wirklich ein Zug unverdorbener Reinheit aus, daß wir mit</Unicode>
                </TextEquiv>
            </TextLine>
            <TextLine id="tr_1_tl_54" custom="readingOrder {index:53;}">
                <Coords points="149,3239 1408,3234 1345,3180 149,3198"/>
                <Baseline points="158,3230 220,3230 283,3230 346,3230 408,3230 471,3230 534,3230 596,3230 659,3230 722,3230 785,3230 847,3230 910,3230 973,3230 1035,3230 1098,3230 1161,3230 1223,3230 1286,3230 1349,3228 1412,3224"/>
                <TextEquiv>
                    <Unicode>Rönning uns von Theilnahme für diese hülflose, wortkarge Un¬</Unicode>
                </TextEquiv>
            </TextLine>
            <TextLine id="tr_1_tl_55" custom="readingOrder {index:54;}">
                <Coords points="154,3290 1412,3290 1412,3230 154,3237"/>
                <Baseline points="164,3277 226,3278 289,3277 351,3277 414,3277 476,3277 539,3276 601,3277 664,3276 726,3276 789,3277 852,3277 914,3277 977,3277 1039,3277 1102,3277 1164,3277 1227,3275 1289,3274 1352,3274 1415,3274"/>
                <TextEquiv>
                    <Unicode>schuld ergriffen fühlten. Dem armen jungen Mädchen, das für</Unicode>
                </TextEquiv>
            </TextLine>
            <TextLine id="tr_1_tl_56" custom="readingOrder {index:55;}">
                <Coords points="158,3335 1410,3329 1410,3290 1343,3278 158,3287"/>
                <Baseline points="167,3328 229,3325 291,3325 354,3325 416,3325 479,3325 541,3322 603,3322 666,3325 728,3323 791,3322 853,3325 915,3325 978,3325 1040,3325 1103,3325 1165,3325 1227,3323 1290,3322 1352,3322 1415,3325"/>
                <TextEquiv>
                    <Unicode>seine Ehre kämpft und in edlem Stolze seine Liebe zu unterdrücken</Unicode>
                </TextEquiv>
            </TextLine>
            <TextLine id="tr_1_tl_57" custom="readingOrder {index:56;}">
                <Coords points="154,3384 1412,3379 1412,3342 1192,3322 154,3336"/>
                <Baseline points="164,3373 226,3375 289,3373 351,3371 414,3373 476,3373 539,3372 601,3370 664,3370 726,3370 789,3373 852,3371 914,3373 977,3372 1039,3370 1102,3370 1164,3370 1227,3372 1289,3370 1352,3372 1415,3370"/>
                <TextEquiv>
                    <Unicode>sucht, steht die fesche Soubrette Peppi gegenüber. Es zeigt von</Unicode>
                </TextEquiv>
            </TextLine>
            <TextLine id="tr_1_tl_58" custom="readingOrder {index:57;}">
                <Coords points="149,3434 1410,3429 1384,3374 149,3384"/>
                <Baseline points="158,3424 220,3421 283,3423 346,3421 409,3421 472,3421 535,3421 597,3419 660,3418 723,3418 786,3418 849,3421 912,3419 975,3420 1037,3420 1100,3418 1163,3419 1226,3419 1289,3418 1352,3418 1415,3418"/>
                <TextEquiv>
                    <Unicode>Frl. Jurberg's ungewöhnlicher Charakterisirungskunst, wie sie die</Unicode>
                </TextEquiv>
            </TextLine>
            <TextLine id="tr_1_tl_59" custom="readingOrder {index:58;}">
                <Coords points="151,3473 1417,3480 1417,3432 1368,3423 151,3430"/>
                <Baseline points="161,3468 227,3468 293,3466 359,3468 426,3466 492,3467 558,3469 624,3470 691,3466 757,3465 823,3465 889,3468 956,3469 1022,3468 1088,3465 1154,3465 1221,3466 1287,3465 1353,3465 1420,3465"/>
                <TextEquiv>
                    <Unicode>ähnlichen Rollen in „Liebelei" und „Freiwild" verschieden im</Unicode>
                </TextEquiv>
            </TextLine>
            <TextLine id="tr_1_tl_60" custom="readingOrder {index:59;}">
                <Coords points="142,3533 1410,3553 1396,3475 142,3480"/>
                <Baseline points="152,3516 215,3517 278,3519 341,3518 404,3516 467,3519 530,3516 594,3519 657,3516 720,3516 783,3516 846,3516 909,3516 972,3514 1036,3516 1099,3516 1162,3516 1225,3516 1288,3517 1351,3517 1415,3519"/>
                <TextEquiv>
                    <Unicode>Tone zu halten wußte. Die Soubrette, die den in sie verliebten</Unicode>
                </TextEquiv>
            </TextLine>
            <TextEquiv>
                <Unicode></Unicode>
            </TextEquiv>
        </TextRegion>
        <TextRegion orientation="0.0" id="tr_2" custom="readingOrder {index:1;}">
            <Coords points="1871,800 1871,3529 3304,3529 3304,800"/>
            <TextLine id="tr_2_tl_1" custom="readingOrder {index:0;}">
                <Coords points="1882,834 3141,850 3140,800 2577,757 1880,782"/>
                <Baseline points="1892,823 1954,823 2017,823 2080,820 2142,822 2205,823 2268,823 2330,823 2393,823 2456,825 2519,826 2581,829 2644,829 2707,829 2769,829 2832,832 2895,830 2957,834 3020,838 3083,838 3146,841"/>
                <TextEquiv>
                    <Unicode>fahren entstehen, on te de an der Denn erschen,</Unicode>
                </TextEquiv>
            </TextLine>
            <TextLine id="tr_2_tl_2" custom="readingOrder {index:1;}">
                <Coords points="3175,876 3186,876 3212,860 3219,866 3228,864 3239,874 3255,866 3269,867 3274,873 3290,871 3290,802 3280,802 3267,814 3251,802 3241,809 3232,802 3221,807 3196,795 3175,795"/>
                <Baseline points="3185,859 3212,859 3240,859 3267,859 3295,859"/>
                <TextEquiv>
                    <Unicode>wurde</Unicode>
                </TextEquiv>
            </TextLine>
            <TextLine id="tr_2_tl_3" custom="readingOrder {index:2;}">
                <Coords points="1877,889 3287,903 3156,832 1877,832"/>
                <Baseline points="1886,868 1956,868 2026,868 2096,868 2167,868 2237,871 2307,871 2378,871 2448,874 2518,874 2589,874 2659,874 2729,876 2799,877 2870,877 2940,880 3010,880 3081,880 3151,886 3221,895 3292,898"/>
                <TextEquiv>
                    <Unicode>theils die Stadt Breslau bedrohen. Da die Vorfluth durch die als de</Unicode>
                </TextEquiv>
            </TextLine>
            <TextLine id="tr_2_tl_4" custom="readingOrder {index:3;}">
                <Coords points="1878,929 3278,949 3264,903 3061,882 1878,889"/>
                <Baseline points="1889,916 1958,918 2028,919 2097,916 2167,916 2236,918 2306,919 2375,919 2445,922 2514,922 2584,922 2654,922 2723,925 2793,925 2862,925 2932,928 3001,928 3071,931 3140,931 3210,934 3280,940"/>
                <TextEquiv>
                    <Unicode>alte Oder fehlt und die, an und für sich unbedeutende, Vorfluth dorf),</Unicode>
                </TextEquiv>
            </TextLine>
            <TextLine id="tr_2_tl_5" custom="readingOrder {index:4;}">
                <Coords points="1870,1023 3150,1045 3132,997 1870,986"/>
                <Baseline points="1880,1020 1943,1020 2007,1022 2071,1022 2135,1020 2198,1023 2262,1025 2326,1026 2390,1029 2453,1026 2517,1026 2581,1026 2645,1026 2708,1029 2772,1028 2836,1029 2900,1035 2963,1032 3027,1032 3091,1032 3155,1032"/>
                <TextEquiv>
                    <Unicode>Komiker (Herr Kunstadt), dem der Dichter einige Züge aus den</Unicode>
                </TextEquiv>
            </TextLine>
            <TextLine id="tr_2_tl_6" custom="readingOrder {index:5;}">
                <Coords points="1878,1078 3138,1091 3138,1045 3079,1036 1878,1031"/>
                <Baseline points="1889,1065 1951,1068 2014,1068 2077,1068 2139,1070 2202,1071 2265,1071 2327,1073 2390,1071 2453,1071 2516,1071 2578,1074 2641,1074 2704,1077 2766,1079 2829,1077 2892,1077 2954,1079 3017,1081 3080,1081 3143,1080"/>
                <TextEquiv>
                    <Unicode>italienischen „Bajazzi gegeben hat, mit Offizieren betrügt, steht</Unicode>
                </TextEquiv>
            </TextLine>
            <TextLine id="tr_2_tl_7" custom="readingOrder {index:6;}">
                <Coords points="1889,1135 3143,1139 3141,1091 1889,1075"/>
                <Baseline points="1898,1116 1960,1116 2022,1116 2085,1113 2147,1115 2210,1116 2272,1116 2334,1118 2397,1119 2459,1119 2522,1119 2584,1120 2646,1124 2709,1122 2771,1122 2834,1125 2896,1125 2958,1127 3021,1131 3083,1128 3146,1131"/>
                <TextEquiv>
                    <Unicode>schon eine Stufe tiefer als die wiener Putzmachermamsell. In der</Unicode>
                </TextEquiv>
            </TextLine>
            <TextLine id="tr_2_tl_8" custom="readingOrder {index:7;}">
                <Coords points="1885,1178 3145,1183 3145,1139 3083,1130 1885,1128"/>
                <Baseline points="1895,1164 1957,1164 2020,1164 2083,1162 2145,1164 2208,1164 2271,1164 2333,1164 2396,1167 2459,1167 2522,1167 2584,1170 2647,1170 2710,1170 2772,1170 2835,1173 2898,1173 2960,1173 3023,1176 3086,1176 3149,1176"/>
                <TextEquiv>
                    <Unicode>gemeinen Geschwätzigkeit wie im lebhaften stummen Spiele hat Frl.</Unicode>
                </TextEquiv>
            </TextLine>
            <TextLine id="tr_2_tl_9" custom="readingOrder {index:8;}">
                <Coords points="1893,1229 3141,1231 3127,1181 2991,1174 1893,1174"/>
                <Baseline points="1902,1210 1964,1212 2026,1212 2088,1209 2150,1210 2213,1212 2275,1212 2337,1212 2399,1214 2461,1217 2524,1217 2586,1215 2648,1217 2710,1217 2772,1217 2835,1217 2897,1220 2959,1220 3021,1220 3083,1223 3146,1220"/>
                <TextEquiv>
                    <Unicode>Jurberg eine echte, in jedem Zuge wahre Gestalt geschaffen. Nicht</Unicode>
                </TextEquiv>
            </TextLine>
            <TextLine id="tr_2_tl_10" custom="readingOrder {index:9;}">
                <Coords points="1882,1270 3125,1288 3145,1231 1880,1217"/>
                <Baseline points="1892,1262 1954,1258 2017,1256 2080,1256 2143,1258 2206,1259 2269,1259 2331,1259 2394,1259 2457,1261 2520,1262 2583,1262 2646,1262 2709,1265 2771,1265 2834,1265 2897,1269 2960,1271 3023,1268 3086,1270 3149,1274"/>
                <TextEquiv>
                    <Unicode>ganz erfreulich machte sich aber diesmal eine Neigung bemerkbar,</Unicode>
                </TextEquiv>
            </TextLine>
            <TextLine id="tr_2_tl_11" custom="readingOrder {index:10;}">
                <Coords points="1877,1313 3010,1321 3010,1279 2882,1272 1877,1274"/>
                <Baseline points="1886,1301 1942,1304 1998,1304 2054,1304 2111,1304 2167,1305 2223,1307 2280,1307 2336,1310 2392,1307 2449,1307 2505,1309 2561,1310 2617,1311 2674,1313 2730,1310 2786,1313 2843,1313 2899,1313 2955,1313 3012,1316"/>
                <TextEquiv>
                    <Unicode>die Kraftstellen möglichst vorn an der Rampe vorzutragen.</Unicode>
                </TextEquiv>
            </TextLine>
            <TextLine id="tr_2_tl_12" custom="readingOrder {index:11;}">
                <Coords points="3060,1332 3072,1334 3086,1327 3109,1334 3113,1330 3124,1330 3129,1323 3138,1323 3136,1284 3118,1286 3109,1279 3099,1282 3085,1274 3081,1277 3074,1274 3069,1279 3056,1277"/>
                <Baseline points="3068,1316 3093,1318 3118,1319 3143,1319"/>
                <TextEquiv>
                    <Unicode>Gut</Unicode>
                </TextEquiv>
            </TextLine>
            <TextLine id="tr_2_tl_13" custom="readingOrder {index:12;}">
                <Coords points="1882,1357 3143,1382 3120,1330 3030,1313 1882,1321"/>
                <Baseline points="1892,1352 1954,1352 2017,1352 2080,1352 2142,1352 2205,1352 2268,1355 2330,1355 2393,1355 2456,1357 2519,1355 2581,1358 2644,1358 2707,1358 2769,1360 2832,1361 2895,1362 2957,1364 3020,1364 3083,1364 3146,1370"/>
                <TextEquiv>
                    <Unicode>und wirksam waren auch die kleineren Rollen des Theaterdirectors,</Unicode>
                </TextEquiv>
            </TextLine>
            <TextLine id="tr_2_tl_14" custom="readingOrder {index:13;}">
                <Coords points="1878,1407 3122,1439 3136,1385 1877,1360"/>
                <Baseline points="1889,1397 1951,1399 2014,1399 2076,1400 2139,1400 2201,1400 2264,1403 2326,1403 2389,1400 2451,1405 2514,1406 2577,1406 2639,1406 2702,1406 2764,1408 2827,1409 2889,1409 2952,1409 3014,1409 3077,1414 3140,1415"/>
                <TextEquiv>
                    <Unicode>Regisseurs, ersten Liebhabers und Theaterkassirers durch die Herren</Unicode>
                </TextEquiv>
            </TextLine>
            <TextLine id="tr_2_tl_15" custom="readingOrder {index:14;}">
                <Coords points="3175,1444 3193,1451 3214,1442 3226,1451 3296,1453 3294,1410 3269,1410 3241,1385 3225,1387 3212,1382 3191,1394 3173,1392"/>
                <Baseline points="3185,1438 3213,1438 3241,1439 3269,1441 3298,1441"/>
                <TextEquiv>
                    <Unicode>Auflag</Unicode>
                </TextEquiv>
            </TextLine>
            <TextLine id="tr_2_tl_16" custom="readingOrder {index:15;}">
                <Coords points="1877,1462 2843,1481 2930,1463 2930,1417 1875,1408"/>
                <Baseline points="1886,1441 1938,1447 1990,1445 2043,1447 2095,1447 2148,1447 2200,1450 2252,1450 2305,1450 2357,1450 2410,1450 2462,1450 2514,1453 2567,1453 2619,1453 2672,1455 2724,1456 2776,1456 2829,1456 2881,1456 2934,1453"/>
                <TextEquiv>
                    <Unicode>Steinrück, Thomas, Lettinger und Scholz besetzt.</Unicode>
                </TextEquiv>
            </TextLine>
            <TextLine id="tr_2_tl_17" custom="readingOrder {index:16;}">
                <Coords points="3170,1481 3196,1485 3202,1483 3207,1488 3226,1485 3234,1492 3248,1481 3257,1481 3257,1456 3235,1451 3226,1453 3216,1444 3210,1444 3202,1453 3195,1453 3189,1447 3180,1453 3170,1453"/>
                <Baseline points="3179,1474 3205,1476 3232,1476 3259,1474"/>
                <TextEquiv>
                    <Unicode>nun</Unicode>
                </TextEquiv>
            </TextLine>
            <TextLine id="tr_2_tl_18" custom="readingOrder {index:17;}">
                <Coords points="1969,1517 3138,1531 3138,1472 3012,1449 2788,1486 1969,1460"/>
                <Baseline points="1979,1498 2037,1503 2095,1503 2153,1504 2211,1504 2270,1504 2328,1506 2386,1504 2444,1507 2502,1507 2561,1507 2619,1507 2677,1509 2735,1510 2793,1512 2852,1510 2910,1512 2968,1513 3026,1516 3084,1516 3143,1516"/>
                <TextEquiv>
                    <Unicode>Die ganze Aufführung war tadellos abgerundet, alles griff</Unicode>
                </TextEquiv>
            </TextLine>
            <TextLine id="tr_2_tl_19" custom="readingOrder {index:18;}">
                <Coords points="3179,1524 3198,1524 3205,1518 3221,1527 3239,1522 3257,1538 3278,1524 3287,1524 3287,1474 3273,1476 3265,1470 3246,1483 3214,1490 3203,1483 3179,1483"/>
                <Baseline points="3188,1513 3214,1515 3240,1516 3266,1514 3292,1513"/>
                <TextEquiv>
                    <Unicode>der Bi</Unicode>
                </TextEquiv>
            </TextLine>
            <TextLine id="tr_2_tl_20" custom="readingOrder {index:19;}">
                <Coords points="3171,1568 3189,1563 3214,1566 3223,1557 3241,1559 3248,1566 3257,1566 3265,1559 3276,1568 3285,1568 3285,1529 3274,1527 3257,1538 3242,1525 3221,1527 3205,1518 3184,1527 3171,1524"/>
                <Baseline points="3182,1552 3208,1552 3235,1552 3262,1552 3289,1552"/>
                <TextEquiv>
                    <Unicode>eine a</Unicode>
                </TextEquiv>
            </TextLine>
            <TextLine id="tr_2_tl_21" custom="readingOrder {index:20;}">
                <Coords points="1889,1566 3141,1580 3140,1531 1887,1511"/>
                <Baseline points="1898,1552 1960,1551 2022,1551 2085,1552 2147,1552 2210,1552 2272,1552 2334,1552 2397,1552 2459,1555 2522,1555 2584,1555 2646,1557 2709,1558 2771,1558 2834,1561 2896,1561 2958,1561 3021,1561 3083,1564 3146,1561"/>
                <TextEquiv>
                    <Unicode>frisch in einander, und wenn das Badeleben im Hintergrunde sich</Unicode>
                </TextEquiv>
            </TextLine>
            <TextLine id="tr_2_tl_22" custom="readingOrder {index:21;}">
                <Coords points="3168,1605 3179,1607 3205,1600 3214,1605 3241,1605 3248,1600 3264,1605 3276,1596 3292,1598 3292,1561 3276,1568 3264,1559 3242,1570 3235,1563 3210,1568 3205,1563 3189,1563 3180,1570 3171,1568"/>
                <Baseline points="3179,1594 3208,1594 3237,1592 3266,1590 3295,1588"/>
                <TextEquiv>
                    <Unicode>gegen</Unicode>
                </TextEquiv>
            </TextLine>
            <TextLine id="tr_2_tl_23" custom="readingOrder {index:22;}">
                <Coords points="1878,1607 3010,1627 3136,1616 3136,1582 1877,1566"/>
                <Baseline points="1889,1594 1951,1597 2014,1597 2076,1597 2139,1597 2201,1600 2264,1600 2326,1600 2389,1600 2451,1602 2514,1603 2577,1603 2639,1608 2702,1606 2764,1606 2827,1606 2889,1609 2952,1609 3014,1609 3077,1609 3140,1612"/>
                <TextEquiv>
                    <Unicode>auch in recht bescheidenen Grenzen hielt, so zeugte es doch von der</Unicode>
                </TextEquiv>
            </TextLine>
            <TextLine id="tr_2_tl_24" custom="readingOrder {index:23;}">
                <Coords points="3170,1639 3184,1635 3202,1641 3207,1635 3212,1641 3223,1630 3228,1635 3241,1632 3264,1635 3278,1650 3292,1653 3289,1596 3276,1593 3255,1605 3246,1598 3235,1603 3210,1603 3205,1598 3200,1603 3170,1607"/>
                <Baseline points="3179,1629 3208,1629 3237,1629 3266,1628 3295,1626"/>
                <TextEquiv>
                    <Unicode>zuver¬</Unicode>
                </TextEquiv>
            </TextLine>
            <TextLine id="tr_2_tl_25" custom="readingOrder {index:24;}">
                <Coords points="1882,1660 3122,1664 3122,1619 3074,1611 1882,1603"/>
                <Baseline points="1892,1644 1953,1644 2015,1644 2076,1644 2138,1645 2200,1647 2261,1646 2323,1646 2385,1647 2446,1648 2508,1650 2570,1650 2631,1650 2693,1650 2755,1653 2816,1653 2878,1653 2940,1655 3001,1655 3063,1656 3125,1647"/>
                <TextEquiv>
                    <Unicode>Sorgfalt der Regie. Wenn man die Darstellung von „Freiwild</Unicode>
                </TextEquiv>
            </TextLine>
            <TextLine id="tr_2_tl_26" custom="readingOrder {index:25;}">
                <Coords points="3175,1673 3191,1671 3195,1667 3212,1680 3225,1674 3271,1673 3271,1635 3250,1637 3241,1630 3212,1641 3202,1635 3196,1641 3175,1635"/>
                <Baseline points="3185,1665 3214,1665 3244,1665 3274,1665"/>
                <TextEquiv>
                    <Unicode>lagen</Unicode>
                </TextEquiv>
            </TextLine>
            <TextLine id="tr_2_tl_27" custom="readingOrder {index:26;}">
                <Coords points="1877,1701 3138,1712 3138,1664 3088,1660 1877,1662"/>
                <Baseline points="1886,1689 1948,1692 2011,1692 2074,1692 2137,1692 2200,1692 2263,1695 2325,1695 2388,1695 2451,1695 2514,1698 2577,1697 2640,1698 2703,1698 2765,1700 2828,1701 2891,1701 2954,1704 3017,1703 3080,1701 3143,1704"/>
                <TextEquiv>
                    <Unicode>mit den ersten Aufführungen dieser Spielzeit vergleicht, so wird</Unicode>
                </TextEquiv>
            </TextLine>
            <TextLine id="tr_2_tl_28" custom="readingOrder {index:27;}">
                <Coords points="3170,1713 3202,1706 3209,1713 3228,1708 3241,1713 3251,1708 3258,1715 3285,1717 3285,1674 3258,1671 3205,1678 3191,1669 3170,1676"/>
                <Baseline points="3179,1701 3206,1703 3234,1704 3261,1704 3289,1704"/>
                <TextEquiv>
                    <Unicode>dritten</Unicode>
                </TextEquiv>
            </TextLine>
            <TextLine id="tr_2_tl_29" custom="readingOrder {index:28;}">
                <Coords points="3179,1749 3193,1751 3203,1747 3221,1756 3234,1747 3248,1752 3274,1747 3287,1749 3287,1719 3273,1715 3260,1717 3253,1710 3241,1713 3234,1708 3219,1708 3212,1713 3202,1706 3179,1708"/>
                <Baseline points="3188,1743 3214,1741 3240,1743 3266,1742 3292,1740"/>
                <TextEquiv>
                    <Unicode>bestim¬</Unicode>
                </TextEquiv>
            </TextLine>
            <TextLine id="tr_2_tl_30" custom="readingOrder {index:29;}">
                <Coords points="1877,1744 3136,1768 3136,1722 3047,1708 1877,1699"/>
                <Baseline points="1886,1740 1948,1740 2011,1740 2074,1740 2136,1740 2199,1740 2262,1741 2324,1743 2387,1744 2450,1744 2513,1743 2575,1744 2638,1746 2701,1744 2763,1746 2826,1746 2889,1749 2951,1749 3014,1750 3077,1752 3140,1755"/>
                <TextEquiv>
                    <Unicode>man die erzieherische Begabung und den eisernen Arbeitsfleiß Herrn</Unicode>
                </TextEquiv>
            </TextLine>
            <TextLine id="tr_2_tl_31" custom="readingOrder {index:30;}">
                <Coords points="3175,1795 3186,1797 3193,1790 3210,1788 3214,1791 3226,1788 3234,1793 3250,1783 3260,1788 3267,1783 3281,1784 3281,1747 3265,1747 3258,1752 3239,1747 3221,1758 3202,1747 3191,1751 3175,1747"/>
                <Baseline points="3185,1782 3210,1781 3235,1779 3260,1779 3286,1779"/>
                <TextEquiv>
                    <Unicode>gemei¬</Unicode>
                </TextEquiv>
            </TextLine>
            <TextLine id="tr_2_tl_32" custom="readingOrder {index:31;}">
                <Coords points="1873,1799 3063,1816 3140,1809 3140,1768 1871,1742"/>
                <Baseline points="1883,1785 1946,1786 2009,1786 2072,1785 2135,1787 2198,1788 2261,1791 2324,1791 2387,1791 2450,1791 2513,1791 2576,1791 2639,1791 2702,1794 2765,1796 2828,1797 2891,1796 2954,1797 3017,1799 3080,1797 3143,1800"/>
                <TextEquiv>
                    <Unicode>Niedt's als eine ganz außerordentliche Leistung rühmen müssen.</Unicode>
                </TextEquiv>
            </TextLine>
            <TextLine id="tr_2_tl_33" custom="readingOrder {index:32;}">
                <Coords points="3179,1823 3207,1822 3219,1829 3232,1820 3239,1827 3244,1822 3255,1825 3264,1820 3273,1825 3285,1822 3283,1790 3274,1790 3267,1783 3258,1790 3250,1783 3234,1793 3221,1786 3216,1791 3210,1788 3177,1797"/>
                <Baseline points="3188,1815 3213,1817 3238,1818 3263,1818 3289,1818"/>
                <TextEquiv>
                    <Unicode>an die</Unicode>
                </TextEquiv>
            </TextLine>
            <TextLine id="tr_2_tl_34" custom="readingOrder {index:33;}">
                <Coords points="1873,1836 3136,1864 3113,1802 1873,1799"/>
                <Baseline points="1883,1829 1945,1833 2008,1833 2071,1832 2134,1832 2197,1835 2260,1835 2322,1835 2385,1836 2448,1838 2511,1838 2574,1838 2637,1841 2700,1841 2762,1841 2825,1841 2888,1843 2951,1844 3014,1844 3077,1844 3140,1850"/>
                <TextEquiv>
                    <Unicode>Vielleicht sorgt der verdienstvolle Regisseur auch noch dafür,</Unicode>
                </TextEquiv>
            </TextLine>
            <TextLine id="tr_2_tl_35" custom="readingOrder {index:34;}">
                <Coords points="3170,1862 3193,1861 3218,1870 3223,1864 3234,1868 3239,1862 3292,1861 3292,1827 3278,1831 3269,1823 3239,1825 3232,1820 3223,1827 3212,1827 3170,1818"/>
                <Baseline points="3179,1853 3208,1855 3237,1856 3266,1856 3295,1856"/>
                <TextEquiv>
                    <Unicode>der Re¬</Unicode>
                </TextEquiv>
            </TextLine>
            <TextLine id="tr_2_tl_36" custom="readingOrder {index:35;}">
                <Coords points="1873,1889 3116,1909 3141,1862 1871,1838"/>
                <Baseline points="1883,1880 1946,1880 2009,1880 2072,1880 2135,1880 2198,1880 2261,1880 2325,1880 2388,1884 2451,1886 2514,1886 2577,1888 2640,1889 2703,1887 2767,1889 2830,1889 2893,1889 2956,1889 3019,1894 3082,1892 3146,1892"/>
                <TextEquiv>
                    <Unicode>daß der österreichische Dragoneroffizier, der schon durch einen</Unicode>
                </TextEquiv>
            </TextLine>
            <TextLine id="tr_2_tl_37" custom="readingOrder {index:36;}">
                <Coords points="3175,1907 3186,1909 3191,1903 3195,1907 3203,1898 3221,1905 3228,1900 3248,1905 3253,1901 3258,1907 3269,1901 3289,1905 3287,1861 3274,1861 3265,1870 3260,1866 3248,1870 3242,1864 3235,1868 3223,1864 3218,1870 3203,1862 3173,1862"/>
                <Baseline points="3185,1892 3211,1894 3238,1895 3265,1895 3292,1895"/>
                <TextEquiv>
                    <Unicode>dem</Unicode>
                </TextEquiv>
            </TextLine>
            <TextLine id="tr_2_tl_38" custom="readingOrder {index:37;}">
                <Coords points="3170,1942 3186,1937 3205,1942 3209,1937 3228,1946 3248,1939 3260,1942 3276,1937 3274,1905 3260,1907 3239,1900 3234,1905 3221,1905 3209,1898 3168,1900"/>
                <Baseline points="3179,1928 3204,1930 3229,1931 3254,1931 3280,1931"/>
                <TextEquiv>
                    <Unicode>einem</Unicode>
                </TextEquiv>
            </TextLine>
            <TextLine id="tr_2_tl_39" custom="readingOrder {index:38;}">
                <Coords points="1868,1933 3138,1958 3138,1907 3058,1898 1868,1887"/>
                <Baseline points="1877,1925 1940,1928 2003,1928 2066,1928 2130,1930 2193,1931 2256,1930 2320,1931 2383,1931 2446,1933 2510,1934 2573,1934 2636,1934 2699,1934 2763,1936 2826,1937 2889,1937 2953,1940 3016,1941 3079,1940 3143,1937"/>
                <TextEquiv>
                    <Unicode>Ulanenhelm ausgezeichnet ist, künftig auf das Tragen der preußischen</Unicode>
                </TextEquiv>
            </TextLine>
            <TextLine id="tr_2_tl_40" custom="readingOrder {index:39;}">
                <Coords points="3171,1974 3200,1972 3205,1978 3225,1983 3242,1972 3260,1978 3287,1976 3287,1935 3258,1942 3248,1939 3242,1944 3228,1942 3225,1946 3218,1940 3198,1944 3186,1935 3171,1937"/>
                <Baseline points="3182,1970 3209,1970 3237,1970 3264,1970 3292,1970"/>
                <TextEquiv>
                    <Unicode>der</Unicode>
                </TextEquiv>
            </TextLine>
            <TextLine id="tr_2_tl_41" custom="readingOrder {index:40;}">
                <Coords points="1870,1990 3136,1988 3109,1944 1870,1946"/>
                <Baseline points="1880,1979 1943,1978 2006,1976 2069,1976 2132,1976 2195,1976 2258,1979 2321,1979 2384,1979 2447,1979 2510,1979 2573,1982 2636,1982 2699,1983 2762,1985 2825,1985 2888,1985 2951,1985 3014,1986 3077,1988 3140,1985"/>
                <TextEquiv>
                    <Unicode>Offizierschärpe verzichtet, die Herr Kühns sich ganz völkerrechts¬</Unicode>
                </TextEquiv>
            </TextLine>
            <TextLine id="tr_2_tl_42" custom="readingOrder {index:41;}">
                <Coords points="3171,2013 3202,2019 3209,2013 3219,2017 3226,2011 3248,2022 3264,2013 3285,2015 3285,1978 3260,1978 3242,1972 3225,1983 3205,1978 3200,1972 3171,1974"/>
                <Baseline points="3182,2009 3208,2009 3235,2009 3262,2009 3289,2009"/>
                <TextEquiv>
                    <Unicode>Forsch</Unicode>
                </TextEquiv>
            </TextLine>
            <TextLine id="tr_2_tl_43" custom="readingOrder {index:42;}">
                <Coords points="1873,2036 3136,2043 3136,1988 1873,1997"/>
                <Baseline points="1883,2023 1945,2023 2008,2023 2071,2023 2134,2023 2197,2023 2260,2024 2322,2026 2385,2026 2448,2026 2511,2026 2574,2027 2637,2029 2700,2029 2762,2029 2825,2032 2888,2029 2951,2032 3014,2033 3077,2035 3140,2032"/>
                <TextEquiv>
                    <Unicode>und reglementswidrig angemaßt hat. Das Werk des Dichters und</Unicode>
                </TextEquiv>
            </TextLine>
            <TextLine id="tr_2_tl_44" custom="readingOrder {index:43;}">
                <Coords points="3179,2050 3221,2049 3234,2059 3246,2056 3251,2050 3260,2054 3273,2050 3287,2052 3289,2015 3265,2013 3246,2024 3228,2011 3219,2015 3210,2011 3202,2019 3180,2015"/>
                <Baseline points="3188,2044 3214,2044 3240,2044 3266,2043 3292,2041"/>
                <TextEquiv>
                    <Unicode>200</Unicode>
                </TextEquiv>
            </TextLine>
            <TextLine id="tr_2_tl_45" custom="readingOrder {index:44;}">
                <Coords points="1873,2079 3299,2086 3299,2054 3090,2040 1873,2036"/>
                <Baseline points="1883,2068 1953,2068 2024,2071 2095,2071 2166,2071 2237,2071 2308,2071 2379,2071 2450,2074 2521,2077 2592,2077 2662,2077 2733,2077 2804,2077 2875,2080 2946,2080 3017,2080 3088,2083 3159,2080 3230,2086 3301,2080"/>
                <TextEquiv>
                    <Unicode>die Darstellung wirkten einträchtig zusammen, um eine tiefe Theolo¬</Unicode>
                </TextEquiv>
            </TextLine>
            <TextLine id="tr_2_tl_46" custom="readingOrder {index:45;}">
                <Coords points="3170,2128 3187,2125 3203,2134 3212,2132 3221,2141 3225,2137 3232,2139 3244,2128 3269,2127 3267,2089 3248,2088 3241,2095 3232,2088 3223,2097 3209,2089 3184,2088 3179,2082 3168,2084"/>
                <Baseline points="3179,2119 3210,2121 3242,2122 3274,2122"/>
                <TextEquiv>
                    <Unicode>Prof.</Unicode>
                </TextEquiv>
            </TextLine>
            <TextLine id="tr_2_tl_47" custom="readingOrder {index:46;}">
                <Coords points="1878,2127 3132,2141 3132,2093 3063,2082 1878,2079"/>
                <Baseline points="1889,2115 1951,2117 2013,2119 2076,2119 2138,2119 2201,2119 2263,2120 2325,2120 2388,2119 2450,2122 2513,2125 2575,2122 2637,2124 2700,2125 2762,2123 2825,2125 2887,2126 2949,2128 3012,2128 3074,2131 3137,2128"/>
                <TextEquiv>
                    <Unicode>Wirkung hervorzubringen. Es ist, mag der Einzelne dabei auch</Unicode>
                </TextEquiv>
            </TextLine>
            <TextLine id="tr_2_tl_48" custom="readingOrder {index:47;}">
                <Coords points="3170,2168 3205,2171 3216,2164 3221,2168 3232,2159 3262,2171 3292,2166 3294,2123 3280,2120 3253,2132 3244,2130 3234,2139 3196,2132 3189,2125 3171,2128"/>
                <Baseline points="3179,2158 3208,2160 3237,2160 3266,2158 3295,2158"/>
                <TextEquiv>
                    <Unicode>in Be¬</Unicode>
                </TextEquiv>
            </TextLine>
            <TextLine id="tr_2_tl_49" custom="readingOrder {index:48;}">
                <Coords points="1868,2175 3111,2196 3129,2143 1866,2136"/>
                <Baseline points="1877,2164 1939,2165 2002,2167 2065,2165 2128,2167 2191,2167 2254,2167 2316,2167 2379,2169 2442,2167 2505,2170 2568,2170 2631,2170 2694,2173 2756,2173 2819,2173 2882,2173 2945,2176 3008,2176 3071,2176 3134,2176"/>
                <TextEquiv>
                    <Unicode>einzelnes wenig erfreulich finden, ein Stück, unmittelbar aus dem</Unicode>
                </TextEquiv>
            </TextLine>
            <TextLine id="tr_2_tl_50" custom="readingOrder {index:49;}">
                <Coords points="3171,2203 3212,2201 3219,2207 3225,2201 3239,2203 3246,2198 3255,2203 3278,2201 3280,2169 3265,2171 3232,2160 3221,2168 3216,2164 3207,2171 3198,2168 3173,2171"/>
                <Baseline points="3182,2197 3207,2197 3232,2197 3257,2195 3283,2197"/>
                <TextEquiv>
                    <Unicode>und</Unicode>
                </TextEquiv>
            </TextLine>
            <TextLine id="tr_2_tl_51" custom="readingOrder {index:50;}">
                <Coords points="1875,2228 3122,2246 3134,2187 1873,2176"/>
                <Baseline points="1883,2212 1945,2213 2008,2215 2071,2212 2134,2212 2197,2215 2260,2215 2322,2215 2385,2216 2448,2218 2511,2218 2574,2218 2637,2218 2700,2218 2762,2220 2825,2221 2888,2221 2951,2221 3014,2224 3077,2224 3140,2224"/>
                <TextEquiv>
                    <Unicode>Leben der Gegenwart geschöpft und mit dichterischem Vermögen</Unicode>
                </TextEquiv>
            </TextLine>
            <TextLine id="tr_2_tl_52" custom="readingOrder {index:51;}">
                <Coords points="3173,2237 3196,2242 3207,2238 3225,2246 3232,2238 3251,2240 3258,2247 3274,2240 3287,2242 3285,2201 3250,2196 3239,2203 3171,2203"/>
                <Baseline points="3182,2232 3208,2234 3235,2235 3262,2235 3289,2235"/>
                <TextEquiv>
                    <Unicode>Artikel</Unicode>
                </TextEquiv>
            </TextLine>
            <TextLine id="tr_2_tl_53" custom="readingOrder {index:52;}">
                <Coords points="1870,2277 3127,2293 3127,2228 1870,2230"/>
                <Baseline points="1880,2262 1942,2259 2005,2259 2067,2259 2130,2261 2192,2262 2255,2262 2317,2262 2380,2262 2442,2264 2505,2265 2568,2265 2630,2265 2693,2265 2755,2268 2818,2268 2880,2269 2943,2271 3005,2271 3068,2271 3131,2274"/>
                <TextEquiv>
                    <Unicode>wie mit dramatischer Gewandtheit zum wirkungsvollen Bühnenbilde</Unicode>
                </TextEquiv>
            </TextLine>
            <TextLine id="tr_2_tl_54" custom="readingOrder {index:53;}">
                <Coords points="3171,2279 3184,2277 3205,2286 3223,2281 3239,2295 3257,2293 3265,2285 3285,2286 3283,2244 3273,2242 3258,2247 3250,2238 3235,2238 3226,2247 3216,2240 3198,2242 3195,2238 3170,2235"/>
                <Baseline points="3182,2274 3208,2276 3235,2276 3262,2275 3289,2277"/>
                <TextEquiv>
                    <Unicode>Auflag</Unicode>
                </TextEquiv>
            </TextLine>
            <TextLine id="tr_2_tl_55" custom="readingOrder {index:54;}">
                <Coords points="3170,2315 3180,2315 3186,2320 3212,2315 3219,2322 3230,2315 3248,2317 3248,2288 3232,2288 3223,2279 3216,2286 3209,2283 3202,2285 3198,2281 3195,2285 3184,2277 3170,2279"/>
                <Baseline points="3179,2310 3216,2310 3253,2310"/>
                <TextEquiv>
                    <Unicode>des</Unicode>
                </TextEquiv>
            </TextLine>
            <TextLine id="tr_2_tl_56" custom="readingOrder {index:55;}">
                <Coords points="1868,2325 2648,2327 2648,2274 2611,2267 1868,2274"/>
                <Baseline points="1877,2310 1915,2307 1954,2307 1993,2309 2032,2310 2071,2310 2109,2310 2148,2310 2187,2310 2226,2310 2265,2310 2303,2310 2342,2311 2381,2313 2420,2313 2459,2313 2497,2313 2536,2313 2575,2313 2614,2312 2653,2313"/>
                <TextEquiv>
                    <Unicode>voll Spannung und Steigerung gestaltet.</Unicode>
                </TextEquiv>
            </TextLine>
            <TextLine id="tr_2_tl_57" custom="readingOrder {index:56;}">
                <Coords points="3171,2357 3198,2354 3216,2359 3234,2357 3246,2363 3258,2352 3287,2354 3287,2329 3265,2325 3248,2311 3242,2317 3232,2315 3221,2320 3171,2317"/>
                <Baseline points="3182,2352 3209,2349 3237,2351 3264,2351 3292,2349"/>
                <TextEquiv>
                    <Unicode>über</Unicode>
                </TextEquiv>
            </TextLine>
            <TextLine id="tr_2_tl_58" custom="readingOrder {index:57;}">
                <Coords points="1964,2370 3136,2382 3109,2338 2877,2322 1964,2325"/>
                <Baseline points="1973,2364 2031,2366 2089,2366 2148,2367 2206,2365 2264,2367 2323,2367 2381,2367 2439,2367 2498,2369 2556,2370 2614,2370 2673,2370 2731,2370 2789,2373 2848,2373 2906,2373 2964,2376 3023,2374 3081,2376 3140,2379"/>
                <TextEquiv>
                    <Unicode>Ueber dem Eindrucke von Schnitzler's Schauspiel vergaß man</Unicode>
                </TextEquiv>
            </TextLine>
            <TextLine id="tr_2_tl_59" custom="readingOrder {index:58;}">
                <Coords points="3170,2395 3179,2395 3184,2400 3200,2400 3207,2393 3262,2398 3276,2389 3285,2389 3285,2354 3269,2350 3258,2356 3253,2354 3244,2363 3239,2357 3170,2357"/>
                <Baseline points="3179,2391 3206,2388 3234,2388 3261,2388 3289,2388"/>
                <TextEquiv>
                    <Unicode>Fr.</Unicode>
                </TextEquiv>
            </TextLine>
            <TextLine id="tr_2_tl_60" custom="readingOrder {index:59;}">
                <Coords points="1873,2428 3140,2428 3140,2380 1873,2380"/>
                <Baseline points="1883,2415 1946,2414 2009,2414 2072,2414 2135,2414 2198,2415 2261,2415 2324,2415 2387,2416 2450,2418 2513,2418 2576,2418 2639,2421 2702,2421 2765,2421 2828,2421 2891,2421 2954,2421 3017,2422 3080,2424 3143,2424"/>
                <TextEquiv>
                    <Unicode>fast Paul Linsemann's geistreich witzige Plauderei, die nach Art</Unicode>
                </TextEquiv>
            </TextLine>
            <TextLine id="tr_2_tl_61" custom="readingOrder {index:60;}">
                <Coords points="3171,2432 3221,2430 3225,2426 3232,2434 3248,2434 3260,2444 3280,2434 3294,2434 3294,2396 3278,2391 3262,2398 3237,2393 3207,2393 3198,2400 3171,2396"/>
                <Baseline points="3182,2426 3211,2426 3240,2426 3269,2426 3298,2426"/>
                <TextEquiv>
                    <Unicode>und zu</Unicode>
                </TextEquiv>
            </TextLine>
            <TextLine id="tr_2_tl_62" custom="readingOrder {index:61;}">
                <Coords points="3170,2464 3209,2467 3218,2476 3242,2466 3248,2471 3255,2469 3264,2473 3271,2466 3283,2466 3281,2451 3269,2450 3246,2434 3228,2435 3221,2428 3168,2434"/>
                <Baseline points="3179,2462 3205,2462 3232,2462 3259,2462 3286,2465"/>
                <TextEquiv>
                    <Unicode>lehre</Unicode>
                </TextEquiv>
            </TextLine>
            <TextLine id="tr_2_tl_63" custom="readingOrder {index:62;}">
                <Coords points="1870,2469 3134,2480 3122,2428 1870,2428"/>
                <Baseline points="1880,2462 1942,2460 2005,2460 2068,2462 2131,2462 2194,2462 2257,2462 2319,2460 2382,2462 2445,2464 2508,2468 2571,2465 2634,2465 2697,2465 2759,2465 2822,2465 2885,2466 2948,2465 3011,2466 3074,2470 3137,2474"/>
                <TextEquiv>
                    <Unicode>der kleinen französischen Einacter „pour le lever du rideau uns</Unicode>
                </TextEquiv>
            </TextLine>
            <TextLine id="tr_2_tl_64" custom="readingOrder {index:63;}">
                <Coords points="3170,2510 3196,2505 3214,2515 3223,2506 3228,2512 3251,2508 3264,2513 3294,2506 3294,2469 3278,2471 3274,2467 3265,2474 3260,2469 3241,2467 3218,2476 3207,2467 3170,2464"/>
                <Baseline points="3179,2501 3208,2501 3238,2501 3268,2501 3298,2501"/>
                <TextEquiv>
                    <Unicode>Reform</Unicode>
                </TextEquiv>
            </TextLine>
            <TextLine id="tr_2_tl_65" custom="readingOrder {index:64;}">
                <Coords points="1870,2515 3051,2547 3129,2531 3127,2481 1868,2469"/>
                <Baseline points="1877,2504 1939,2510 2002,2508 2065,2507 2128,2507 2191,2510 2254,2510 2316,2510 2379,2510 2442,2510 2505,2513 2568,2514 2631,2513 2694,2516 2756,2516 2819,2513 2882,2516 2945,2516 3008,2516 3071,2516 3134,2516"/>
                <TextEquiv>
                    <Unicode>den Verfasser eines Theaterstücks in seiner Aufregung am Abende</Unicode>
                </TextEquiv>
            </TextLine>
            <TextLine id="tr_2_tl_66" custom="readingOrder {index:65;}">
                <Coords points="3184,2547 3230,2544 3264,2549 3276,2545 3289,2552 3299,2551 3297,2505 3264,2513 3242,2505 3223,2515 3210,2515 3196,2505 3182,2508"/>
                <Baseline points="3191,2540 3219,2540 3247,2541 3275,2543 3304,2543"/>
                <TextEquiv>
                    <Unicode>fortge</Unicode>
                </TextEquiv>
            </TextLine>
            <TextLine id="tr_2_tl_67" custom="readingOrder {index:66;}">
                <Coords points="1870,2565 2338,2567 2338,2526 2318,2520 2159,2535 2107,2517 2011,2528 1992,2513 1949,2536 1870,2515"/>
                <Baseline points="1880,2558 1905,2556 1931,2555 1957,2555 1982,2555 2008,2555 2034,2555 2060,2555 2085,2555 2111,2555 2137,2555 2162,2555 2188,2555 2214,2556 2240,2558 2265,2558 2291,2558 2317,2558 2343,2558"/>
                <TextEquiv>
                    <Unicode>der Première vorführt.</Unicode>
                </TextEquiv>
            </TextLine>
            <TextLine id="tr_2_tl_68" custom="readingOrder {index:67;}">
                <Coords points="2396,2565 3127,2579 3127,2531 3092,2522 3022,2551 2911,2519 2396,2531"/>
                <Baseline points="2406,2555 2442,2557 2478,2560 2514,2561 2551,2561 2587,2561 2623,2561 2659,2563 2696,2564 2732,2564 2768,2564 2804,2564 2841,2562 2877,2563 2913,2564 2949,2564 2986,2564 3022,2564 3058,2564 3094,2564 3131,2567"/>
                <TextEquiv>
                    <Unicode>Mit manchen gesuchten Witzen, aber</Unicode>
                </TextEquiv>
            </TextLine>
            <TextLine id="tr_2_tl_69" custom="readingOrder {index:68;}">
                <Coords points="3170,2581 3214,2583 3219,2588 3258,2581 3265,2586 3285,2584 3287,2544 3248,2551 3242,2545 3226,2549 3219,2545 3171,2544"/>
                <Baseline points="3179,2576 3206,2576 3234,2578 3261,2577 3289,2573"/>
                <TextEquiv>
                    <Unicode>Artikel</Unicode>
                </TextEquiv>
            </TextLine>
            <TextLine id="tr_2_tl_70" custom="readingOrder {index:69;}">
                <Coords points="1868,2609 3134,2623 3132,2577 3054,2565 1866,2561"/>
                <Baseline points="1877,2603 1940,2603 2003,2603 2066,2603 2129,2603 2192,2606 2255,2604 2318,2606 2381,2606 2444,2606 2507,2609 2570,2606 2633,2606 2696,2609 2759,2611 2822,2612 2885,2609 2948,2612 3011,2612 3074,2612 3137,2612"/>
                <TextEquiv>
                    <Unicode>unterhaltend erzählt der Dichter (Herr Botz) einer jungen Malerin</Unicode>
                </TextEquiv>
            </TextLine>
            <TextLine id="tr_2_tl_71" custom="readingOrder {index:70;}">
                <Coords points="3163,2620 3203,2620 3212,2627 3226,2620 3241,2629 3255,2630 3278,2625 3278,2583 3235,2581 3216,2591 3196,2581 3163,2581"/>
                <Baseline points="3173,2612 3200,2616 3228,2617 3255,2615 3283,2615"/>
                <TextEquiv>
                    <Unicode>Denk¬</Unicode>
                </TextEquiv>
            </TextLine>
            <TextLine id="tr_2_tl_72" custom="readingOrder {index:71;}">
                <Coords points="3163,2662 3195,2657 3244,2666 3264,2659 3285,2659 3283,2627 3269,2625 3255,2630 3221,2623 3212,2627 3203,2620 3161,2620"/>
                <Baseline points="3173,2650 3202,2652 3231,2653 3260,2653 3289,2653"/>
                <TextEquiv>
                    <Unicode>können</Unicode>
                </TextEquiv>
            </TextLine>
            <TextLine id="tr_2_tl_73" custom="readingOrder {index:72;}">
                <Coords points="1878,2669 3129,2668 3127,2618 1877,2613"/>
                <Baseline points="1889,2653 1951,2650 2013,2650 2075,2650 2138,2650 2200,2653 2262,2653 2324,2653 2387,2653 2449,2653 2511,2653 2573,2655 2636,2655 2698,2656 2760,2657 2822,2657 2885,2656 2947,2656 3009,2656 3071,2659 3134,2656"/>
                <TextEquiv>
                    <Unicode>(Frl. Hohenau), was er von der Einreichung seines Stückes bis</Unicode>
                </TextEquiv>
            </TextLine>
            <TextLine id="tr_2_tl_74" custom="readingOrder {index:73;}">
                <Coords points="3166,2693 3175,2691 3191,2700 3205,2694 3216,2705 3239,2694 3257,2693 3285,2701 3285,2659 3267,2657 3235,2668 3219,2659 3202,2661 3193,2655 3166,2662"/>
                <Baseline points="3176,2689 3204,2691 3232,2692 3260,2692 3289,2692"/>
                <TextEquiv>
                    <Unicode>Theolo</Unicode>
                </TextEquiv>
            </TextLine>
            <TextLine id="tr_2_tl_75" custom="readingOrder {index:74;}">
                <Coords points="1873,2714 3124,2716 3124,2668 2905,2655 1873,2675"/>
                <Baseline points="1883,2701 1945,2698 2007,2698 2069,2698 2132,2698 2194,2698 2256,2700 2318,2700 2381,2701 2443,2701 2505,2701 2567,2700 2630,2700 2692,2704 2754,2705 2816,2705 2879,2704 2941,2706 3003,2707 3065,2707 3128,2707"/>
                <TextEquiv>
                    <Unicode>zu diesem Abende durchgemacht hat. Er versäumt sich bei der</Unicode>
                </TextEquiv>
            </TextLine>
            <TextLine id="tr_2_tl_76" custom="readingOrder {index:75;}">
                <Coords points="3166,2739 3195,2742 3205,2749 3219,2742 3237,2746 3251,2735 3265,2746 3274,2740 3289,2742 3289,2698 3276,2701 3257,2693 3234,2707 3225,2701 3214,2703 3205,2694 3191,2700 3166,2693"/>
                <Baseline points="3176,2731 3205,2731 3234,2731 3263,2731 3292,2731"/>
                <TextEquiv>
                    <Unicode>die Re¬</Unicode>
                </TextEquiv>
            </TextLine>
            <TextLine id="tr_2_tl_77" custom="readingOrder {index:76;}">
                <Coords points="1878,2765 3127,2764 3125,2717 3063,2709 1877,2714"/>
                <Baseline points="1886,2749 1948,2746 2010,2746 2072,2746 2135,2746 2197,2746 2259,2747 2321,2749 2384,2749 2446,2749 2508,2749 2570,2752 2633,2752 2695,2749 2757,2752 2819,2752 2882,2752 2944,2752 3006,2752 3068,2755 3131,2758"/>
                <TextEquiv>
                    <Unicode>Freundin und erhält hier die Nachricht vom Durchfalle seines</Unicode>
                </TextEquiv>
            </TextLine>
            <TextLine id="tr_2_tl_78" custom="readingOrder {index:77;}">
                <Coords points="3193,2817 3223,2818 3234,2813 3246,2824 3255,2824 3267,2811 3285,2810 3283,2740 3274,2740 3267,2746 3248,2739 3237,2746 3219,2742 3205,2749 3191,2746"/>
                <Baseline points="3203,2788 3231,2788 3260,2789 3289,2791"/>
                <TextEquiv>
                    <Unicode>Kun</Unicode>
                </TextEquiv>
            </TextLine>
            <TextLine id="tr_2_tl_79" custom="readingOrder {index:78;}">
                <Coords points="1868,2808 3148,2827 3147,2765 1866,2772"/>
                <Baseline points="1877,2800 1940,2794 2004,2794 2068,2794 2132,2794 2195,2794 2259,2796 2323,2794 2387,2795 2450,2797 2514,2797 2578,2797 2642,2800 2705,2800 2769,2800 2833,2801 2897,2801 2960,2803 3024,2803 3088,2806 3152,2812"/>
                <TextEquiv>
                    <Unicode>„Opus I, für den ihn die Verlobung entschädigt. Herr Botz</Unicode>
                </TextEquiv>
            </TextLine>
            <TextLine id="tr_2_tl_80" custom="readingOrder {index:79;}">
                <Coords points="1870,2859 3124,2865 3101,2808 1870,2808"/>
                <Baseline points="1880,2847 1942,2841 2004,2839 2067,2841 2129,2841 2192,2841 2254,2841 2316,2841 2379,2841 2441,2842 2504,2844 2566,2845 2628,2847 2691,2847 2753,2847 2816,2847 2878,2848 2940,2850 3003,2850 3065,2850 3128,2853"/>
                <TextEquiv>
                    <Unicode>führte die Plauderei mit Geist und Humor ganz reizend durch,</Unicode>
                </TextEquiv>
            </TextLine>
            <TextLine id="tr_2_tl_81" custom="readingOrder {index:80;}">
                <Coords points="1861,2900 3127,2920 3127,2868 3069,2852 1861,2866"/>
                <Baseline points="1871,2889 1934,2886 1997,2888 2060,2889 2123,2889 2186,2889 2249,2888 2312,2889 2375,2890 2438,2892 2501,2892 2564,2890 2627,2895 2690,2893 2753,2893 2816,2892 2879,2897 2942,2898 3005,2898 3068,2898 3131,2901"/>
                <TextEquiv>
                    <Unicode>und seine Partnerin hatte glücklicherweise nicht viel zu sprechen,</Unicode>
                </TextEquiv>
            </TextLine>
            <TextLine id="tr_2_tl_82" custom="readingOrder {index:81;}">
                <Coords points="1861,2953 3118,2960 3118,2912 3046,2905 1861,2889"/>
                <Baseline points="1871,2937 1933,2936 1996,2934 2058,2935 2121,2937 2183,2937 2246,2937 2308,2937 2371,2937 2433,2937 2496,2940 2559,2940 2621,2940 2684,2940 2746,2943 2809,2943 2871,2943 2934,2943 2996,2943 3059,2943 3122,2946"/>
                <TextEquiv>
                    <Unicode>denn die kleine Rolle läßt sich kaum dilettantenhafter und lang¬</Unicode>
                </TextEquiv>
            </TextLine>
            <TextLine id="tr_2_tl_83" custom="readingOrder {index:82;}">
                <Coords points="3163,2992 3182,2985 3203,2989 3218,2982 3239,2989 3257,2982 3290,2989 3290,2943 3271,2948 3251,2943 3242,2934 3230,2937 3223,2930 3203,2937 3193,2928 3163,2932"/>
                <Baseline points="3173,2979 3203,2979 3234,2979 3264,2979 3295,2982"/>
                <TextEquiv>
                    <Unicode>Klasing</Unicode>
                </TextEquiv>
            </TextLine>
            <TextLine id="tr_2_tl_84" custom="readingOrder {index:83;}">
                <Coords points="1864,2991 3127,3001 3127,2964 3021,2944 1864,2955"/>
                <Baseline points="1874,2982 1936,2984 1999,2982 2062,2985 2125,2985 2188,2985 2251,2985 2313,2983 2376,2986 2439,2988 2502,2988 2565,2988 2628,2988 2691,2991 2753,2991 2816,2991 2879,2991 2942,2988 3005,2992 3068,2992 3131,2994"/>
                <TextEquiv>
                    <Unicode>weiliger verderben, als es durch Frl. Hohenau geschah. Daß Frau</Unicode>
                </TextEquiv>
            </TextLine>
            <TextLine id="tr_2_tl_85" custom="readingOrder {index:84;}">
                <Coords points="3171,3022 3182,3024 3196,3019 3216,3026 3228,3021 3246,3031 3258,3030 3276,3019 3289,3024 3290,2991 3274,2983 3250,2983 3244,2989 3228,2982 3210,2983 3203,2989 3200,2985 3173,2987"/>
                <Baseline points="3182,3018 3210,3018 3238,3016 3266,3014 3295,3012"/>
                <TextEquiv>
                    <Unicode>gestatte</Unicode>
                </TextEquiv>
            </TextLine>
            <TextLine id="tr_2_tl_86" custom="readingOrder {index:85;}">
                <Coords points="1861,3037 3132,3049 3132,3001 2928,2989 1861,2994"/>
                <Baseline points="1871,3027 1934,3030 1997,3032 2060,3030 2124,3031 2187,3032 2250,3032 2314,3032 2377,3032 2440,3032 2504,3032 2567,3035 2630,3035 2693,3035 2757,3035 2820,3038 2883,3036 2947,3038 3010,3038 3073,3038 3137,3041"/>
                <TextEquiv>
                    <Unicode>Gallus wie gewöhnlich lautes Reden und heftige Bewegungen</Unicode>
                </TextEquiv>
            </TextLine>
            <TextLine id="tr_2_tl_87" custom="readingOrder {index:86;}">
                <Coords points="3163,3058 3184,3060 3187,3056 3193,3060 3198,3056 3209,3063 3234,3060 3242,3065 3258,3065 3267,3058 3285,3060 3285,3021 3221,3022 3212,3030 3196,3019 3163,3031"/>
                <Baseline points="3173,3050 3202,3052 3231,3053 3260,3053 3289,3053"/>
                <TextEquiv>
                    <Unicode>sind w</Unicode>
                </TextEquiv>
            </TextLine>
            <TextLine id="tr_2_tl_88" custom="readingOrder {index:87;}">
                <Coords points="1868,3097 3125,3097 3108,3047 1868,3042"/>
                <Baseline points="1877,3083 1939,3077 2002,3077 2064,3080 2127,3080 2189,3080 2252,3080 2314,3080 2377,3080 2439,3080 2502,3080 2565,3080 2627,3082 2690,3083 2752,3083 2815,3083 2877,3085 2940,3085 3002,3086 3065,3087 3128,3083"/>
                <TextEquiv>
                    <Unicode>für humor voll hielt, war nicht überraschend; aber von Herrn Höflich</Unicode>
                </TextEquiv>
            </TextLine>
            <TextLine id="tr_2_tl_89" custom="readingOrder {index:88;}">
                <Coords points="3163,3093 3187,3097 3195,3104 3202,3097 3212,3106 3221,3097 3242,3106 3257,3106 3278,3095 3294,3095 3294,3058 3267,3058 3258,3067 3200,3056 3180,3061 3163,3058"/>
                <Baseline points="3173,3089 3198,3091 3223,3092 3248,3092 3273,3092 3298,3092"/>
                <TextEquiv>
                    <Unicode>Vorga¬</Unicode>
                </TextEquiv>
            </TextLine>
            <TextLine id="tr_2_tl_90" custom="readingOrder {index:89;}">
                <Coords points="1861,3138 3124,3143 3124,3095 3030,3090 1861,3104"/>
                <Baseline points="1871,3125 1933,3127 1996,3125 2059,3127 2122,3127 2185,3128 2248,3128 2310,3128 2373,3128 2436,3128 2499,3131 2562,3129 2625,3131 2688,3131 2750,3131 2813,3131 2876,3132 2939,3134 3002,3134 3065,3134 3128,3131"/>
                <TextEquiv>
                    <Unicode>wäre wohl eine wirksamere Ausarbeitung der dankbaren Rolle des</Unicode>
                </TextEquiv>
            </TextLine>
            <TextLine id="tr_2_tl_91" custom="readingOrder {index:90;}">
                <Coords points="3163,3136 3177,3132 3191,3134 3198,3141 3203,3136 3209,3141 3234,3140 3237,3136 3241,3140 3244,3134 3260,3136 3267,3132 3281,3136 3281,3104 3258,3102 3253,3106 3225,3097 3212,3106 3207,3102 3196,3104 3186,3095 3163,3093"/>
                <Baseline points="3173,3128 3201,3130 3229,3131 3257,3131 3286,3131"/>
                <TextEquiv>
                    <Unicode>dadure</Unicode>
                </TextEquiv>
            </TextLine>
            <TextLine id="tr_2_tl_92" custom="readingOrder {index:91;}">
                <Coords points="3171,3173 3191,3173 3195,3177 3198,3173 3203,3177 3212,3173 3239,3173 3248,3180 3278,3175 3278,3134 3246,3134 3237,3140 3216,3141 3205,3138 3198,3141 3191,3134 3171,3134"/>
                <Baseline points="3182,3164 3207,3166 3232,3167 3257,3167 3283,3167"/>
                <TextEquiv>
                    <Unicode>bewäh-</Unicode>
                </TextEquiv>
            </TextLine>
            <TextLine id="tr_2_tl_93" custom="readingOrder {index:92;}">
                <Coords points="1864,3189 3127,3196 3109,3140 1864,3138"/>
                <Baseline points="1874,3176 1936,3175 1999,3173 2062,3176 2125,3176 2188,3176 2251,3176 2313,3176 2376,3176 2439,3176 2502,3176 2565,3177 2628,3179 2691,3179 2753,3181 2816,3182 2879,3182 2942,3182 3005,3182 3068,3182 3131,3179"/>
                <TextEquiv>
                    <Unicode>Theaterdieners, der den Durchfall des Stückes erzählt, zu erwarten</Unicode>
                </TextEquiv>
            </TextLine>
            <TextLine id="tr_2_tl_94" custom="readingOrder {index:93;}">
                <Coords points="3175,3214 3187,3216 3198,3210 3210,3210 3219,3218 3228,3210 3281,3212 3280,3177 3265,3175 3260,3182 3239,3173 3212,3173 3207,3179 3198,3173 3195,3177 3191,3173 3173,3173"/>
                <Baseline points="3185,3203 3210,3205 3235,3206 3260,3206 3286,3206"/>
                <TextEquiv>
                    <Unicode>besond</Unicode>
                </TextEquiv>
            </TextLine>
            <TextLine id="tr_2_tl_95" custom="readingOrder {index:94;}">
                <Coords points="1870,3242 3122,3246 3131,3198 1868,3193"/>
                <Baseline points="1880,3230 1940,3221 2003,3223 2066,3224 2129,3223 2192,3224 2255,3224 2318,3224 2381,3224 2444,3224 2507,3227 2570,3227 2633,3227 2696,3230 2759,3227 2822,3230 2885,3230 2948,3228 3011,3230 3074,3228 3137,3227"/>
                <TextEquiv>
                    <Unicode>gewesen. Hier wurde also die Aufführung, mit rühmlicher Aus¬</Unicode>
                </TextEquiv>
            </TextLine>
            <TextLine id="tr_2_tl_96" custom="readingOrder {index:95;}">
                <Coords points="3163,3253 3179,3251 3187,3255 3200,3248 3205,3253 3219,3248 3228,3255 3242,3250 3281,3250 3281,3212 3258,3210 3234,3216 3226,3210 3219,3218 3210,3210 3200,3209 3193,3216 3163,3218"/>
                <Baseline points="3173,3241 3201,3243 3229,3244 3257,3244 3286,3241"/>
                <TextEquiv>
                    <Unicode>allseiti</Unicode>
                </TextEquiv>
            </TextLine>
            <TextLine id="tr_2_tl_97" custom="readingOrder {index:96;}">
                <Coords points="1861,3280 3132,3294 3102,3235 1861,3244"/>
                <Baseline points="1871,3268 1934,3271 1997,3269 2060,3271 2124,3271 2187,3271 2250,3271 2314,3271 2377,3271 2440,3271 2504,3274 2567,3274 2630,3274 2693,3274 2757,3274 2820,3274 2883,3274 2947,3274 3010,3276 3073,3277 3137,3280"/>
                <TextEquiv>
                    <Unicode>nahme des Hauptdarstellers, der graziösen Plauderei nicht völlig</Unicode>
                </TextEquiv>
            </TextLine>
            <TextLine id="tr_2_tl_98" custom="readingOrder {index:97;}">
                <Coords points="3170,3292 3189,3294 3202,3287 3219,3297 3234,3289 3276,3290 3278,3251 3262,3253 3244,3248 3228,3255 3221,3248 3216,3251 3203,3248 3187,3255 3171,3251"/>
                <Baseline points="3179,3283 3204,3283 3229,3283 3254,3282 3280,3280"/>
                <TextEquiv>
                    <Unicode>geschri</Unicode>
                </TextEquiv>
            </TextLine>
            <TextLine id="tr_2_tl_99" custom="readingOrder {index:98;}">
                <Coords points="3163,3328 3180,3326 3187,3333 3212,3326 3267,3333 3267,3287 3257,3287 3244,3294 3239,3290 3232,3297 3216,3296 3209,3289 3195,3290 3189,3296 3182,3292 3163,3294"/>
                <Baseline points="3173,3319 3205,3319 3238,3319 3271,3319"/>
                <TextEquiv>
                    <Unicode>Band</Unicode>
                </TextEquiv>
            </TextLine>
            <TextLine id="tr_2_tl_100" custom="readingOrder {index:99;}">
                <Coords points="1868,3336 3134,3340 3097,3281 1868,3294"/>
                <Baseline points="1877,3322 1940,3319 2003,3317 2066,3317 2129,3319 2192,3319 2255,3319 2318,3319 2381,3319 2444,3319 2507,3319 2570,3320 2633,3322 2696,3322 2759,3322 2822,3322 2885,3322 2948,3322 3011,3323 3074,3325 3137,3325"/>
                <TextEquiv>
                    <Unicode>gerecht. Um so besser, daß bei dem Hauptstücke des Abends die</Unicode>
                </TextEquiv>
            </TextLine>
            <TextLine id="tr_2_tl_101" custom="readingOrder {index:100;}">
                <Coords points="3168,3370 3184,3368 3195,3372 3207,3363 3216,3361 3223,3367 3228,3361 3251,3379 3267,3368 3278,3368 3280,3324 3264,3329 3246,3324 3223,3331 3210,3326 3189,3333 3180,3326 3171,3326"/>
                <Baseline points="3179,3361 3205,3360 3231,3358 3257,3357 3283,3355"/>
                <TextEquiv>
                    <Unicode>gewan</Unicode>
                </TextEquiv>
            </TextLine>
            <TextLine id="tr_2_tl_102" custom="readingOrder {index:101;}">
                <Coords points="1864,3397 2932,3384 2932,3326 1864,3333"/>
                <Baseline points="1874,3367 1927,3367 1980,3367 2033,3367 2086,3367 2139,3370 2192,3367 2246,3367 2299,3367 2352,3367 2405,3367 2458,3367 2511,3368 2564,3371 2618,3373 2671,3373 2724,3373 2777,3373 2830,3371 2883,3373 2937,3373"/>
                <TextEquiv>
                    <Unicode>Aufführung der Bedeutung des Werkes so gut entsprach.</Unicode>
                </TextEquiv>
            </TextLine>
            <TextLine id="tr_2_tl_103" custom="readingOrder {index:102;}">
                <Coords points="3171,3400 3184,3400 3191,3407 3205,3402 3219,3413 3228,3404 3237,3406 3253,3397 3271,3409 3281,3409 3281,3370 3267,3368 3251,3379 3228,3361 3221,3367 3218,3363 3205,3363 3193,3372 3171,3368"/>
                <Baseline points="3182,3397 3208,3395 3234,3397 3260,3396 3286,3394"/>
                <TextEquiv>
                    <Unicode>und zu</Unicode>
                </TextEquiv>
            </TextLine>
            <TextLine id="tr_2_tl_104" custom="readingOrder {index:103;}">
                <Coords points="3171,3436 3209,3439 3216,3434 3228,3439 3241,3438 3244,3434 3267,3443 3281,3443 3281,3409 3271,3409 3257,3397 3248,3397 3225,3414 3216,3413 3207,3404 3196,3409 3171,3406"/>
                <Baseline points="3182,3433 3208,3433 3234,3433 3260,3433 3286,3433"/>
                <TextEquiv>
                    <Unicode>er Le</Unicode>
                </TextEquiv>
            </TextLine>
            <TextLine id="tr_2_tl_105" custom="readingOrder {index:104;}">
                <Coords points="3170,3484 3179,3484 3184,3478 3198,3478 3205,3484 3218,3484 3221,3480 3235,3484 3241,3478 3264,3496 3278,3496 3278,3441 3267,3443 3241,3432 3170,3441"/>
                <Baseline points="3179,3471 3205,3471 3231,3471 3257,3471 3283,3471"/>
                <TextEquiv>
                    <Unicode>Watte</Unicode>
                </TextEquiv>
            </TextLine>
            <TextLine id="tr_2_tl_106" custom="readingOrder {index:105;}">
                <Coords points="3157,3535 3191,3528 3214,3548 3228,3548 3232,3542 3248,3551 3265,3551 3262,3487 3251,3489 3241,3478 3226,3484 3200,3480 3186,3496 3156,3494"/>
                <Baseline points="3167,3513 3192,3513 3217,3513 3242,3515 3268,3519"/>
                <TextEquiv>
                    <Unicode>rag</Unicode>
                </TextEquiv>
            </TextLine>
            <TextEquiv>
                <Unicode></Unicode>
            </TextEquiv>
        </TextRegion>
    </Page>
</PcGts>
