3436 4256
132 181 213 269 8.
271 174 647 255 Freiwild
823 174 1222 267 box 14/2
2380 714 2568 800 Senden
1168 725 2346 818 die das Schmierenleben kennzeichnen, alle seine Menschen auf den
2380 786 2577 848 Ellfeld der
1168 795 2346 864 einen Duellpunkt hin in ihren Aeußerungen zugeschnitten sind. Den
2383 828 2577 897 Koppel-Ell
1177 848 2351 911 Bedenklichkeiten des Thesenstückes vermochte auch er nicht zu entgehen.
1177 881 2580 957 Wie schmächtig und inhaltsleer stehen seine Gestalten vor uns — keine dies zur
2387 923 2571 980 daß Herr
1177 929 2351 997 einzige, deren Seele uns bewegt und näher tritt: Kulissengeschöpfe,
2395 964 2573 1039 Leistungen
1177 974 2346 1038 die wir vergessen, sobald das Rampenlicht erloschen ist. Arthur
1175 1013 2351 1071 Schnitzler hat einmal in einem kleinen Kreise aufstrebender Künstler
1175 1061 2351 1136 die Zukunft der modernen Bühne dahin erörterte, daß für die große
1180 1103 2355 1175 Menge der Cirkus oder die Alfresco=Kunst, für die feineren
2476 1129 2571 1215 Dr.
1184 1157 2358 1224 Geister das intime Theater sich ergeben würde. Darunter wollte
1180 1185 2541 1261 er jene letzte Kunst verstanden wissen, die nur dem verwöhnten, bracht.
2392 1240 2584 1300 Musikprod
1184 1236 2360 1301 Geschmack zugänglich ist. In einem kleinen, zu diesem Zweck besonders
1180 1280 2355 1344 dekorirten Raume, wo weder die Nüance des Wortes, noch der Miene
2392 1284 2589 1345 Richard
2404 1333 2582 1388 gerückt we
1180 1328 2358 1391 verloren gehen würde, sollten Dichtungen zur Darstellung gelangen,
2404 1374 2555 1430 Studien
1187 1367 2367 1437 deren reiner, durchgeistigter Gehalt alles Theatralische auszuschließen
2390 1416 2577 1477 Eindrücke
1187 1416 2364 1474 hätte. Ich fürchte, er ist von solchem Kunst=Ideal weiter denn je ent¬
2401 1463 2589 1516 haltigkeit
1155 1456 2362 1537 fernt, heute wo er sich nicht scheut, sein Drama mit einem Revolver¬
2401 1504 2599 1562 Produktion
1187 1495 2369 1572 schuß zu enden. Der Schuß auf der Bühne! Ueber eine so fatale
2399 1549 2582 1606 als dem
1189 1541 2362 1602 Geschmackwidrigkeit müßte ein Autor seines Ranges hinaus sein
2408 1586 2577 1648 Männer,
1189 1592 2373 1653 Wenn ich Schnitzlers Drama zu den Werken zähle, denen nur ein
1187 1630 2598 1690 kurzes Saison-Dasein beschieden ist, so bin ich mir gleichwohl bewußt, demselben
2411 1680 2596 1738 führen kön¬
1196 1685 2383 1743 daß sich in seinem Drama eine ganze Menge seiner Züge finden. Ja,
1192 1722 2592 1797 der erste Aufzug in seiner intimen Milieu-Zeichnung versöhnt einiger¬
2409 1766 2568 1822 geliefert,
1187 1766 2376 1826 maßen mit dem theatralischen Aufgebot der folgenden Akte. Das
2420 1808 2578 1875 in Aeuße¬
1196 1806 2376 1871 Stück wurde im Deutschen Theater so meisterhaft gespielt, daß ein
1192 1836 2594 1924 naiver Zuschauer über die innere Leere hinweggetäuscht werden konnte, teilen.
2404 1892 2573 1952 und uns
1191 1894 2371 1961 Wie würde wohl das Schicksal dieses Stückes oder der „Morituri
2408 1943 2592 2007 begnadete
1201 1938 2376 2012 sich gestaltet haben, wenn sie zum Beispiel im Theater des Westens
2494 1986 2571 2040 Es
1191 1982 2176 2052 oder im Lessing=Theater zur Aufführung gelangt wären?
2408 2017 2601 2086 unseres
1277 2005 2376 2103 Die Herrn Rittner, Müller und Fischer standen im Vordertreffen
2409 2072 2610 2128 will die
1249 2084 2376 2142 während Herr Sauer nicht aus mangelndem Können, sondern
2415 2110 2591 2176 das Gefe
1205 2110 2376 2184 seiner norddeutschen Art gemäß aus seiner Rolle herausfiel. Er
2422 2158 2596 2216 Werken
1205 2163 2385 2235 spielte einen verlumpten norddeutschen Junker, während Schnitzler
2417 2205 2591 2267 Tag ist
1198 2209 2385 2279 einen jener Leutnants-Typen seiner österreichischen Heimat gezeichnet
1207 2249 2582 2325 hat, deren wildes, rassengekreuztes Blut sie zu den verwegensten ist etwas
1207 2290 2555 2358 Streichen hinreißt. Diese Gestalten enthalten einen Zug tiefer Tragik worden
1201 2332 2577 2402 und sind vielleicht nicht ganz so unsympathisch, wie Herr Sauer an¬ will. W
2424 2381 2585 2439 Eigenart
1205 2374 2390 2441 nimmt. Irre ich hierin nicht, so wäre am Ende die Tragödie
1207 2422 2571 2485 tragischer ausgefallen, wenn der Dichter den Leutnant zur centralen artiges
2420 2469 2584 2527 Rassinen
1214 2489 1945 2545 Gestalt seines Dramas genommen hätte. —
1289 2485 2582 2575 Einige Wochen vorher wurde im Schiller-Theater das Duelle Orchester
1217 2555 2571 2624 Drama Otto Erich Hartlebens aufgeführt; Gründe äußerer Natur daß mi
2422 2599 2584 2659 Platthei¬
1217 2601 2395 2672 verhinderten eine Besprechung. Ich möchte heute wenigstens mit ein
2429 2645 2582 2701 triviale
1214 2650 2392 2716 paar Sätzen auf das Werk zurückkommen. Im Wesentlichen gilt für
2429 2689 2554 2761 kommt
1217 2689 2399 2754 Hartleben das nämliche, was über Schnitzler gesagt worden ist.
1217 2733 2397 2800 Müßte man Hartlebens litterarische Position nach dem „Ehren¬
2438 2767 2582 2833 sympho¬
1210 2770 2397 2846 wort entscheiden, es wäre damit traurig bestellt. Es ist künstlerisch
1210 2816 2564 2884 wohl das Schwächste, was er der Oeffentlichkeit übergeben hat — machen
2429 2863 2577 2925 musikali
1214 2863 2392 2935 aber wer soviel Vortreffliches wie er geleistet hat, besitzt genug Humor,
2434 2907 2573 2967 Hofthea
1210 2912 2399 2979 um eine aufrichtige Meinung hören zu können. Auch bei Hartleben
2436 2951 2571 3009 Mit
1219 2949 2401 3016 ist es ein Maler, der gegen das Duell wettert. Aber Hartlebens
2434 2997 2577 3050 bekannt
1222 2997 2395 3071 Held ist weniger eigensinnig, als der Schnitzlersche; was er mehrer
2434 3037 2557 3092 Schon
1219 3036 2392 3113 Akte hindurch treuherzig und mit den bekannten Redensarten ver¬
2434 3083 2577 3146 brüstige
1222 3078 2401 3157 fochten, giebt er letzten Endes auf. Der Effekt ist ein zerschossener Arm
1228 3127 2401 3201 und ein herbeidepeschirter Arzt. Der zerschossene Arm hat romantische
2432 3160 2573 3229 doch n.
1226 3168 2395 3234 Fieber=Phantasien zur Folge, während jener Arzt, der ein Jugend¬
2434 3217 2571 3271 aus se¬
1222 3217 2383 3282 freund des Malers ist, das gegebene Wort als nichtig anerkennt¬
2445 3261 2541 3319 seiner
1222 3250 2406 3328 und bricht. Wäre dieser gute Mann früher gekommen, das Drama
2443 3305 2543 3357 werk¬
1224 3301 2397 3387 hätte ein paar Akte weniger. Hartlebens Ruhm würde dadurch nicht
2441 3331 2575 3403 enttäuf¬
1228 3347 2409 3423 geringer — und die deutsche Litteratur nicht ärmer. Wenn dem
2446 3393 2577 3445 sonders
1231 3398 2409 3463 Stücke ein Litteraturwert trotz des vielgerühmten Dialoges nicht zu¬
1228 3426 2582 3512 gesprochen werden kann, so besitzt es doch einige theatralische Szenen wie He
1289 3477 2577 3542 und vergleicht man es mit dem, was sonst auf unseren Bühnen Verein¬
1231 3528 2582 3593 gespielt wird, so muß dem Schiller-Theater die Aufführung als ein ein Un
2439 3567 2573 3623 auf da
1228 3570 2408 3635 besonderes Verdienst angerechnet werden. Vielleicht findet die Leitung
2441 3607 2573 3665 meinen
1228 3620 2409 3697 jetzt den Mut, Hartlebens „Hanna Jagert" auf den Spielplan zu setzen.
2443 3655 2578 3714 wiegen
1312 3653 2411 3716 Die Aufführung war recht anständig, ja soweit das männliche
2455 3699 2559 3757 Seele
1233 3702 2413 3778 Geschlecht in Betracht kommt, über Erwarten gut Sehr böse und
1235 3730 2577 3806 verstimmend wirkte Fräulein Detschi, deren gespreizte Provinzmanieren ein we
1243 3799 2241 3883 denn doch der Regie zu ernster Kritik Anlaß geben sollten.
2455 3860 2573 3931 E. N.
1319 3848 2422 3947 „Die goldene Eva“ nennen die Herren Schönthan und
1235 3918 2577 3994 Koppel-Eilfeld ihr neuestes Bühnenkind, dessen Bekanntschaft durch eine
1243 3962 2582 4033 das Lessing=Theater vermittelt wurde. Soviel mir von dem was
2114 4006 2571 4079 nen
