3436 4448
409 131 732 233 reiwild
212 140 347 212 8.
901 140 1303 235 box 14/3
1151 713 3043 799 Hin= und Radfahrt sowie zum einmaligen freien Besuche deportirt und 200 verhaftet. — In Folge eine
188 756 1108 849 on gesprochen, bereits wieder vollständig ver
1148 775 3055 839 der Kunst= und Gartenbau=Ausstellung. Der Preis der vom General Polavieja erlassenen Aufrufes haben
193 823 376 877 gessen hat.
1141 827 2782 877 selben beträgt einschließlich der Stempelgebühr 45 Lire sich 2000 Aufständische unterworfen.
245 906 1110 951 Arthur Schnitzler hat schon in der Liebelei
1153 901 2090 977 die „fixe Idee" seines Gegners von Ehre nicht — und
2123 875 3053 958 Weise, daß er mehr als bloße Illusion bot. Kö=
197 939 2092 987 gezeigt, welch ernste Gedanken er durch Bilder aus er bleibt bei seinem „Nein" gegenüber den herzlichen
2121 949 3050 994 lich war Herr Klein=Rhoden als gigelhafter
204 984 1117 1032 unser modernen Sitten= und Gesellschaftsleben wach¬
1148 987 2090 1039 Bitten des Offiziers, der nun zu Ende ist und mit
2123 987 3050 1048 Freund, sehr gut wieder Herr Sick als Arzt Wellner
197 1025 2078 1072 rufen versteht. „So weit kommts"; das ist einer bedeutungsvollen Warnung scheidet; denn er weiß
2121 1027 3050 1075 Die „Schmiere ward unübertrefflich von ihrem Direktor
202 1060 1115 1115 das urige und doch wieder klärende Ergebniß dieser
1153 1065 2085 1110 welches Blut in dem Kameraden fließt, und was der
2121 1065 3060 1108 Herrn Max Neumann repräsentirt und sein „Per¬
193 1096 1120 1160 rusten Gedanken. „Freiwild“ ist nach dieser
2123 1103 3053 1155 sonal", die Damen Hebbel und Nebauer, die
1153 1098 2083 1148 Zwang der Ehre gebietet. Wohin sich Roenning
197 1134 1122 1205 Richtung hin ein bedeutsames Werk. Was
2123 1144 3053 1196 Herren Sieder (besonders dieser!), Klinger,
1148 1139 2085 1189 wenden wird, überall folgt ihm der seine Ehre ver¬
202 1179 1122 1227 wiederspiegelt? Eine „einfache Geschichte. Da ist
2118 1182 3055 1227 Martini und Rippert war in jedem Einzelnen
1153 1179 2085 1224 lierende Offizier: und im Café-Garten — eben will
195 1217 1113 1262 kleinerer Stadt bei Wien ein flottes Offizierkorps
2121 1224 3053 1270 mustergiltig. Herr Naumann hat gezeigt, daß es nicht
1158 1215 2083 1265 das liebende Paar sich zur Abreise rüsten — erfolgt die
195 1258 1125 1305 untermischt mit leichtlebigem und ernstem Element, in
1153 1253 2090 1298 Begegnung. Noch eine Aufforderung von Seiten des
2121 1262 3060 1315 genügt, Kräfte zu engagiren: sie zu leiten und zu lenken
202 1293 1120 1339 seinen Reihen ein schneidiger, dem Spiele und der Liebe
2123 1298 2482 1355 ist die größere Kunst
1151 1298 2087 1341 Offiziers: Roenning, wollen Sie sich mit mir schlagen?
202 1339 1120 1381 huldigender Oberlieutenant, mit hartem Kopf in all
2202 1334 3055 1386 Leute verschiedenster Anschauung begegneten sich
1148 1336 2090 1379 Und ein hartes „Nein" vom Gegner. Da kracht ein
193 1374 2085 1417 seinen Wünschen, von seiner Ehre Alles, vom Weibe Schuß. Roenning ist todt. Anna aber, die in die
2128 1365 3053 1419 im Beifalle. Was wir zu tadeln hätten, wäre nur
2121 1417 3050 1465 Eines: daß unsere Verhältnisse, unsere Zeitmoral
193 1412 2057 1462 besonders dem der Bühne in allen Gestalten, nichts Welt ziehen soll, hat nur eine — eine erschütternde
204 1457 1117 1500 halten; da ist ein junges, in Ehrbarkeit erzogenes
2121 1455 3053 1500 unsere Zeitzustände solche Episoden gebären, wie hier
1158 1455 1441 1507 Frage: „Wohl
195 1493 1115 1543 Mädchen, das um des Brodes willen zur Bühne ging
2128 1500 3060 1560 uns eine geschildert wird, daß ein solches Vernichtungs¬
1224 1469 2090 1538 Das nur in groben Strichen der Thatbestand
188 1522 1125 1574 und zu einer sommerlichen „Schmiere jene nied¬
2121 1533 2991 1602 urtheil geschrieben werden konnte und mußte.
1153 1522 2083 1576 des Stückes, das überreich ist an Charakteren
207 1569 1122 1619 ge Theaterlust athmen soll, die ihre Selbstachtung
1153 1569 2083 1617 und durchaus wahr in jedem kleinsten Zuge aus dem
197 1607 1115 1655 gefährdet; sie ist besser wie die Andern
1148 1607 2085 1657 modernen Leben, niemals abstoßend durch absichtliche
193 1648 1122 1698 no darum wird sie verhöhnt, gehetzt,
1153 1650 2083 1688 Schlüpftigkeiten, das aus dem Kreise des Offizier¬
2387 1621 2784 1724 Vermischtes.
266 1686 2095 1738 „unbrauchbar für die Anziehungskraft des standes wie aus jenem des Bürgerthums die
2209 1679 3062 1755 Das National=Gelübde in Frankreich. In
193 1717 1117 1774 Theaters entlassen, falls sie, die der Kriti¬
1148 1724 2085 1771 verschiedenwerthigsten Elemente vorführt und Licht und
2123 1740 3055 1800 Wiederholung des Gedankens, dem die Sühne¬
197 1764 1122 1814 gefiel, nicht mit der halben Gage oder der
1151 1766 2080 1814 Schatten richtig vertheilt. Bürgerthum, Soldatenthun
2123 1790 3065 1840 Kapelle für die Hinrichtung Ludwigs XVI. in
197 1809 1683 1857 Freundschaft des „Direktors“ sich begnügen will; da und — eine köstliche Einlage
1755 1805 2068 1859 „Schmierenthum
2133 1828 3057 1881 Paris ihre Entstehung verdankt, hat das katholische
233 1845 2090 1890 auch ein achtbarer Mann aus dem reichen Bürger mit ihren recht verschiedenen Ehrencodices greifen
2121 1881 3057 1928 Frankreich zur Sühne für neuere Frevel auf Grund
193 1881 1110 1945 tande, der das verlorene, verwaiste Mädchen im elter
1153 1885 2083 1954 ineinander und illustriren unsere Zeit mit verblüffenden
195 1926 1120 1969 lichen Hause einst kennen lernte und nun ohne jede
2123 1921 3055 1973 eines „National=Gelübdes" vom Jahre 1872 die
1148 1919 1329 1985 Wahrheit.
195 1959 1113 2007 Nebenabsicht, aber mit warmer Theilnahme ihren Flug
1227 1935 2092 2011 Nach Tagen eines närrischen Zustandes, unwürdig
2121 1959 3057 2014 Basilika auf dem Montmatre im nördlichen
188 1999 1125 2052 ins Leben verfolgt. Dieses reine Mädchen glaubt der
1158 1990 2085 2047 einer Bühne, die der Kunst und nicht dem Sinnen¬
2128 2007 3065 2059 Paris erbaut. Am 17. Januar sind seit dem Ge¬
193 2040 1117 2087 zier mürbe zu machen, dieses will er zum Spiel¬
1148 2042 2090 2083 rausch der Karnevalsorgien dienen soll, hat gestern das
2121 2049 3072 2106 lübde 25 Jahre verflossen und nun ladet der
188 2080 2090 2128 zeuge wie so viele anderen — und hier prallter Deutsche Theater einen in seiner Geschichte beispiel¬
2123 2092 3065 2147 Kardinal=Erzbischof von Paris die französischen
195 2106 1120 2164 b. Und den in einem Cafegarten anwesenden, über
1148 2118 2085 2161 losen Erfolg gehabt. Das Stück und die ganz
2133 2142 3062 2192 Katholiken zur Erneuerung desselben ein. Es ist
188 2156 2087 2218 eine verdemüthigte Wiederkehr von der verschlossenen Thür vorzügliche Aufführung wurden mehrmals mit nicht
2121 2180 3060 2235 hier nicht der Ort, die stilistische Form zu beur¬
195 2199 1120 2244 der Künstlerin lächelnden Freund des Mädchens fordert er
1153 2192 2085 2244 endenwollendem Beifall aufgenommen. In der Auf¬
2118 2223 3055 2280 theilen, in welcher das Gelübde durch die Mont¬
193 2237 1113 2287 mit heftigem Wort heraus und nennt das um ihr
1153 2230 2090 2280 führung offenbarte sich eine gefestigte Kunstanschauung.
1153 2271 3055 2318 Wir fühlten Herrn Victor Naumanns Verständniß martre Kirche gelöst wurde — die Urtheile darüber
188 2273 1120 2318 tliche Achtung kämpfende Weib mit einem gemeinen
188 2313 1125 2363 Namen. Da wird der erregte Civilist thätlich — und
1158 2313 2085 2363 heraus. Die Regie des Herrn Stolberg funktionirte
2123 2316 3055 2368 sind sehr verschieden —, es kommt nur darauf an,
1151 2351 2090 2399 wie am Schnürchen. Von den Darstellern erregte in
188 2349 1115 2404 die Katastrophe ist gegeben. Es kommt zur Forderung
2133 2356 3053 2413 festzustellen, daß eine neue große katholische Kund¬
1151 2394 2083 2435 der Rolle der Anna als Dedutantin Fräulein Anna
193 2397 1117 2446 der Civilist nimmt sie nicht an, er will die Züchtig¬
2123 2401 3053 2454 gebung in einem Theile des Seinebabels stattfindet,
1148 2430 2085 2477 Behrens besonderes Interesse. Die Dame bring
193 2435 1117 2477 ung, die er einem solchen Schänder weiblicher Ehr¬
2121 2446 3057 2501 da seine Bevölkerung noch mit zu den gottentfremdetsten
1148 2470 2080 2520 von Leipzig und Kassel Routine mit, die nie versagt
188 2470 1115 2525 angethan, das bleiben lassen, was sie ist. Und Anna
2128 2496 3067 2544 gehört. Nach Departements und durch Gruppen
1148 2511 2085 2575 Aber sie ist auch eine ganze Künstlerin, sie hat Seele.
181 2508 1120 2568 die Schauspielerin, kann seiner Liebe ihre Liebe
2121 2527 3060 2580 der verschiedenen Stände will man am 17. d. das
1158 2549 2090 2591 Ein starkes Talent, eine bescheidene Künstlerin. Sie
188 2546 1115 2615 nimmer verbergen. Sie thut Alles, um ein Duell zu
2121 2575 3053 2625 katholische Frankreich auf dem Montmatre vertreten
1153 2584 2085 2632 spielte vortrefflich. Herr Schmidt-Häßler als der
183 2589 1122 2634 vermeiden. Sie will mit dem Geliebten fort als seine
2121 2618 3062 2670 lassen; an diesem Tage liest der Kardinal=Erzbischof
181 2620 2092 2684 Braut — zum Leidwesen der Schmiere, für die sie jetzt kritische Held des Stückes, als Oberlieutenant
2128 2660 3065 2717 eine Messe, verbunden mit feierlichen, natürlich, da
1151 2665 2083 2713 Karinski, war wieder ganz an seinem Platze. Man
183 2665 1120 2720 eine „Zugkraft wäre... Beide wollen fort. Doch
1158 2703 2078 2751 lernte ihn von einer neuen Seite kennen. Und einer
183 2706 1120 2753 nun beginnt die Hetze gegen Paul Roenning — der
2121 2703 3057 2758 wir in Frankreich sind, absolut inoffiziellen Gebeten,
1153 2746 2083 2796 sehr glücklichen Abend hatte Herr von Lenor, der
188 2746 1125 2791 Civilist wird zum Freiwild. Allen Vorstellungen zum
2130 2748 3055 2808 für den Wiederzusammentritt der Kammern. Nach¬
181 2784 2083 2829 Trotze, nichtachtend die ergreifenden Darlegungen des nicht nur prächtig spielte, der überzeugte: ein
2116 2786 3055 2851 mittags findet dann um halb 3 Uhr in der
1158 2817 2083 2867 Offizier von Ehre, Gefühl, Herz. Und flott und fein
176 2822 1115 2879 als Kartellträger fungirenden, endlich als Mensch zun
2121 2834 3057 2903 genannten Kirche die Erneuerung des National¬
1158 2860 2083 2915 gab Herr Kirsch den Husarenlieutenant: für solche
181 2867 1115 2912 Menschen redenden und die Ehrenfrage zur Daseins¬
2128 2886 2404 2950 Gelübdes statt.
181 2898 2083 2958 frage erhebenden Offiziers Rohnstedt, verweigert Rollen ist er geschaffen mit Gestalt, Spiel und Organ
2204 2905 3057 2974 Englisch als Weltsprache. Der Londoner
1153 2936 2078 2986 Die bedeutungsvolle Gestalt des Paul Roennin
183 2946 1115 2989 Rönning auch selbst die Schein=Satisfaktion
2123 2967 3062 3043 Professor Mahaffy plaidirt in der letzten Nummer
181 2977 2092 3038 Er will keine Komödie, ihn kümmert die Existenz und verkörperte Herr Pablau in einer so vollendeten
