3436 4448
213 141 744 238 8. Freiwild
917 152 1328 245 box 14/3
2910 957 3079 1022 wegen
2556 946 2859 1014 -
199 960 632 1029 Die verschärfte Controle
718 964 3079 1047 Hof= und Personalnachrichten. Die Sonnabend Abend beim gipfeln. Der Vorstand nahm ferner Kenntniß von dem Inhalt des
199 1025 3076 1090 ird, an der Spitze der Kaiserpaar stattgehabte große musikalische Abendunter-Gesetzentwurfs über die Abänderung der Unfallversicherungsgesetze,
195 1072 3076 1134 zu und tadelloser Ver=haltung nahm einen glänzenden Verlauf. Es waren gegen 340 Ein= von den Ausführungsbestimmungen zur Gewerbenovelle und von den
650 1170 3076 1249 Man macht die Bekanntschaft mit Badegatten, bestehend aus Officieren von den Herren Schady und Höfer dargestellt, verhüten weiter¬
646 1231 2014 1278 und Civilisten, die einen ganz friedlichen Verkehr mit einander pflegen. Excesse.
199 1209 379 1310 schaft.
653 1264 1848 1307 Die Officiere sind bis auf einen, nämlich den erwähnten Karinski
1942 1245 3079 1314 Und die Folge? Sehr einfach: Karinski, der Geprügelte, will
650 1303 3072 1357 recht angenehme und harmlose Leute. (Der Oberlieutenant Karinski seine Ehre wieder herstellen. Er fordert den Maler. Der Maler
195 1328 1852 1386 mber. Zum ersten Male: wurde von Herrn Kühns nicht so gespielt, wie es die Rolle erfordert.
1877 1347 3065 1397 sagt: „Ich habe meine Genugthuung. Ich habe einen Buben ge¬
199 1383 3068 1433 hnitzler. Regie: Herr Karinski ist ein Mensch, der den nahen Ruin vor sich sieht; der zuchtigt." Er weist auch ein Scheinduell, das man ihm anbietet
650 1419 3072 1473 das Leben genießen will, so lange es überhaupt noch geht; der sein entrüstet zurück, da er nicht Comödie spielen will. Aber noch eine Folge
184 1433 621 1513 Stück mit großem Beifall
650 1458 3076 1505 Ende entweder im Duell oder im Selbstmord sucht. Er ist ein hat jener unliebsame Vorfall: Der Maler und die Naive
220 1502 625 1549 es bei seiner Erstauf
650 1495 3083 1545 verzweifelter Lebemann; ein Trinker, Spieler und Weiberheld. Und werden ein Paar. Was kümmert es den Maler, ob sich Alles
184 1538 3076 1581 rtiger Applaus wie bei als wuster Mädchenjäger hat er auch sein Auge auf die Naive des von ihm, dem Ehrlosen, der die Satisfaction verweigert hat,
199 1570 628 1628 obetheater gehört worden
653 1578 3068 1621 Sommertheaters, Anna Redel heißt sie, geworfen, die von Fräulein zurückzieht? Was kümmert es ihn, daß man ihn feig nennt? En
199 1610 3083 1661 cke: Sie machen auf das Niedt bis auf kleine Ausnahmen gut gespielt wurde. Die Naive zeigt, daß er nicht feig ist. Als man ihm rathet, er soll, so rasch als
191 1653 3087 1704 anche, die einen größeren aber ist auch in Wirklichkeit recht naiv. Sie kann nicht begreifen, möglich, das Bad verlassen, da Karinski ihm nachstelle, da bleibt er.
202 1689 3079 1740 ist dies Stück entschieden, daß im Theaterleben die Kunst oft Nebensache ist; daß eine junge Und Karinski, der Verzweifelte, der Gezüchtigte, sucht solange sein
199 1729 3083 1794 Officier und einem Civi=Schauspielerin weniger durch ihre Kunst als durch ihre Person Wild auf, bis er es findet. Er stößt im Garten des Sommer¬
195 1758 1852 1812 ficiere und der Civilisten Publikum — natürlich nur feine, reiche Herren — anziehen kann
1874 1773 2993 1823 theaters auf den Maler und schießt ihn wie einen Hund nieder.
195 1801 1852 1848 den allein schon genügen, und so. Den Luxus, nur durch ihre Kunst auf das Publikum ein
1946 1798 3083 1859 Das Stück wurde, wie erwähnt, mit großem Beifall aufgenommen.
195 1841 1852 1888 sichern. Nun kommt dem zuwirken, darf sich, wie der Herr Director des Sommertheater¬
1874 1852 3079 1895 Charakteristisch ist es, daß das Publikum, als der Maler dem
184 1866 3079 1939 nämlich jene unglückselige (Herr Steinrück) die Naive belehrt, nur eine Hofschauspielerin ge¬ Karinski einen Faustschlag ins Gesicht versetzte, laut „Bravo" rie¬
191 1917 639 1971 ficier und einem Civilisten
664 1924 2397 1967 statten. Da ist die fesche Soubrette Pepi Fischer, prächtig und und minutenlang applaudirte
199 1953 1848 2007 fiel. Die Gemüther sind humorvoll von Fräulein Jurberg dargestellt, ein ganz andere
1946 1946 3090 2011 Es ist wahr, derartige Officiere, wie den Karinski, giebt es auch
195 1978 3083 2047 ein Stück, in welchem ein Mädel! Die ist eine Zugkraft ersten Ranges, obwohl sie einen bei uns. Ueberall giebt es solche verzweifelte Menschen. Aber es
191 2032 1848 2101 rt wird, ohne demonstra¬ Bräutigam am Theater hat, den melancholischen Komike
1874 2043 3087 2090 sei zur Ehre der österreichische und der deutschen Officiere nach¬
661 2076 1848 2119 Enderle (Herr Kunstadt). Die ist immer fidel. Auch die zweit
1874 2079 3097 2126 gesagt: Es giebt nur wenig, sehr wenige Karinskis, die meisten
184 2101 1848 2173 gebahren gewisser Officiere, Liebhaberin Käthchen Schätz, sehr gut von Frl. Rolf gespielt, ver
1874 2115 3083 2188 greichen den Officieren Rohnstedt und Vogel in dem Stücke
245 2152 1852 2213 Front machen? Der steht die Kunst. Sie hält es sogar mit dem Herrn Director. Doch
1946 2155 3079 2206 Rohnstedt ist ein ehrenhafter Mann vom Scheitel bis zur Zehe.
188 2188 635 2249 diese Absicht hinweisen
661 2191 3076 2245 wen geht das etwas an? Das kommt überall vor. Unsere Schau=Er ist Charakter= und Gemüthsmensch. Er ist besonnen und klug
668 2227 1848 2278 spielerinnen sind durchschnittlich ja leider so gestellt, daß sie von ihre
238 2227 643 2285 Autor schildert und
1877 2235 3076 2296 Vogel ist ein harmloser Kamerad, der die Gemüthlichkeit und Fröhlich¬
184 2267 2040 2321 ne Gott sei Dank in der geringen Gaze kaum ihre Garderobe bezahlen können. Der Herr keit liebt
220 2303 1859 2357 so häufig antreffen. Director hat Recht: „Bin ich denn dazu da, meine Schauspielerinnen
1949 2296 3087 2357 Vor diesem Schauspiel wurde die Plauderei in einem Acte
188 2336 1863 2401 en, wie der Karinski im zu ernähren?“ Aber die Raive ist nun einmal so naiv und kann
1877 2343 3083 2408 „Opus I" von Paul Linsemann gegeben. Die Regie war ebenfalls
188 2386 1856 2437 und im Grunde genommen es nicht begreifen, daß man am Theater nicht blos Künstlerin sei¬
1881 2393 3087 2440 in den Händen des Herrn Niedt. In diesem gefälligen, unterhalten¬
188 2426 1848 2469 scheinen mag, nicht zu ver= darf. Sie haßt den Karinski, der ihr nachstellt. Sie haßt de
1874 2437 3087 2484 den Stuck konnte Herr Botz als Georg sein ganzes, reiches Talent
253 2466 3072 2509 Dafür erhalt er von Director, der ihr seine Lebensweisheit octroyiren will. Im Stillen entfalten. Diese Rolle war, wenn wir uns trivial ausdrücken wollen
664 2498 1852 2545 liebt sie den reichen Maler Paul Rönning. Herr Botz fand sich mi
195 2491 643 2563 Ohrfeige. Daß Karinsk
1884 2513 3083 2570 für Herrn Botz wie geschaffen. Frl. Hohenau (Clara) ist als
184 2541 1852 2592 miere agiren, beleidigt, ist der Rolle des Malers ziemlich gut ab. Nur im zweiten Acte ward er zu
1877 2556 2451 2617 treffliche Partnerin zu erwahnen
184 2578 1852 2624 oh nennen. Daß aber ein theatralisch. Er legte da nicht die Natürlichkeit an den Tag, die wie
1949 2574 3068 2632 Das kleine Stück fand ungetheilten Beifall, den es auch verdiente
180 2599 3072 2675 läutigam, noch der Bruder, bei ihm bisher so sehr loben mußten. Im Stillen liebt auch der Es soll ja nur eine harmlose Plauderei sein. Und das ist es. E¬
180 2664 3083 2722 dem Officier eine Obreige Maler die Schauspielerin. Und es trifft sich, daß er mit unterhält für den Augenblick und wird sofort vergessen, sobald der
184 2689 1852 2751 huldigen. Wo käme man dem Oberlieutenant Karinski zusammenkommt; daß Karinsk
1874 2708 2249 2772 Vorhang gefallen ist.
206 2736 1852 2794 derartiges Gebahren zur der Naiven Uebeles nachsagt. Da regt sich in dem Maler de
1946 2729 3079 2794 Zum Schlusse heben wir die vortreffliche Regie des Herrn Nied
664 2772 1852 2830 Zorn. „Bube!" ruft er und schlägt den Officier ins Gesicht. Die
1877 2783 3083 2845 in beiden Stücken hervor. Alles klappte. Nur die Soufleuse sprach
668 2812 1856 2859 Freunde des Malers, ein Arzt (Herr Bayrhammer) und ein
180 2794 527 2870 halt des Stückes ein.
1877 2819 3022 2884 etwas zu laut. Das verleidet dem Publikum den Genuß. M.
180 2848 1856 2899 und zwar in einem kleinen Wiener Windbeutel (Herr Marx), und die Freunde des Officiers
180 2895 1884 2960 des Sommertheaters kennen, der Oberlieutenant Rohnstedt und der Lieutenant Vogel, ausgezeichnet
