3484 4320
880 191 1289 290 box 14/4
180 177 467 274 8. Fre
352 191 681 302 wil-
481 1268 1263 1357 Dr. Max Goldschmidt
553 1364 1181 1461 * * * Bureau für
631 1432 1113 1523 Zeitungsausschnitte
392 1514 1354 1566 verbunden mit direktem Nachrichtendienst durch
621 1556 1113 1634 eigene Korrespondenten.
924 1616 1297 1690 Telephon: III, 3051.
431 1610 758 1692 Berlin N. 24.
666 1725 1068 1826 Ausschnitt aus
482 1908 982 2029 Frankfurter Zeitung
605 2147 929 2314 .
679 2285 1447 2375 Pantschreibt uns aus Nürnberg vom
392 2338 1444 2417 7. ds.: Im Inten Theater lernte man gestern Arthur
392 2405 1444 2459 Schnitzler 3 Antiduell=Drama „Freiwild kennen. Die
395 2447 1448 2496 überaus freundliche Aufnahme lieferte den Beweis, wie sehr ein
395 2482 1447 2533 aktueller Stoff das Publikum verführt, sich über die Dürftigkeit
395 2518 1447 2570 der Handlung, die Schwäche des Aufbaus und Verzeichnungen im
403 2566 1442 2613 Episodischen hinwegzusetzen. Die Direktion des Theaters
395 2596 1450 2643 an der Wien in Wien schreibt zwei Preise von 3000 und 2000
394 2642 1450 2687 Kronen für Operettenlibretti aus. Zugelassen werden
403 2676 1455 2726 nur dreiaktige und Operetten in zwei Akten und einem
402 2725 1446 2769 Vorspiel, die noch an keinem Theater eingereicht worden
406 2752 1455 2819 sind. Die Stücke sind bis zum 1. September einzureichen,
402 2793 1214 2872 die Preisverteilung erfolgt am 1. Januar.
403 2839 664 2897 sandt.
2200 520 2786 631 en la
2179 594 2829 752 EREN
1991 706 3089 837 I. österr. behördl. konz. Bureau für Zeitungsberichte u. Personalnachrichten
2179 767 2918 888 Wien, I., Concordiaplatz 4.
2416 858 2685 932 Vertretungen
2007 876 3085 989 in Berlin, Budapest, Chicago, Genf, London, New-York,
2006 926 3092 1046 Paris, Rom, Mailand, Stockholm, Christiania, St. Petersburg,
2284 993 2820 1086 (Quellenangabe ohne Gewähr.)
2563 1029 3070 1151 oli Morgen:
2015 1102 2470 1192 Ausschnitt aus:
2856 1170 3033 1266 po-
2029 1200 2481 1289 vom 16.9.1997
2042 1331 2874 1428 Theater und Kunst
2002 1428 2955 1493 (Stadttheater) Mit dem neuen Schauspiel
1954 1489 2961 1545 „Freiwild“ hat Artur Schnitzler mit kecken
1959 1540 2953 1593 Griff einige tiefbewegende Fragen angeschnitten, die
1955 1590 2955 1645 des allgemeinsten Interesses sicher, durch interessante
1954 1636 2961 1692 Führung des Dialogs vom Anfang bis zum Schlusse
1954 1688 2951 1745 gefangennehmen. Die Intimitäten des Theaterlebens,
1954 1734 2955 1786 das Los der weiblichen Kräfte an kleinen Bühnen mit
1954 1784 2948 1849 noch kleineren Gagen, die tief wurzelnden Anschauun¬
1962 1830 2958 1894 gen in Bezug auf Ehre im Offizierskorps geben eine
1959 1884 2955 1936 Reihe dankbarer Motive. Aus naheliegenden Gründen
1957 1925 2951 1982 spielen die handelnden Offiziere in frem 1 Uniformen.
1954 1978 2955 2025 Der erste Akt ist am besten ausgefallen. Die Exposi¬
1947 2026 2955 2081 tion ist frisch und verspricht eigentlich mehr, als die
1947 2072 2951 2135 beiden übrigen Akte halten. Während im ersten das
1947 2119 2948 2180 Theater=Freiwild ausgedehnte Beleuchtung findet und
1947 2177 2951 2241 wir mit den Geschäftsprinzipien des Schmierendirektors
1947 2218 2950 2281 Bekanntschaft machen, der dem anständigen Teil seiner
1944 2277 2948 2338 weiblichen Kräfte mangelnden Korpsgeist vorwirft, ist
1954 2318 2955 2386 der zweite Akt mit Anti=Duell=Liga=Sentenzen ausge¬
1952 2369 2943 2435 füllt und der dritte Akt bringt schließlich den voraus¬
1951 2423 2951 2487 zusehenden Knalleffekt. Die Handlung ist etwas brüchig
1946 2473 2947 2536 und setzt sich das Stück hauptsächlich aus geschickt an¬
1947 2522 2947 2582 einandergereihten Szenen zusammen. Die Darstellung
1947 2570 2948 2621 hielt sich recht verdienstlich. Frl. Sikora spielte mit
1942 2617 2943 2673 gewohnter Meisterschaft und machte aus der eigent¬
1944 2664 2946 2722 lich nicht bedeutenden Rolle, was eben zu machen war.
1950 2713 2948 2784 An Herrn Wirth, der den Paul Röming mit kraft¬
1942 2744 2942 2823 voller Männlichkeit gab, hatte sie einen guten Partner.
1951 2811 2944 2874 Frl. v. Küstenfeld ist ein geborenes Theaterblut.
1946 2867 2948 2927 Nach der Eucharis diese Pepi Fischer, voll Chik,
1947 2909 2935 2972 Grazie und auf den Lokalton gestimmt, alle Achtung
1944 2944 2940 3011 Dem Neurastheniker Karinski lieh Herr Gerhard die
1942 3004 2943 3060 entsprechenden Allüren und wirkte durchaus glaub¬
1943 3057 2946 3119 haft. Herr Schroth war als Oberleutnant Rohnstedt
1940 3102 2942 3172 vielleicht um eine Nuance zu viel Biedermeier. Herr
1944 3162 2940 3221 Hauser als Poldi Grehlinger hatte mit seinem Koder
1940 3203 2942 3256 alle Lacher auf seiner Seite. Den geschäftskundigen
1947 3255 2938 3323 Theaterdirektor stattete Herr Jules mit einer Reihe
1951 3300 2946 3354 seiner Pointen aus. In den kleineren Rollen halfen
1936 3349 2938 3417 tüchtig mit zum Gelingen die Herren Schön,
1939 3395 2940 3451 Beraun, Haid, Groß, Bovacz und Moro¬
1936 3451 2940 3515 kutti. Die Novität fand seitens des gut besuchten
1942 3498 2527 3575 Hauses die wärmste Aufnahme.
2811 3500 2891 3568 Th.
