3484 4256
224 174 728 283 8. Freiwil
906 170 1306 279 box 14/4
229 1550 883 1665 heiter.
233 1639 1184 1723 (Schauspiel.) Eine Novität von Artur Schnitz¬
213 1702 1194 1757 ser und eine Reprise nach Anzengruber konsu¬
210 1745 1187 1816 erten in der abgelaufenen Woche das Interesse der
213 1799 1194 1857 Schauspielfreunde. Schnitzlers „Freiwild" gehört
216 1851 1194 1907 sicht zu den besseren Werken des Dichters. Es bleibt
210 1903 1200 1974 in der Oberfläche haften, ohne in eine Vertiefung der
216 1946 1189 2008 geschilderten Menschen und Situationen einzugehen.
216 1992 1197 2052 die willkürlich aneinander gereihten Szenen können
219 2048 1191 2105 nicht wohl als dramatische Handlung bezeichnet wer¬
210 2093 1196 2163 en, denn sie entwickeln sich nicht naturgemäß, sondern
210 2141 1192 2197 im Sinne jenes Zufalls, der entscheidend in unsrem
210 2193 1196 2269 analen Leben, nicht aber in der Kunst sein darf. Unter
210 2233 1191 2296 oblut= und charakterlosen Gestalten, wie sie Schnitzler
219 2286 1194 2345 diesmal vorführt, wird es auch selten eine organische
216 2344 1194 2399 Verkettung der Geschehnisse geben. Mag der Natu¬
218 2380 1187 2447 alismus immerhin überwunden sein, eine seiner Be¬
219 2435 1197 2492 dingungen ist geblieben und ohne sie wird die Bühne
218 2477 1200 2550 zukünftig nicht bestehen: Die Pflicht des Dramatikers,
210 2529 1196 2599 wirkliche Menschen darzustellen. Schnitzler griff in sei¬
215 2573 1204 2648 dem vorliegenden Schauspiel auf die französische Phrase
219 2631 1201 2694 zurück und begab sich damit des Anspruchs, ernst ge¬
216 2678 1209 2744 kommen zu werden. Seine Tiraden für und gegen
216 2720 1205 2787 das Duell hat man überdies schon hundertmal und
208 2782 1199 2837 oft genug besser gehört. Wirkliches Leben pulsiert
198 2818 1202 2899 nur in einigen Nebenfiguren, die aber nichts mit den
208 2865 1200 2947 setzten Absichten des Verfassers zu tun haben. „Frei¬
211 2914 1202 2992 ild" gehört zu jenen Schauspielen, denen erst die
216 2963 1192 3036 österreichische Zensur eine flüchtige Scheinexistenz ver¬
216 3016 1200 3087 liehen hat. Auch die Aufführung hat teilweise versagt.
213 3063 1204 3134 Herr Gerhard nahm den Oberleutnant Karinski,
209 3109 1204 3186 abgesehen davon, daß er ihn ein in unsren Offiziers¬
219 3162 1214 3237 kreisen unmögliches Polnisch=Deutsch sprechen ließ, von
1244 1547 2228 1600 Haus aus zu tragisch, so daß er keine Steigerung er¬
1237 1589 2232 1652 zielte, Frl. von Küstenfeld spielte die „gschnap¬
1237 1645 2235 1695 pige Peperl Fischer mit den Alliren einer naiven
1244 1688 2235 1743 Unschuld, Frl. Sikora gab sich selbst, was diesmal
1246 1737 2235 1792 vielleicht am Platze war, Herrn Hauser fehlte das
1249 1787 2236 1844 Geckenhafte, Herr Schön war mir als Arzt zu kon¬
1244 1836 2238 1888 ventionell, und die Herren Jules und Groß hätten
1246 1886 2236 1937 ihre Rollen tauschen sollen. Nur Herr Wirth bot dem
1253 1929 2235 1996 Publikum als Paul Rönning mehr, als ihm der Dich¬
1244 1981 2241 2036 ter zur Verfügung gestellt hatte. Treffsicher und ver¬
1249 2023 2242 2086 läßlich erwiesen sich auch die Herren Schroth und
1249 2076 2242 2140 Beraun. — Unter stürmischem Beifall und vor dicht
1246 2127 2241 2185 besetztem Hause ging gestern abend im Theater am
1253 2176 2240 2233 Franzensplatz „Stahl und Eisen" in Szene, ein
1255 2225 2243 2277 Volksstück, das Anzengruber nach seiner eigenen
1253 2272 2235 2327 im Jahre 1881 erschienenen Novelle „Der Einsam
1247 2319 2243 2382 1887 fertiggestellt hat. Man merkt dem Schauspiel,
1246 2372 2243 2434 das zum großen Teile aus Erzählungen und Berichten
1246 2425 2233 2471 besteht, die novellistische Herkunft an. Nicht der Ein¬
1255 2465 2243 2530 sam, sondern sein natürlicher Vater, der Herr Bürger¬
1253 2515 2240 2576 meister ist hier der Held der Geschichte. Seine ernst¬
1253 2565 2241 2634 gemeinte Absicht, Ordnung in die Gemeinde zu brin¬
1255 2616 2242 2684 gen, während er doch im eigenen Hause keine Ordnung
1249 2659 2243 2725 zu halten weiß, entbehrt der Tragik nicht. Herr Groß,
1249 2708 2243 2773 dem gestern die Aufgabe zugefallen war, diesen Bürger¬
1249 2759 2243 2817 meister darzustellen, hat sich auch bis zur Schlußszene
1261 2809 2243 2873 streng an die Linien eines unverfälschten Bauern ge¬
1255 2859 2248 2923 halten, aber in dieser Schlußszene gebärdete er sich,
1258 2903 2245 2972 freilich wohl ganz im verfehlten Sinne des Dichters,
1253 2955 2247 3021 wie sich ein wirklicher Bauer an der Leiche seines ihm
1249 3003 2243 3072 unbekannten unehelichen Sohnes nie gebärden würde.
1255 3054 2243 3107 Ungleich wahrscheinlicher verkörperte Jules die Ge¬
1264 3103 2245 3164 stalt des Einsamen, obwohl wunderlicherweise gerade
1258 3162 2257 3237 diese Gestalt, der Familie der Wurzelsepp entnommen,
2282 1504 3273 1593 die unwahrscheinlichere ist. Die Redseligkeit des Men¬
2291 1585 3285 1645 schenfeindes und Einsiedlers unmittelbar bevor er
2294 1633 3283 1694 freundliche Gendarmen grundlos niederschießt, ist
2289 1679 3280 1745 heute, da Ludwig Thoma Bauern zeichnet, nicht mehr
2297 1732 3280 1792 schmackhaft. Es bedarf der Kunst eines bedeutenden
2289 1777 3288 1836 Schauspielers, um auch noch in dieser Situation Bei¬
2294 1824 3283 1892 fall zu ernten. Den bessern Teil seiner Lebensweisheit
2291 1881 3280 1943 hat Anzengruber diesmal nebenher gestreut. Es wim¬
2285 1928 3285 1991 melt in diesem Schauspiel, das sonst nicht an die
2289 1974 3283 2033 Hauptwerke unseres Volksklassikers heranreicht, von
2289 2028 3283 2093 prächtigen Gestalten aus dem Bauernstand, die auch
2289 2076 3277 2138 beinahe durchwegs gut besetzt waren. Ich nenne nur
2291 2133 3281 2182 Lippert (Pfarrer), Karban (Zirl), Moro¬
2289 2167 3283 2233 cutti (Seldinger), Gerhardt (Gendarm Hahn),
2291 2226 3285 2279 Haid (Hausierer) und Frl. Martinelli, die Rot¬
2289 2266 3277 2337 kopfete. Auch Herrn Kretschmer ließ man ge¬
2300 2326 3281 2379 stern seiner liebenswürdigen Heiterkeit wegen gelten,
2294 2371 3288 2427 obwohl man sich den Schneider=Tonerl anders gedacht
2289 2416 3285 2471 haben mag. Eine scharf umrissene Figur von großer
2294 2469 3283 2525 plastischer Wirkung schuf Frl. Schaffer (Pauli);
2304 2520 3280 2575 schade, daß sie beinahe unverständlich war und daß
2304 2561 3285 2625 sie Salonkleider trug. Die Vorstellung, von Herrn
2297 2611 3280 2666 Jules in Szene gesetzt, war überhaupt von bester
2294 2663 3283 2729 Stimmung getragen. Man hätte aber die unverkenn¬
2297 2714 3288 2799 baren Längen des Dialogs pietätlos zusammenstreichen
2304 2759 2415 2822 sollen.
