3436 4096
821 54 1227 155 box 14/2
413 66 634 146 il
138 75 216 170 8.
411 123 497 171 .
731 605 1729 686 „spannenden Konflikt erwachsen zu lassen. Dieser
138 644 516 704 darsten Gegenwart im
552 622 1732 736 das Duell der besser die Konsequenz einer einen
138 688 506 767 behandelt der Haupt¬
546 715 1720 779 Offizier gewordenen „thätlichen Beschimpfung, die ein Duell nach
552 755 1728 830 den Anschauungen des modernen Offiziers unter allen Umständen
119 754 510 857 in einen Badeort in
549 823 1728 878 erheischt: der Oberlieutenant Karinski schickt seine Sekundanten zu
162 832 479 898 versetzt; die Sze¬
558 862 1734 932 Paul, da er es als selbstverständlich erachtet, daß nur ein Duell die
141 878 500 934 Kaffeehaus, und da¬
555 908 1731 983 Sache zum Ende bringen kann. Aber Paul denkt nicht daran, sich mit
174 929 500 995 Meisterschaft stell
555 955 1726 1028 dem Offizier zu schlagen: er verweigert die Annahme jeglichen Duells.
141 977 512 1043 nes Schauspiels vor
561 1010 1732 1075 Er hat einen „Lumpen" gezüchtigt — wer gibt diesem Lumpen das
132 1030 501 1094 die Gunst der Schau
555 1049 1728 1130 Recht, ihn, der nur that, was Recht und verdient war, vor den Lauf
149 1072 512 1144 erstellungen mit ihnen
558 1096 1737 1174 der Pistole zu fordern und niederzuknallen? Das ist ein Widersinn,
153 1123 515 1193 nützen; den Arzt des
561 1145 1728 1218 und Widersinn ist der Ehrenkodex, der so etwas verlangt. Nicht Feig¬
162 1171 515 1239 Glück hat, pekuniär
560 1204 1726 1285 heit hält ihn zurück, sondern Ueberzeugung; und von dieser Ueber¬
149 1221 512 1300 lastertreter mit dem
561 1251 1735 1326 zeugung kann ihn nichts abbringen: nicht die Vorstellungen seiner
144 1272 519 1339 zug und mit weiten
564 1296 1740 1363 Freunde, daß er sich in der guten Gesellschaft unmöglich mache; nicht
155 1318 513 1387 sommertheaters mit¬
567 1344 1738 1425 die Vorstellungen eines Offiziers, daß er durch seine Weigerung, den
212 1368 521 1438 Diese drei Kreise
567 1389 1746 1467 geohrfeigten Karinski um Alles brächte, weil dieser nur durch ein
162 1405 515 1488 sich von einander,
569 1435 1740 1515 Duell seine Ehre rehabilitiren könne. Alle Worte, die er von Freun¬
162 1462 522 1528 ein Kommen und
567 1495 1746 1564 den und vom Freunde seines Feindes hört, verhallen, weil er sie alle
159 1512 527 1585 he schwirren hin und
570 1543 1744 1615 zu widerlegen weiß: nicht er trägt die Schuld, wenn Karinskis
171 1557 530 1629 angeknüpft. In all
576 1584 1755 1660 Ehre befleckt ist, sondern dieser selbst hat sie befleckt; und er sieht
165 1606 522 1681 keit aber überrascht
576 1636 1740 1711 keinen Grund ein, sich auch nur ein Haar krümmen, geschweige denn
159 1656 521 1729 der Komposition und
573 1684 1746 1762 sein Leben rauben zu lassen, weil ein Anderer nur dadurch seine Re¬
161 1705 530 1777 en, wie es kam, ist
576 1731 1755 1841 habilitirung erwirken kann. Warum hat Jener sich wie ein Lump
164 1758 525 1821 ht: wir kennen
566 1798 746 1878 betragen!
168 1808 531 1871 dem sie leben. Das
686 1830 1744 1922 Weniger das persönliche Schicksal des Einzelnen steht hienach
165 1848 528 1922 eigungen, über ihre
582 1892 1750 1961 in Frage, als ein Zeitproblem: es handelt sich nicht mehr so sehr um
174 1901 527 1970 Wünsche haben wir
576 1938 1758 2015 Paul Rönning und den Oberlieutenant Karinski, wie um das
168 1947 527 2018 a diese Offiziere und
585 1986 1749 2060 Dilemma: wo liegt der Ausweg aus einem solchen Konflikt?
162 2001 539 2070 d ihre Nebenmenschen
579 2055 1758 2097 Schnitzler weiß das freilich geschickt zu verschleiern; er trägt feine,
168 2049 534 2118 Gruppen drei Haupt¬
579 2087 1756 2154 stimmungsvolle Szenen in den zweiten Akt seines Schauspiele hinein,
162 2096 537 2153 Figuren kommt das
579 2127 1752 2190 eine zarte, warm empfundene Liebesszene, in der Paul und Anna
171 2150 540 2204 den Oberlieutenant
585 2169 1755 2244 einander finden — aber er geräth, je mehr er dem Schlusse zusteuert,
189 2186 533 2249 die Liebhaberin der
579 2223 1758 2289 desto mehr in das Fahrwasser des Gewollten, anstatt des Natürlichen.
168 2232 536 2301 in hingelenkt worden:
579 2271 1758 2349 Paul, der Duellgegner, der in Anna ein „Freiwild“ geschützt hat, ist
171 2286 543 2355 In kurzen Schlägen
588 2328 1756 2408 jetzt selbst ein „Freiwild" geworden; er ist vogelfrei. Die Gesellschaft
168 2333 534 2397 tenant Karinski, der
579 2375 1758 2441 verzeiht ihm sein Verhalten nicht; auch Diejenigen, die meinen, er
171 2379 536 2438 sten Meister ist, nach
579 2417 1761 2489 habe de principio Recht, können ihm nicht beipflichten, weil die
189 2425 540 2500 hält, wettet, daß er
582 2471 1765 2533 Praxis in einem solchen Falle ein anderes Verhalten erheischt. So ist
174 2480 546 2537 ja Riedel überwinden
582 2519 1762 2588 er der Welt gegenüber „Freiwild"; er wird als Freiwild aber vor
174 2525 533 2593 rlage berichten muß
585 2572 1756 2641 Allen von Karinski betrachtet, der in den starren Anschauungen
189 2576 539 2642 leise vor sich hin¬
594 2614 1765 2689 seines Offiziersthums wähnt, unter allen Umständen durch Züchtigung
165 2624 540 2704 Hasse gegen den ver¬
591 2669 1765 2741 seines Gegners sich rehabilitiren zu müssen. Und nun drängt zum
174 2674 546 2740 jene und sucht Paul
591 2720 1762 2780 Schlusse Alles zu der Frage: wer von den Beiden bleibt Sieger?
176 2726 545 2794 eser seine Ruhe. Da
588 2762 1765 2836 Keine Lösung ist nach Lage der Dinge unmöglich: reist Paul ab,
174 2770 546 2831 vom Theater", und
593 2810 1767 2888 so ist der Austrag der Affaire nicht nur hinausgeschoben, sondern
177 2819 545 2915 auf und ohrfeigt den
585 2860 1764 2926 wohl überhaupt unmöglich gemacht: die Annahme, Karinski werde
588 2909 1764 2992 Jenen zu finden wissen, wo immer er sei, beweist mir wenigstens
177 2905 546 2992 des lebt, Alles ist an¬
594 2953 1768 3030 nicht das Gegentheil. Bleibt Paul an Ort und Stelle, so wird es
192 2974 552 3037 in der entscheidenden
591 3013 1771 3073 unzweifelhaft zum Rencontre kommen — und es wird Sieger sein,
180 3028 549 3097 matisch; dabei wirkt
594 3049 1767 3121 wer der Schnellere und — Brutalere ist. Aus der Situation heraus
189 3070 549 3151 spezifisch österreichisch
593 3099 1767 3204 scheint mir ein Ende in dem einen oder anderen Sinne nicht geboten.
191 3123 549 3196 Aufführung auf das
707 3151 1771 3219 Wohl aber aus den Absichten des Dichters heraus! Er deckt
186 3169 554 3240 Anzengruber erinnert;
591 3207 1774 3276 im zweiten Akte auf, wie ein Duellgegner in unserer Zeit eben noch
186 3220 554 3289 die „gebildeten Kreise
594 3249 1773 3325 Freiwild ist und wie er also, mag er hundertmal im Rechte sein, unter¬
191 3267 552 3334 it in ihren Lebens¬
600 3291 1780 3361 liegen muß: er, der moralisch Stärkere dem kodermäßig
203 3319 551 3388 uns hinzustellen und
599 3343 1805 3429 Stärkeren! Und das will er an diesem korrekten Beispiel zur
191 3367 554 3454 nen im besten Sinne
1768 561 2920 667 Anschauung bringen. Wenn man dem dritten entgegengeht, wie
1774 638 2953 716 man nicht das und das muß er enthalten, aber das und das wird
1777 697 2951 761 er enthalten. Der Dichter ist stärker als das Leben. Die Herbheit seiner
1777 742 2948 811 Anschauung muß klar hervortreten: so unterliegt im letzten Akt De¬
1777 791 2959 863 jenige, der glaubt, sich über die Konvention hinwegsetzen zu können.
1780 829 2966 916 Im Kurparke treffen die Gegner zusammen; Karinski fordert Paul
1780 887 2956 947 nochmals zum Zweikampfe heraus, doch dieser ruft ihm nur zu:
1774 935 2965 1013 „Machen Sie Platz!" Da schießt ihn Jener nieder; der Offizier hat
1786 985 2963 1055 seine Ehre wiederhergestellt, nun kann er seinen Abschied nehmen oder
1789 1036 2962 1106 sich selbst todt schießen. Paul ist ihm zum Opfer gefallen, ihm und der
1774 1093 2962 1177 herrschenden Anschauung von Mannes- und Offiziersehre: und das
1774 1136 2190 1215 wollte Schnitzler zeigen.
1896 1168 2957 1243 Durch mancherlei kleine Züge hat Schnitzler versucht, auf diesen
1779 1224 2972 1299 Schluß auch künstlerisch vorzubereiten. Er will Karinski als einen
1780 1275 2968 1347 Offizier betrachtet wissen, der nicht in Friedenszeiten hineingehört; der
1780 1327 2969 1405 immer glaubte, sich über Andere erheben zu dürfen; der Widerspruch
1783 1369 2980 1437 nie und nimmer vertragen kann; mit andern Worten: er will
1789 1417 2969 1498 Typisches vom Individuellen scharf trennen. Er gibt in diesem Bestreben
1789 1479 2968 1537 auch den Nebenpersonen feine Beziehungen zu den Hauptgestalten:
1794 1536 2972 1591 zur Seite des Oberlieutenants stehen zwei Kameraden, die helfen sollen,
1794 1582 2972 1641 das Bild des modernen österreichischen Offiziers zu vervollständigen.
1792 1614 2975 1681 Der Eine hält fest am Stande, wiewohl er sich nicht der Einsicht ver¬
1794 1665 2977 1740 schließt, daß sein Kamerad gefehlt hat und im Allerheiligsten seines
1789 1713 2977 1785 Herzens wohl gar meint, der Duellgegner sei nicht ganz im Unrecht; der
1792 1776 2980 1829 Andere wird in Folge der Affaire vorsichtig — er geht derlei Un¬
1792 1811 2977 1884 bequemlichkeiten lieber aus dem Wege, er wird es soweit nie kommen
1800 1865 2980 1932 lassen. Dem Duellgegner Paul sind zwei Herren der guten Gesellschaft
1795 1904 2975 1982 gesellt, die jenen Beiden gewissermaßen entsprechen: der Eine mag
1800 1952 2975 2030 Paul nicht Recht geben, der Andere kann ihm nicht Recht geben;
1803 2019 2983 2078 Jener begreift das Verhalten des Freundes, ohne es deshalb zu
1797 2058 2975 2135 billigen, der Andere kann es überhaupt gar nicht verstehen. So wird
1797 2097 2984 2163 nach allen Seiten hin Stellung genommen und durch die Isolirung
1795 2151 2989 2214 Paul's auch auf das Ende mit Schrecken vorbereitet. Die Motivirung
1797 2202 2983 2264 ist trotzdem gekünstelt: Paul will nicht abreisen, weil er nicht feig
1797 2259 2983 2316 erscheinen will; vor dem rasenden Offizier zu flüchten, das bringt er
1800 2292 2986 2355 nicht über sich. Ginge er aber mit ebenso viel kluger Ueberlegenheit
1800 2346 2981 2414 bei der Durchführung seiner Sache vor, wie bei der Weigerung, das
1803 2388 2989 2456 Duell anzunehmen, so würde er wohl anders handeln. Das sind
1802 2440 2981 2506 Brüche; daß sie trotzdem das Schauspiel nicht auseinander fallen
1809 2488 2986 2563 lassen, ist ein Meisterstück seines Autors, der es verstand, sie für den
1809 2548 2220 2624 Augenblick zu verdecken.
1914 2560 2990 2662 Als reines Kunstwerk wird man „Freiwild nicht schlechthin
1809 2648 2987 2711 rühmen dürfen; als eines der werthvollsten und literarisch am meisten
1812 2689 2990 2758 ernsthaft zu nehmenden modernen Dramen muß es zweifelsohne
1809 2732 2993 2807 gelten. Denn wenn es seiner Anlage nach von Tendenz nicht frei ist,
1818 2786 2996 2854 so ist es doch in seiner Ausgestaltung rein künstlerisch gedacht.
1818 2834 2990 2894 Man fühlt, wohin das Werk zielt — aber die Gestalten sagen es
1809 2878 2993 2941 nicht: es ist, so wie es vor uns steht, durchaus ein Bild modernen
1815 2926 2996 2999 Lebens; es wirkt gerade jetzt und gerade bei uns umso mehr als ein
1824 2990 2995 3051 solches, als wir vor wenig Wochen einen ähnlichen Fall — den Fall
1815 3025 2995 3102 Brüsewitz — erleben mußten; es ist vielleicht nicht seiner Technik
1814 3079 2993 3148 nach, aber seinem Ideengehalte nach eines jener wenigen Dramen, in
1815 3127 2993 3204 denen unsere Zeit sich widerspiegelt. Und deshalb gewinnt es weit
1827 3169 2996 3241 über den Tag hinaus, dessen Ereignisse mit seinen Begebenheiten
1826 3225 2990 3298 zusammenfallen, Werth, weil es in seinem Rahmen Zustände und
1821 3277 2476 3361 Gedanken unserer Tage zusammenhält.
2582 3307 3002 3409 Walter Patow.
