3484 4384
185 234 1281 368 8. Freiwild box 14/3
545 1054 1689 1150 aufgefordert. Schon um zwei Uhr Nachmittags standen
565 1110 1684 1194 Hunderte von Handlungsgehilfen vor dem Eingange zur
556 1142 1693 1228 Volkshalle, und als um drei Uhr die Versammlung ihren
565 1192 1694 1296 Anfang nahm, war der Saal bis auf das letzte Plätzchen
565 1321 1696 1412 Luft zu machen, will er, um der Annehmlichkeit willen, in
561 1362 1699 1472 seinen eigenen Augen ein consequenter Mensch zu bleiben,
568 1418 1699 1526 nicht einmal auf ein ganz ungefährliches Scheinduell ein¬
575 1482 1700 1575 gehen. Ein solches wird nämlich von dem ganz unwahr¬
583 1519 1704 1629 scheinlichen Rittmeister Rohnstädt vorgeschlagen, damit die
570 1595 1709 1680 Officiersehre Karinski's gerettet wird. Auch diese Ablehnung ge¬
579 1646 1706 1743 gefällt dem Publikum, dessen Denkweise sich folgende doppel¬
580 1690 1710 1791 zügige Logik zurecht gelegt hat: ein Duell aus gering¬
580 1757 1703 1837 fügigen Ursachen ist ein Unsinn, denn es stellt zwei Menschen¬
583 1794 1714 1894 leben dem Spiele eines tückischen Zufalles anheim. Bei
586 1856 1717 1953 schweren Beleidigungen darf es natürlich noch weniger dazu
586 1904 1717 2005 kommen, denn an ein Gottesurtheil im Zweikampf glaubt
585 1963 1723 2072 wohl kaum Jemand, und es kann dann der Schwerbeleidigte
586 2012 1727 2112 außer dem Schimpf noch Schaden an Gesundheit oder Leben
589 2058 1727 2165 erleiden. Und ähnlich wie Rönning argumentirt das
595 2127 1731 2228 gedankenlose Publikum, wenn es auf das, nach ihrer
600 2182 1727 2279 Meinung ganz formelle, weil folgenlose, Studentenduell, die
603 2229 1724 2328 Mensur zu sprechen kommt. Es ist daher mit Rönning auch
599 2279 1737 2396 gegen das Scheinduell. Wie der Blinde macht es Halt,
608 2336 1739 2440 wenn es bis an die Wand gekommen ist, erst, wenn es
608 2399 1739 2493 fragen muß, was an die Stelle einer Sitte gesetzt werden
609 2443 1740 2559 soll, welche längst nicht mehr auf den engen Kreis einer
605 2496 1739 2596 Kaste beschränkt ist. Dieselben Leute, welche entsetzt zurück¬
609 2567 1744 2661 schaudern bei dem Gedanken, Bestehendes zu stürzen, solange
625 2617 1753 2723 sie nichts Neues an Stelle des besserungsbedürftigen Alten
610 2669 1756 2771 zu setzen wissen, vereinigen sich mit gedankenlosen Stürmern
610 2713 1757 2814 und Drängern in dem Ruse: Fort mit dem Duell! Ihre
622 2771 1753 2881 egoistische Genußsucht und übergroße Freude am Leben ver¬
625 2840 1756 2935 hindern sie, ein Compromiß mit der Wirklichkeit zu schließen,
626 2875 1759 2977 bis sich die letztere ihr Recht ertrotzt. Darum ist es überaus
620 2931 1766 3032 bedauerlich, daß die Figur des Rittmeisters Rohnstädt so
626 2989 1723 3091 unglücklich ausgefallen ist. Er durfte kein Officier sein
622 3046 1766 3138 dann hätte er auch anders sein und anders sprechen müssen.
628 3092 1770 3201 Denn dieser Mann und kein anderer hätte das erlösende
623 3145 1769 3269 Wort gebracht; hätte er nicht als Soldat sprechen müssen,
1746 977 2870 1083 wortete ihre Platze verließen, erfuhren oft anwesenden
1746 1064 2864 1134 von der Auflösung der Versammlung. Der Lärm steigerte
1753 1102 2864 1181 sich noch und die Anwesenden machten keine Miene der
1747 1142 2868 1221 Saal zu verlassen. Die Socialdemokraten warfen zu
1756 1248 2874 1354 so hätte er, wenn nicht dem Herzen, so dem Kopfe Rönning's
1750 1316 2875 1405 die Einsicht abgerungen, daß das Duell nicht nur eine
1756 1365 2877 1450 Standeseinrichtung ist, sondern auch ein gesellschaftlich noth¬
1756 1418 2878 1512 wendiges, durch zulässige und wünschenswerthe Milderungen
1764 1480 2885 1572 sogar ein heilsames Auskunftsmittel zur Verhütung von
1766 1530 2891 1623 leichtsinnigen Gewaltausbrüchen und zur Abkürzung und
1764 1586 2888 1682 Vermeidung roher und gewaltthätiger Scenen werden kann.
1769 1654 2890 1730 Die Meisterschaft Schnitzler's, mit wenigen Strichen ein
1767 1686 2890 1794 Milieu zu schildern, nebst der Lockung, die Situation auf
1769 1754 2890 1834 Höchste zu spannen, hat ihn verführt, dem Bürger den
1767 1796 2897 1893 Officier gegenüber zu stellen. Damit hat er auch ein Miß¬
1771 1850 2900 1943 verständniß geschaffen, zu welchem das plötzliche Fallenlassen
1776 1903 2897 2000 des Problems der Schauspielerin Anlaß gab: er hat Viele
1777 1961 2897 2064 glauben gemacht, daß er in dem Bürger das Freiwild des
1781 2021 2905 2111 Officiers zeigen will, was eine tadelnswerthe Uebertreibung
1783 2065 2910 2162 und Verallgemeinerung von bedauernswerthen Einzelfällen
1780 2128 2917 2234 genennt werden müßte. So lange die Menschen sind, wie sie
1789 2178 2911 2272 eben sind, so lange wird jeder daran gut thun, unter die
1796 2234 2914 2336 Fähigkeiten, deren er im Kampfe um das Dasein bedarf,
1787 2293 2921 2392 auch die Vertrautheit mit der Führung des Säbels auszu¬
1791 2345 2921 2439 nehmen, und er wird damit alles Erreichbare herbeiführen:
1800 2392 2921 2496 er wird den Uebermuth oder die Achtlosigkeit bürgerlicher
1799 2459 2928 2543 und solderischer Bassewitze auf ein Mindestmaß beschränken
1801 2499 2921 2599 und sich lieber gegebenen Falles den Folgen eines Zwei¬
1807 2574 2930 2656 kampfes aussetzen, wie er eben jeden anderen unabwendbaren,
1803 2629 2930 2710 wenn auch peinlichen oder unglücklichen Zufall tragen muß,
1811 2669 2940 2770 statt daß er der Lösung Schnitzler's zusteuert, welcher es
1813 2730 2935 2815 darauf ankommen läßt, ob der eine oder der andere der
1813 2774 2937 2872 beiden Gegner mit rascherer Handbewegung den Feind nach
1814 2852 2609 2945 Hinterwälderart über den Hausen schießt.
1933 2872 2941 2974 Die Darstellung war im Ganzen eine sehr befriedi¬
1816 2942 2945 3042 gende: Die Herren Reusch, Korff, Klein und
1826 2985 2947 3095 Tewele bildeten ein geradezu glänzendes Ensemble. Auch
1826 3062 2957 3148 Herr Czasta und Frl. Glümer machten aus ihren
2577 3092 2905 3191 Dr. Jakob Kohn.
1816 3121 2399 3212 Rollen das Menschenmögliche.
2918 957 3312 1037 an den Wa¬
2918 1024 3306 1093 Verwandte desselben
2910 1073 3317 1134 deren Kind von drei
2918 1108 3347 1174 des allgemeinen Kre¬
2918 1151 3357 1215 zogen wurde. Gestern
2920 1195 3357 1259 plötzlich ohnmächtig.
2921 1245 3355 1302 ner rief verzwei
2924 1279 3345 1348 wirkte auf den Bat¬
2935 1324 3342 1398 schwerkrank darniederli
2927 1373 3347 1441 macht befallen wurde
2934 1416 3340 1475 Minuten und Frau
2935 1459 3350 1522 keine Hilfe finden konn¬
2942 1500 3342 1569 Endlich hatten die
2945 1546 3349 1617 Friedmann gehört hatte
2945 1595 3332 1660 herbeigeholt, welche
2940 1627 3347 1700 Doch auch auf sie wir
2938 1677 3346 1741 daliegenden Personen
2948 1723 3350 1790 Friedman und
2948 1764 3350 1831 gleichfalls ohnmächtig
2945 1820 3352 1877 welcher zu Hilfe geru¬
2954 1863 3362 1928 macht befallen worden
2957 1901 3353 1974 Arbeit vor sich und
2958 1941 3355 2011 auch er nach vollbe
2955 1987 3355 2074 einer Hilfe bedurft
3074 2038 3355 2114 (Sperrung ei¬
2964 2101 3349 2164 9 Uhr erschien in der
2969 2139 3340 2208 feldergürtel 55, ein
2968 2185 3357 2256 fortige Sperrung des
2962 2229 3360 2299 wird gerüchtweise an
2964 2273 3360 2346 nicht der Besitzer und
2972 2313 3360 2376 unter der Firma „
2972 2359 3347 2429 berechtigt ist. Als
2972 2406 3360 2467 Frau des Genannten
2969 2450 3263 2524 Wien aufhält.
3081 2496 3365 2579 (Aus der M.
2981 2556 3360 2627 Gnädiges Fräulein,
2981 2600 3360 2661 bitten? — Sie: Lei¬
2987 2641 3360 2716 vielleicht kommt noch
2981 2688 3336 2758 reserviren. — Er:
2991 2727 3363 2807 muß heute schon zie
2995 2780 3369 2840 Früh zu thun, mu
2995 2821 3369 2890 haben doch nicht gar
2991 2862 3369 2931 muß in die Vorle
2997 2905 3369 2979 lesungen? Besuchen
2999 2949 3367 3024 lesungen Mein Be¬
2995 2989 3372 3065 drei, viermal währ
3002 3041 3367 3106 Beginn und Schluß
3001 3085 3369 3182 ging man freilich
