3436 4384
419 350 1604 459 wickelt der Autor einem Problem zuliebe, das er auf einen Ideal
425 443 1610 517 menschen gepfropft hat, eine verwunderlich abirrende Handlung, in die
425 477 1609 559 man wie in ein psychologisches Kaleidoskop blickt. Dieser Maler Paul
429 543 1603 604 Rönning, der die gekränkte Ehre der jungen, von ihm geliebten Schau¬
435 594 1613 665 spielerin mit der Faust an dem Beleidiger rächt, überrascht uns im
438 634 1609 712 zweiten Acte durch seine hervorragenden Charaktereigenschaften, er ist
435 686 1609 759 ein Einsamer, ein Schwimmer gegen den Strom, ein höchst un¬
437 727 1612 803 typischer Mensch, der sich von allen conventionellen Satisfactions¬
438 779 1621 848 begriffen frei weiß und es so dem Dichter ermöglicht, den gewollten
438 840 1615 900 Conflict heraufzubeschwören. Dieser Conflict, ein ganz persönlicher,
438 873 1615 954 auf seinen Leib zugeschnittener Conflict, heißt, von allen Neben¬
443 928 1621 1006 deutungen losgelöst: „Ich, Paul Rönning, habe den Beruf, einen
441 969 1624 1048 Ehrverletzer zu ohrfeigen, Jener aber hat kein Recht, mich für diese
443 1036 1628 1096 Privatjustiz zur Rechenschaft zu ziehen“. Der so sonderlich Geartete
449 1073 1624 1150 vereinigt also in sich zufolge höchsteigener Einsetzung die unantastbare
441 1118 1624 1196 Obliegenheit eines Staatsanwaltes mit den unverantwortlichen Exe¬
451 1177 1628 1238 cutionsbefugnissen eines Büttels. Nun steht es ja in dem Belieben des
454 1215 1618 1304 freischaffenden Dichters, die von der Convention abweichende These auf
450 1275 1634 1356 zustellen, daß es Männer, oder sagen wir wenigstens einen Mann
454 1329 1625 1387 und zwar diesen Paul Rönning gibt, der in der ehrlichen Aufwallung
454 1366 1636 1440 seines Grimmes so handelt, wie wir es im ersten Acte sehen; der
449 1413 1630 1488 dann weiter den Muth hat, eine Forderung abzulehnen, auf die Ge¬
454 1458 1639 1541 fahr hin, für einen Feigling gehalten zu werden; der die Festigkeit
449 1510 1630 1576 besitzt, ein Scheinduell von sich zu weisen, wodurch der Ehrenmake
456 1559 1639 1639 von seinem Gegner genommen würde. Ja, der noch die Unbefangen¬
462 1616 1646 1700 heit des Wesens findet, in dieser Situation mit der Geliebten sofort
459 1659 1646 1742 abreisen zu wollen, aber plötzlich vom Eigensinn erfaßt, dies nicht thut,
463 1715 1649 1778 weil er erfahren hat, daß der Gezüchtigte mit der Waffe im Sack ihn
466 1758 1655 1824 wo immer zur Rechenschaft ziehen wolle, also aus trotzigem Muth oder
460 1809 1649 1875 muthigem Trotz lieber in den Schuß läuft, um sich sein Recht auf
469 1851 1650 1923 Ablehnung des Zweikampfes zu erzwingen — all das ist dem Belieben
460 1899 1659 1976 des Dichters, der psychologisch rechtfertigt, anheimgegeben. Aber diesen
463 1954 1652 2038 ganzen innern Menschen ist uns Schnitzler schuldig geblieben. Es
477 2006 1652 2081 genügt nicht zu zeigen, Paul Rönning ist so, wie er ist: ein an¬
474 2065 1658 2133 scheinend Tapferer, der nebst den schlagenden Argumenten des ersten
472 2105 1661 2175 Actes im dialectischen zweiten Aufzuge fein erwogene und stark wirkende
472 2148 1658 2228 Worte findet, um sein momentanes Vorgehen zu begründen; Worte,
469 2201 1655 2268 die in uns wiederhallen und denen wir Beifall spenden, weil sie aus
469 2241 1662 2325 der allgemeinen Stimmung herausgesprochen sind — nein, wir wollen
477 2292 1661 2376 mehr wissen, wir wollen den Mann auch verstehen, wir wollen er¬
484 2340 1662 2422 fahren, warum er so sprechen muß, damit sich sein Schicksal erfülle.
481 2395 1661 2473 Wir möchten in diese Seele tief hineingeblickt haben, um sie
484 2440 1665 2521 lieben zu können, das organisch und einheitlich Gewachsene dieses
486 2483 1668 2574 Starken möchten wir bis zu den feinen, grundsaugenden Wurzeln,
478 2539 1668 2612 wenn auch nur andeutungsweise, erblicken, damit unser gerne bereites
489 2582 1679 2672 Gefühl Stellung zu ihm fasse. Dieser Paul Rönning aber ist bloß
489 2643 1673 2709 die scharf umrissene Contour eines Menschen, mit dem weder unser
484 2685 1673 2751 Verstand noch unsere Empfindung etwas anfangen können, und wenn
498 2740 1673 2820 sein zweistündiges unmotivirtes Bühnenleben vorüber gezogen ist, wo
490 2782 1686 2852 er statt zu wachsen, immer kleiner wurde, wo er, statt sich uns zu
490 2840 1679 2905 nähern, sich immer weiter von uns entfernte, betrachten wir den Schuß,
490 2878 1680 2957 der ihn tödtet, als Erlösung von unserer Ermüdung, ohne Beimischung
490 2929 1680 3000 von Theilnahme oder Mitleid, wie wenn ein Beliebiger aus dem Chor
493 2986 1685 3050 der Müssiggänger des Badeortes mit etwas Eclat abgegangen wäre.
496 3027 1688 3113 „Freiwild“ ist eine dramatische Frucht mit taubem Kern. Der hat
501 3083 1680 3163 stellenweise blos ein prickelndes Fleisch angesetzt, man kann nur epi¬
511 3134 1682 3208 sodisch davon genießen. Das Milieu, aus dem die Vorgänge sich ent¬
496 3192 1691 3252 wickeln, die Nebenfiguren, welche die Handlung hemmen und schieben,
496 3219 1689 3298 haben von einer sicher hinsetzenden Hand Farbe und Leben erhalten
505 3273 1694 3352 Es steht fest, daß Schnitzler mit eigenen Augen sieht, mit eigenem
507 3317 1691 3401 subtilen Gehör die Stimmen des Lebens vernimmt. Und dann spielt
508 3365 1692 3443 er seine Melodien auf eigener Geige. Der Ton ist vielleicht nicht groß
505 3422 1688 3501 und zwingend, aber er ist echt. Echt ist im „Freiwild“ die breite
504 3468 1694 3555 Episode der Schmiere, ihre Lebewesen und Schmarotzer. Eine Fülle
502 3515 1686 3585 der scharfäugigsten Beobachtung ist hier mit Kunstverstand angebracht;
511 3566 1691 3646 hier weiß der Dichter aus den kleinen Erscheinungen das Tiefste heraus¬
508 3612 1685 3690 zuschürfen und vollklingend an's Licht zu locken. Allein das alles ent¬
513 3670 1695 3752 schädigt nicht für den erkältenden und abweisenden Eindruck, den man
516 3709 1692 3788 aus „Freiwild“ mit wegträgt und über den sich gar Viele nicht Rechen¬
519 3758 1701 3847 schaft zu geben verstehen, weil in der Bühnenperspective das Aeußer¬
514 3803 1700 3887 liche der Handlung ja doch fesselt. Ueber diese hinweg, in das Treibende
520 3863 1697 3939 des Spieles schauend, erkennt man, wenn man sich frägt, was wollte
514 3909 1703 3983 der Dichter, was soll das Stück sagen — und bei Schnitzler, der ja
523 3962 1700 4037 immer etwas zu sagen hat, ist diese Frage wohl am Platze — daß ein
514 4019 1707 4087 Menschenschicksal und eine Tendenz in künstlerischem Ausklang ein
1658 345 2832 426 Ganzes zu bilden bestimmt waren. In dem katten Destillat „Freiwild“
1661 425 2838 484 bleiben beide Stoffe gesondert. Das Schicksal bewegt uns nicht; gegen
1662 454 2836 525 den Duellzwang, wie er da vorgetragen wird, empfinden wir keine
1664 522 2830 585 Entrüstung. Den Beifall, den Erfolg, hat der klug nützende Drama¬
1667 552 2836 626 tiker, der starke Scenen vorzubereiten und zu führen versteht, der
1661 605 2842 674 kundige Dialogschleifer an das Stück gefesselt. Die überzeugende Satyre,
1659 652 2836 722 die Schnitzler auf die Nebenhandlung anwendet, wäre vielleicht, auf
1667 710 2836 780 die Hauptaction übertragen, künstlerisch und ethisch ersprießlicher ge¬
1664 749 2845 819 worden. Sociales Unrecht wirkt unendlich im Spiegel des Ernstes
1670 801 2843 866 und der Wahrheit. Sociale Thorheiten, und seien sie selbst so blut¬
1676 848 2736 921 lassend wie das Duell, flüchten eher vor der Geißel der Satyre.
1673 903 2843 967 Von der Darstellung ist in Bezug auf die Herren, mit wenigen Ausnahmen,
1676 943 2842 1018 das Beste zu sagen. Herr Klein hat die ganze Ruhe und Abgeklärt¬
1676 991 2851 1066 heit seines Spieles, sowie die starken Accente seiner eindringlichen
1673 1045 2849 1114 Sprechweise darauf gewendet, den Rönning glaubhaft zu gestalten.
1679 1096 2855 1165 Herr Reusch als Lieutenant Karinski hat überzeugt. Herr Korff
1682 1151 2855 1217 ist der liebenswürdigste Schauspieler, der jetzt in Wien auf den Brettern
1682 1183 2863 1266 steht, und nebstbei eine volle Natur. Jeder Rolle, die er spielt, drückt
1682 1235 2855 1304 er den Stempel der Echtheit auf, so auch hier, dem Poldi Grehlinger, dem
1679 1280 2857 1368 dümmelnden, aber auf dem Duellcoder wie Shylok bestehenden Mode¬
1688 1346 2858 1404 narren. Herr Tewele, die komische Stütze, findet jetzt in der neuen
1685 1380 2860 1450 Blüthe dieser Bühne Rollen, die seinem Wesen entsprechen, so daß er
1685 1428 2860 1501 Behagen verbreitet. Bedauerlich ist, daß das Carl-Theater nur gute
1694 1482 2870 1562 Soubretten besitzt. Es könnte auch eine gute moderne Schauspielerin
1688 1531 2775 1618 vertragen. Ein weiblicher Korff wäre ihm dringend nothwendig.
2616 1576 2824 1655 Otto Fuchs.
