3484 4192
175 151 267 249 8.
316 144 705 263 Freiwild
863 147 1267 260 box 14/4
586 151 716 281 il
312 204 428 270 .
242 1379 923 1463 .
168 1411 2958 1558 in auflauert, um ihn zu töten, — et freiung endlich eine allgemeine wunde. — Nicht sehr ständlichkeit zu mäßigen. — Fräulein ikorra
168 1523 2951 1621 ht für feige gehalten sein, jetzt vergünstig war das Arrangement der letzten Szene. Im gab in der Rolle der Anna Riedel eine jener
930 1558 2958 1639 Berliner Deutschen Theater, wo ich „Freiwild“ im Frauengestalten, für die diese junge Künstlerin eine
175 1582 902 1663 Abreise mit Anna und wird den und
179 1607 2965 1712 ner ermordet —. Die Schießwasse Jahre 1896 aufführen sah, spielte sich die Kata¬ besondere Eigenart entwickelt hat: mit zarter Seele
186 1674 2961 1765 des „Buben", dem er nur sein Recht strophe auf einer Gartentreppe, die nach dem und vibrierenden Nerven. Die dichterische Kon¬
1954 1709 2961 1775 zeption ist nicht allzutief; aber sie hat doch Per¬
218 1719 1923 1803 mußte dem Maler in dem einen Hintergrunde führte, ab. Dort, auf der höheren
2235 1758 2954 1825 und das Persönliche, das sich auch
172 1758 2189 1849 benig verpflichtend sein, wie in dem Stufe, trat Karinski dem Gegner in den Weg. Hier sönlichkeit
1961 1803 2958 1874 gegen widerspruchsvolle Worte des Dialoges be¬
175 1825 1930 1916 se „niederträchtige Komödie vom wurde die Entwicklung eingeengt und die Situation
1958 1853 2961 1923 hauptet, fand seine volle Einlösung. Die auch tech¬
193 1874 1930 1940 wie er sich ausdrückt, wurde gewiß äußerlich unwahrscheinlich, da man den Vorgang
1958 1898 2958 1972 nisch schwierige Aufgabe — denn Anna Riedel spricht
179 1926 1930 2003 durch, daß er sich sinnlos als Opfer an die erste Kulisse anlehnte. Ein merkwürdige
175 1951 2954 2046 ein anderes Motiv ist für sein Ver= Strich — ich weiß nicht: fällt er dem Zartgefühle ausnahmslos nur in Aufregung, mit rascher Zunge
2025 2003 2965 2077 wurde interessant und schön gelöst. Hie und
175 2021 1930 2098 Orte nicht zu finden, als es für den der Zensur oder dem der Regie zur Last? — schrei
175 2056 2965 2172 rhanden gewesen wäre: das Urteil nach Abhilfe. Das ganze Drama ist auf dem Schimpf da ließ die Deutlichkeit ein wenig zu wünschen
2295 2091 2961 2172 Eine sehr hübsche über¬
182 2109 2091 2196 Urteile der Fremden gibt er nun aufgebaut, den Karinski über Anna Riedel aus¬ brig.
1961 2140 2965 2207 raschung bot Fräulein v. Küstenfeld in
947 2158 1937 2228 spricht. Und hier wurde diese Beschimpfung ge¬
179 2182 923 2246 de Liebe und das Schicksal seines Mäd¬
1958 2189 2972 2249 der unbedeutenden Rolle eines Dämchens vom
940 2218 1856 2295 strichen, aus irgend ein Mensch vom Theater
204 2228 919 2288 Das ist der logische „Knacks“ des
1961 2235 2965 2305 Theater. Den dreisten Ton, die gewandte Beweg¬
940 2260 1751 2330 „so eine vom Theater“ gemacht! Das ist
179 2270 912 2344 re Paul Rönning ein weniger beson
1954 2288 2968 2368 lichkeit der Anfängerin zuzutrauen, war ein Wag¬
1453 2302 1856 2393 — — „unglaublich“
940 2312 1414 2382 wie sag' ich's höflich?
214 2319 912 2389 so könnte ja gerade seine Inkonse
1958 2333 2968 2407 nis; da es aber vorzüglich gelang, behielt die Vor¬
947 2361 1839 2428 Einige Proben mehr wären der übrigens
175 2375 926 2446 harakteristikum und ein tragisches Ele¬
1968 2386 2972 2456 sehung recht. Diese kleine Schauspielerin verspricht
182 2407 1867 2495 So steht jedoch die Sache nicht. Der gutem Auge geleiteten Vorstellung zustatten
189 2435 2979 2540 bekennt sich zu dem Mute, der das kommen. An der „Kunstpause" im ersten Akte trug viel. Wieder eine Prachtfigur stellte mit
2884 2488 2968 2540 in
2453 2491 2565 2547 Herr
2639 2488 2821 2568 Jules
940 2484 2396 2565 das plötzliche Unwohlsein eines Schauspielers die wenigen Strichen
179 2519 888 2582 gert und die Ermordung duldet
1965 2533 2979 2632 Leben. Sein Theaterdirektor war feinste
172 2544 1944 2649 che Gewinn des Schauspieles ist meines unschuldige Schuld. Allerdings hätte es für geschickt
954 2579 2891 2688 Schauspieler nicht schwer sein sollen, die Plauder Komik. Herr Schroth eignet sich
179 2618 923 2681 ring. Seine dichterischen Werte reichen
1972 2614 2979 2691 Offiziersvollen wenig, als geschickter Schauspieler
951 2653 1663 2730 szene extemporierend zu verlängern.
175 2663 926 2730 Liebelei nicht hinan, obwohl die Liebes
1972 2681 2972 2747 fand er sich mit seinem Oberleutnant ab. Herr
1011 2674 1947 2765 Herr Wirth schlug als Maler Paul Rönning
161 2719 933 2779 weiten Aktes manche zarte psychische
1979 2730 2979 2793 Schön, der nach dem Urteile egter Kunst¬
196 2751 1951 2821 hat. Aber ein packendes Theaterstück einen warmen, freien Ton an. Er wurde, auch wenn
214 2768 2982 2874 in der fliegenden Flucht seiner sicher er Doktrinen zu sprechen hatte, nicht doktrinär. Herr kenner als Pastor in den „Gespenstern“ (Referent
1982 2828 2979 2891 war leider der Vorstellung beizuwohnen gehindert)
179 2842 1954 2947 den Szenen und im guten Glücke seiner Gerhard gab den Oberleutnant Karinski. Mi¬
951 2874 2972 2958 ist die Gestalt in der glänzenden Darstellung eine Probe seines besseren Könnens abgelegt hat
182 2919 337 2979 derung.
954 2919 2989 3003 Sauers (Berlin) in Erinnerung — und gerne stelle gab auch den Mentor Dr. Wellner geschmackvoll.
175 2923 891 3025 ig war denn auch ein recht kräftiger
165 2968 2986 3067 rstellung eine sehr gute. Die ich fest, daß ich in der Ausführung unseres sehr be¬ Das Gigerl des Herrn Hauser hatte nicht ganz
1979 3021 2986 3081 den rechten Schnitt, doch ist jede Rolle in den Hän¬
179 3035 1951 3123 rr Emil Reiter) hatte die Rollen gabten jungen Schauspielers alles Typische wie
1982 3063 2982 3130 den dieses klugen Schauspielers vor Argem geschützt.
961 3084 1958 3151 dergefunden habe: den wilden, sarmatischer
182 3105 933 3165 besetzt. Nach dem alten Rollenkasten
961 3123 2986 3200 Zug, das fahrige Wesen eines leidenschaftlichen Auch Herr Beraun ist noch freundlich zu nen¬
182 3154 937 3214 wäre vielleicht gegen diese glückliche in
1982 3161 2986 3225 nen, ein Frl. Werner mit geringerer Gunst;
965 3186 1951 3249 Menschen, der schon das Bewußtsein eines Schif
189 3196 944 3260 erwertung der Kräfte mancher Einwand
961 3207 2982 3316 brüchigen hat und sich betäubt, das Rassige und Vor¬ denn der hübsche Kopf scheint keine brauchbare
182 3249 933 3309 den. An der Beseitigung jenes theatra
182 3270 2347 3379 bels arbeiteten die führenden Geister nierte. Nur der polnische Akzent, den auch Sauer Zunge zu haben.
2582 3295 2951 3400 Hermann Kienzl.
186 3351 1996 3446 Bühnen jahrzehntelang, bis die Be¬ anschlug, wäre im Interesse der Ver¬
