3484 4256
292 161 809 264 8. Freiwild
989 156 1398 267 box 14/3
1951 96 2938 172 in merkwürdigen Phantasie=Uniformen, nur mit dem
1956 158 2938 218 Unterschiede, daß diese sich in Berlin mehr den öster¬
1954 207 2940 267 reichischen, in Wien mehr dem preußischen Zuschnitt
1954 248 2938 312 näherten. Die veränderte Uniform genügte indeß nicht,
1951 304 2940 356 um über des Autors Absichten hinwegzutäuschen. Er
1943 347 2935 405 wollte den besonderen Standpunkt des Officiers
1943 400 2944 458 in Ehrensachen, den Duell zwang, in dramatisch
1943 439 2938 497 bewegten Gegensatz bringen zu den Anschauungen jener
1947 476 2936 543 bürgerlichen Menschen, die unter allen Umständen das
1954 535 2938 588 Duell perhorresciren. Wir sagen absichtlich: jener
1951 575 2935 627 Civilpersonen, die den Zweikampf absolut verweigern:
1947 621 2931 690 denn in dem vom Dichter vorgeführten Falle würde wohl
1940 673 2940 742 die Mehrzahl von Männern in Wirklichkeit kaum so ge¬
1938 720 2940 789 handelt haben, um das Schauspiel „Freiwild entstehen
1938 766 2938 828 zu lassen. Gewiß: der Lieutenant Karinsky ist ein rüder
1943 816 2933 869 Poltron, der, seiner Schulden wegen ohnehin vordem schlichten
1938 851 2931 920 Abschied stehend, absichtlich in wegwerfendem Tone von einer
1942 901 2933 974 jungen anständigen Schauspielerin spricht, um deren stillen
1938 958 2926 1021 Anbeter, den Maler Paul Rönning, zu reizen. Dieser
1947 998 2926 1060 versetzt dem Lieutenant vor Zeugen dafür einen Schlag
1782 995 1869 1058 Für
3009 1009 3156 1073 inclusive
3027 1058 3142 1092 Porto.
1867 1050 2929 1108 100 ins Gesicht, sträubt sich aber unter Anführung von tausend
3016 1083 3147 1122 Zahlbar
1945 1090 2922 1163 Vernunftgründen, dem Beleidigten die geforderte Genug-
2982 1113 3168 1175 im Voraus.
1938 1135 2936 1193 thuung vor der Mündung der Pistole zu geben. Der
1811 1165 3213 1251 Lieutenant, nun in Gefahr, nicht blos wegen Schulden hnitte ist das
1795 1209 3218 1292 schlicht verabschiedet, sondern wegen nicht erreichter Satis steht es den
1793 1267 3119 1354 Abonne faction sogar cassirt zu werden, stellt den mit einem andern.
1938 1320 2938 1384 Terzerol in der Tasche auf den Zusammenstoß vorbereiteten
1947 1375 2945 1423 Maler und schießt ihn in dem Augenblicke nieder, als
1938 1411 2938 1489 dieser abermals jede Genugthuung verweigert und eben
1940 1458 2582 1529 das Terzerol zu seinem Schutze zieht.
2034 1504 2936 1584 Aus dieser Inhaltsangabe ist wohl schon zu er¬
1938 1559 2929 1618 kennen, daß Schnitzler dem Problem zu Liebe zwei crasse
1940 1595 2926 1671 Helden gewählt hat: den über jedes Maß der Erfahrung
1942 1653 2922 1710 rempelnden Officier und den allzu philosophisch angelegten
1933 1690 2926 1758 Rächer einer Frauenehre, der zwar selbst schlägt, aber ein
1940 1749 2926 1811 Feind des Sichschlagens ist und der, aus Liebe zum Leben
1933 1795 2931 1850 einem Zweikampfe ausweichend, die Chance verliert,
1940 1832 2931 1906 möglicherweise seinen Feld todtzuschießen, indem
1933 1869 2924 1949 dieser die Sache nun ohne alle Förmlichkeiten ein¬
1931 1929 2931 1998 seitig besorgt und danach mit den Worten enteilt:
1933 1975 2919 2043 „Der Lieutenant Karinsky weiß, was er nun zu thun
1928 2021 2919 2089 hat." Wenn Arthur Schnitzler eine dramatische Streit¬
1933 2059 2929 2136 schrift wider das Duell verfassen wollte, so ist ihm just
1928 2106 2929 2181 das Gegentheil gelungen, nämlich zu zeigen, daß eine
1929 2161 2920 2228 thätliche Beleidigung unter Männern nach den An¬
1926 2198 2919 2264 schauungen gewisser Stände nur durch Blut gefühnt
1929 2253 2917 2315 werden kann, und zwar durch Mord, wenn der Zweikampf
1929 2294 2913 2363 verweigert wird, so daß der letztere eigentlich als das
1924 2347 2912 2411 geringere Uebel erscheint. Unbequem für die Tendenz
1920 2388 2913 2474 des Autors ist es auch, daß der Zuhörer nicht im
1922 2430 2910 2505 Stande ist, sich im Gemüthe vollständig wider
1919 2480 2913 2556 den Officier zu erklären und die Partei des Anderen
1913 2536 2908 2602 zu nehmen, weil eben trotz der Provocation die
1926 2577 2908 2644 Ohrfeige ein furchtbares Züchtigungsmittel ist, das mit
1915 2623 2908 2701 Rücksicht auf den Stand des Betroffenen dessen verzweifelte
1913 2664 2648 2749 That einigermaßen erklärlich scheinen läßt.
2012 2710 2901 2775 So sind wir denn am Schlusse so klug wie zuvor.
1919 2767 2905 2836 „Freiwild“ wird der Welt nicht einen Zweikampf ersparen,
1919 2811 2901 2883 im Gegentheil, es kann Rencontres kleinerer Art sogar
1919 2855 2903 2926 herbeiführen. Die Leidenschaftlichkeit, mit der gestern
1908 2908 2899 2974 einzelne Stellen wider das Duell beklatscht wurden,
1910 2940 2901 3013 hinderte nicht, daß ebenso laut wieder andere Stellen
1912 2998 2896 3057 acclamirt wurden, die von der Pflicht handelten, eine thätliche
1901 3036 2896 3117 Mißhandlung auch persönlich zu vertreten. Es saßen also zwei
1908 3092 2896 3158 Parteien im Theater, die Einen für, die Anderen gegen
1903 3144 2894 3207 das Duell, ganz wie im Leben und ganz wie auf der
1912 3182 2894 3250 Bühne oben. Dem Dichter gebührt jedenfalls die Aner¬
1897 3228 2897 3305 kennung, daß er diesen Zwiespalt richtig personificirt und
1906 3283 2883 3354 namentlich in der Schilderung des Provinzkomödianten
1903 3326 2894 3390 thums ein meisterliches Milieu geschaffen hat. Der erste
1897 3358 2890 3439 Act, in dem sich dieses entwickelt, hatte denn auch den
1896 3416 2882 3487 größten Erfolg. Nach dem zweiten und dritten Acte er¬
1896 3467 2890 3542 schien Herr Schnitzler einigemale, um für den Beifall zu
1890 3506 2023 3570 danken.
1986 3535 2883 3627 Die Darstellung von modernen Stücken wird im
1899 3591 2878 3671 Carl-Theater immer klarer und runder. Es sind da einige
1897 3652 2889 3728 Schauspieler von hervorragender Begabung, wie der
1890 3687 2878 3759 liebenswürdige, heitere Korff, der schneidig=charakteri¬
1890 3751 2876 3811 stische Reusch, der zum Herzen sprechende Meyer¬
1896 3790 2878 3859 Eigen, der stets glaubhaft sich selbst gebende Klein,
1894 3837 2883 3899 gar nicht zu sprechen von Tewele und den Herren
1894 3882 2876 3947 Natzler und Czasta. Auch die Frauen fügen sich gut
1890 3931 2867 4004 in den erfreulich höheren Ton, der im Ganzen angeschlagen
1892 3975 2857 4048 wird. Es ist ein gutes Schauspieltheater mehr je
1892 4018 2053 4090 in Wien.
