3484 4224
189 191 285 276 8.
887 183 1287 282 box 14/4
387 188 697 264 reiwi
386 235 478 301 .
718 1219 1076 1308 Telephon 12801.
347 1304 1441 1383 Alex. Weigls Unternehmen für Zeitungs-Ausschnitte
542 1380 1261 1502 „OBSERVER
347 1491 1438 1560 I. österr. behördl. konz. Bureau für Zeitungsberichte u. Personalnachrichten
544 1562 1277 1648 Wien, I., Concordiaplatz 4.
773 1632 1028 1705 Vertretungen
353 1678 1439 1740 In Berlin, Budapest, Chicago, Genf, London, New-York,
362 1725 1441 1789 Paris, Rom, Mailand, Stockholm, Christiania, St. Petersburg.
633 1772 1161 1843 (Quellenangabe ohne Gewähr.)
842 1842 1542 1949 VATERLAND, WIEN
347 1855 811 1947 Ausschnitt aus:
645 1938 921 2023 29. 1. 1905
362 1971 517 2038 vom
511 2079 1545 2177 Deutsches Volkstheater. Daß ein
448 2137 1542 2229 Mater, welches nach der Hofbühne den ersten Rang unter
454 2208 1544 2256 den der dramatischen Kunst gewidmeten Instituten Wiens
448 2241 1545 2310 beansprucht, ein Stück, wie das heute zur Erstaufführung
463 2299 1542 2365 gebrachte dreialtige Schauspiel von Arthur Schnitzler:
457 2345 1548 2411 Freiwilde in seinen Spielplan aufnahm, kann wohl
454 2390 1545 2450 nur durch den Druck einer Clique erklärt werden. Das
451 2441 1542 2499 Opus ist ein Antiduellstück, aber wohl das lendenlahmste,
454 2487 1545 2543 das wir je zu hören bekamen. Ein junger Kavallerieoffizier
454 2539 1453 2596 betrachtet zunächst die Naive eines Sommertheaters
454 2581 1468 2639 Freiwilde, ladet sie zu einem intimen Souper, holt
454 2633 1545 2691 damit jedoch eine entschiedene Ablehnung. Als dies der
454 2686 1556 2749 ehrliche Verehrer der Schauspielerin erfährt, kommt es
457 2724 1545 2786 zwischen letzterem und dem Offizier zu einer
454 2779 1551 2835 Auseinandersetzung, deren Ende die Züchtigung des
454 2824 1551 2885 Offiziers durch den Verehrer der jungen Dame
457 2873 1551 2934 ist. Die hierauf folgende Forderung zum Duell
457 2920 1548 2977 wird abgelehnt; der Geforderte begründet seinen Stand¬
454 2967 1551 3029 punkt in langen Reden, die jedoch gegenüber weitaus stich¬
466 3011 1553 3080 hälterigen Gründen der Duellgegner wenig bedeuten.
463 3063 1554 3128 Schließlich betrachtet der Offizier seinen Gegner, welcher
460 3113 1551 3174 durch seine Weigerung angeblich die Existenz des Fordernden
460 3160 1551 3224 vernichtet, auch als Freiwild= und schießt ihn einfach
469 3212 1556 3272 nieder. Die zur Darstellung des Stückes verurteilten
469 3256 1556 3314 Schauspieler taten ihr Möglichstes, trotzdem vermochten sie
460 3306 1551 3369 nicht demselben zu einem Erfolge zu verhelfen. Obgleich
469 3357 1551 3412 vor einem nahezu ausschließlich von Stammesgenossen
469 3400 1557 3457 des Autors besetzten Parkett gespielt wurde, war es letzterem
460 3449 1517 3521 nur einmal gegönnt, dankend erscheinen zu können. War.
2397 611 2756 696 en
2029 676 3123 763 Alex. Weigls Unternehmen Zeitungs-Ausschnitte
2222 754 2964 890 „OBSERVER
2035 873 3119 957 I. österr. behördl. konz. Bureau für Zeitungsberichte u. Personalnachrichten
2220 945 2952 1033 Wien, I., Concordiaplatz 4.
2450 1012 2710 1082 Vertretungen
2035 1061 3114 1120 in Berlin, Budapest, Chicago, Genf, London, New-York,
2047 1112 3113 1167 Paris, Rom, Mailand, Stockholm, Christiania, St. Petersburg.
2314 1162 2846 1232 (Quellenangabe ohne Gewähr.)
2035 1238 3236 1368 Ausschnitt aufautsches Volksblatt, Wien
2207 1310 2490 1417 29 1 1905
2040 1359 2199 1418 vom
2107 1466 3110 1569 Deutsches Volkstheater. Schnitzlers „Freiwild“ be¬
2012 1526 3107 1602 deutet für Wien keine Novität und die gestrige Auffüh¬
2020 1594 3104 1648 rung neuerte daher nur eine Bekanntschaft, die bereits
2029 1633 3104 1700 früher beschlossen wurde. Was uns anbelangt, würden wir
2017 1685 3111 1737 herzlich gerne darauf verzichtet haben, dem Stücke wieder
2017 1724 3107 1776 zu begegnen. Von all den schon eine stattliche Zahl aus¬
2017 1769 3101 1821 machenden Dramen, welche die Frage des Duell disku¬
2014 1810 3102 1864 tieren, ist gerade das Schnitzlersche dasjenige, das am
2012 1849 3101 1906 wenigsten überzeugend wirkt und das durch die schiefe
2010 1897 3101 1959 Logik, mit welcher es den die Gesellschaft beherrschenden
2017 1936 3108 2004 Ehrbegriffen beizukommen sucht, weit eher zu einem Plai¬
2014 1976 3104 2037 doyer für als gegen den Zweikampf wird. Der Autor
2013 2020 3108 2086 hat sich verlocken lassen, den Stoff, der ihn ursprünglich
2012 2074 3101 2129 fesselte, im Stiche zu lassen und die Schilderung des Milicus
2012 2105 3092 2162 des Schauspielerlebens an einer Sommerbühne in einem
2013 2153 3098 2222 Kurorte nur als Skizze zu behandeln. Dadurch tritt das
2017 2204 3101 2268 Grelle und Abstoßende in dem von ihm entworfenen
2013 2231 3095 2307 Bilde allzu sehr in den Vordergrund, während die ver¬
2014 2281 3095 2338 bindenden Töne fehlen. Der zweite und dritte Akt sind
2014 2333 3102 2381 aber fast vollständig durch die breitspurige Erörterung der
2013 2363 3098 2436 so oft ventilierten Frage ausgefüllt, nur der
2006 2424 3095 2479 ein Gentleman genannt zu werden verdient, der
2126 2458 3095 2529 Ehrenangelegenheiten die Waffen entscheiden
2009 2503 3104 2557 läßt. So redselig aber auch Herr Schnitzler wird,
2004 2546 3092 2609 wenn er über dieses Thema spricht, er weiß uns doch nichts
2009 2590 3096 2643 zu sagen, was wir nicht schon oft und oft aus anderem
2009 2639 3092 2695 Munde gehört hätten. Er hat übrigens selbst nicht den Mut,
2014 2673 3089 2731 sich über das Essentielle der ganzen Frage klar und offen
2001 2719 3092 2773 zu äußern, sondern er umkreist den springenden Punkt, wie
2001 2768 3089 2818 die Katze den heißen Brei. Sein Stück beweist übrigens am
2003 2804 3098 2865 deutlichsten, was geschehen würde, wenn sich die Gesellschaft
2003 2852 3092 2907 in Ehrenangelegenheiten nicht gewissen Gesetzen, die sie sich
2009 2889 3092 2949 selbst gegeben hat, unterwerfen würde. An die Stelle der
2000 2950 3089 3008 an feststehende Regeln gebundenen ritterlichen Austragung
1998 2977 3083 3040 würde die roheste Gewalt, das Faustrecht treten. Der
2001 3020 3084 3087 Schlag, der dem Leutnant Karinski in „Freiwild" für sein
1995 3063 3083 3117 Benehmen versetzt wird, wird ja trotzdem blutig ge¬
1995 3116 3083 3172 rächt, aber nicht im Zweikampfe, sondern durch
1998 3153 3084 3214 einen meuchlerischen Schuß auf den Beleidiger, der es ver¬
1998 3193 3089 3260 weigert, die von ihm geforderte Satisfaktion zu geben.
1997 3241 3099 3306 Man sieht, eine Ausrottung des jetzigen Zustandes würde
1995 3281 3099 3347 nur zur Einbürgerung von Hinterwäldlersitten führen. Ueber
1995 3315 3090 3390 das Stück, das außer seiner Tendenz nichts aufweist, durch
1998 3369 3092 3423 das es interessiren würde und das uns insbesondere eine
2003 3409 3090 3481 schärfere Charakterisierung der einzelnen Personen schuldig
1992 3454 3083 3513 bleibt, ist sonst nichts Neues zu sagen. Es fand bei dem
1998 3494 3086 3560 Teile des Publikums, das dem Autor verwandt ist, eine
1991 3534 3078 3601 ziemlich geräuschvolle Aufnahme. Die Darstellung war eine
1998 3589 3077 3640 gute. Vor allem sind die Damen Erl, Glöckner und
1992 3630 3074 3686 Jäger sowie die Herren Kutschera, Kramer,
1998 3667 3086 3740 Jensen, Raeder, Richter Roland und
1980 3701 2381 3788 Höfer zu nennen.
2904 3715 3044 3800 —
