3436 4448
193 153 318 243 18.
343 146 724 250 Freiwild
889 153 1306 253 box 14/3
685 917 1156 1010 ch
1403 914 3290 1003 angeregter Merseburg erforderlich. Der bisherige beschloß: Die Vereinigang „Vorwärts" ist aufzu¬
521 964 1581 1042 Berlin, 4. Jan. (In der Budgetkom Vertreter
1613 978 3287 1042 Abg. Stephan (Reichspartei) ist am lösen, ihr Organ „Der Sozialdemokrat" geht ein
450 1031 1574 1085 mission des Reichstags) warf beim Etat Dienstag
1599 1039 3290 1088 plötzlich gestorben. Bei der Wahl von die Sektionen sollen der Arbeiterunion beitreten
453 1078 3290 1138 der Reichsdunckerei Abg. Bebel die Frage 1893 wurde Stephann mit 8229 Stimmen gewählt, und von dieser sofort wieder aufgenommen werden
457 1135 3290 1181 auf, warum nicht vor allem die stenographischen während 5212 auf den Kandidaten der Freisinnigen Nach dieser Aufnahme sind Vorstand und all¬
450 1181 2338 1238 Berichte des Reichstags in der Reichsdruckerei Volkspartei und 2242 auf den sozialdemokratischer
2366 1174 3290 1256 Komitees der Arbeiterunion neu zu wählen. An
457 1228 1745 1281 statt in der „Nordd. Allg. Ztg." gedruckt würden. Kandidaten fielen.
2363 1231 3287 1306 1. Juli 1897 hat dieselbe darüber abzustimmen
453 1274 1388 1335 Unterstaatssekretär Fischer wußte sich dagegen nur
1560 1278 3287 1349 (Zur Affaire Tausch.) Der langsame ob Mar vorläufig Redakteur der „Tagwacht
453 1324 2334 1381 darauf zu beziehen, daß es von jeher so gewesen Verlauf der Untersuchung gegen den Kriminal
2359 1328 3287 1385 bleibt oder nicht; in ersterem Falle gilt die Wah¬
457 1370 2334 1431 sei. Die Reichsdruckerei habe keine Veranlassung, kommissar v. Tausch hat an „maßgebender Stell
2359 1378 3287 1435 bis 1. Januar 1898, auf welchen Termin ein
450 1420 3290 1477 diese Privatindustrie zu schädigen. Beim Etat der Anlaß gegeben, eine möglichste Beschleunigung ordentliche Wiederwahl des Redakteurs vorzu
1410 1513 3290 1570 der Widerspruch in dem der Ehrbegriff einer bestimmten menen Menschen. Die Erfolglosigkeit seiner Bewerbungen
799 1520 1053 1617 Theater
1410 1560 3290 1610 Klasse zu dem Rechtsbewußtsein des Volkes steht, so klar reizt ihn dazu, in der Wuth schmähliche Ausdrücke übe
528 1599 3298 1649 Deutsches Theater. Donnerstag den 14. Januar zu Tage getreten, daß er zur Erörterung zwingt, und die Dame zu gebrauchen in Gegenwart ihres Freundes
453 1620 3290 1695 „Freiwild“, Schauspiel in drei Akten von Arthur unsere Dramatiker sind auch Menschen, an denen der Paul Rönning (Otto Pahlau). Die Beleidigung träg
1410 1677 2148 1738 Streit des Tages nicht spurlos vorübergeht.
2366 1677 3298 1720 ihm eine Ohrfeige ein. Nun heißt es natürlich: Duell
446 1684 696 1745 Schnitzler.
1488 1692 3294 1777 Der Titel „Freiwild“ ist nicht eindeutig, und es tritt Aber Rönning hat nicht das mindeste Verlangen, sein
535 1695 1399 1770 Das Deutsche Theater hat mit dem neuen Stück
450 1738 3294 1809 Arthur Schnitzlers, des Verfassers der „Liebelei", seinen nicht mit voller Klarheit hervor, wie ihn der Dichter ge¬ Leben auf's Spiel zu setzen, und ist gewillt, die Folge¬
2370 1795 3294 1845 seines Schrittes zu tragen. Es kümmert ihn wenig, das
450 1802 2345 1849 ersten großen Schauspielerfolg unter der neuen Direktion meint hat. Das Wild, das die Herren Offiziere in den
2363 1834 3290 1881 einige seiner Bekannten den Verkehr mit ihm abbrechen
453 1841 2341 1891 erlebt; und zwar galt der Beifall diesmal ebenso sehr Stücke zunächst jagen, sind Schauspielerinnen, und dan
460 1870 3294 1931 dem Dichter und dem Stück als der Darstellung. Das wird ein Zivilist, der sich zum Beschützer der einen Schau¬ da er satisfaktionsunfähig geworden sei. Er ist tau¬
450 1909 3290 1963 muß gleich anfangs hervorgehoben werden, um die ver= spielerin aufwirft, gejagt und zur Strecke gebracht. Es gegen, die Bitten eines Kameraden des Karinski, de
2363 1952 3294 1998 Oberlieutenants Rohnstedt (Robert von Lenor), der ein
453 1959 2341 2027 änderte Lage im Hanleten del zu kennzeichnen. In der fragt sich, ob unter Freiwild die Schauspielerinnen zu
2370 1991 3294 2034 Scheinduell vorschlägt, damit wenigstens äußerlich die
453 2002 2345 2045 ersten Zeit des Deutschen Theaters wurden ja die Erfolge verstehen sind oder der Zivilist. Das Stück spielt in
457 2034 3298 2095 errungen trotz mangelhafter Darstellung, und in Folge einem kleinen Badeort in der Nähe von Wien, offenbar Form gewährt und Karinski nicht in der Armee un
1410 2066 3301 2120 in einem Modebad mit seiner Atmosphäre des Nichts¬ möglich werde. Aber ebenso starrköpfig handelt Karins
453 2073 1003 2141 dessen wenig dauerhafte Erfolge
535 2106 3290 2159 Das neue Stück Schnitzlers hat einen guten Theil thuns und Vergnügens. Zur Erheiterung der Bade¬ nach den Anschauungen seiner Kaste. Wird ihm Genua
2370 2145 3294 2191 thuung nicht gegeben, so will er sie nehmen. Er wil
468 2134 2341 2205 seines lauten Erfolges seinem Stoffe zu verdanken, gäste trägt ein Sommertheater bei, dessen Pesonal un¬
453 2184 3294 2230 Wenn ein Offizier einen Zivilisten über den Haufen auf das ergötzlichste vorgeführt wird. Der Herr Direktor Rönning um jeden Preis stellen. Nun geschieht da¬
464 2223 3298 2280 schießt, weil er keine „Genugthuung erhält für eine (Max Neumann), der sein Theater gern ein Kunstinstitut Merkwürdige, daß Rönning nicht zu bewegen ist, der
2370 2259 3298 2309 Gefahr aus dem Wege zu gehen. Er hat sich mit der
453 2273 2341 2320 wohlverdiente Züchtigung, so erinnert das an einen be= nennt, spekulirt stark in Beinfleisch. Er sieht es gern
2373 2298 3298 2348 Schauspielerin verlobt und sieht, reich und unabhängig
450 2305 2345 2359 kannten Vorfall, der uns alle mehr oder minder erregt, wenn seine Künstlerinnen dem Logenpublikum gegenüber
2366 2341 3308 2384 wie er ist, ein glückliches Leben vor sich. Aber die Bitten
453 2348 1395 2398 hat, und der Name des unglücklichen Karlsruher Säbel¬
1417 2348 2341 2395 sich gefällig erweisen und es erregt sein äußerstes Mißfallen
464 2380 3298 2427 helden ist gestern bei der Unterhaltung über das Stück daß seine Naive, Anna Riedel (Frl. Behrens) nicht in der Braut und des Freundes, die Stadt zu verlassen
2373 2416 3298 2466 sind vergebens. Er zeigt seinen Muth, indem er wie
460 2430 2348 2477 sicherlich öfters genannt worden. Aeußerlich ist freilich den Spuren der Soubrette (Frau Nebauer) und der
453 2455 3290 2537 ein Hinweis auf die eine bestimmte Affaire wenig ange= zweiten Liebhaberin (Frl. Hebbel) wandelt, die mit den bisher sich öffentlich zeigt. Karinski hat ihm aufgelauer
2373 2502 3287 2548 stellt ihn, verlangt zum letzten Male „Genugthuung
453 2505 1388 2555 bracht, da das Schauspiel bereits geschrieben war, al¬
1417 2505 2348 2570 Offizieren die Nacht hindurch beim Champagner sitzen
457 2537 3298 2591 Brüsewitz seine That vollbrachte. Es ist ein Zeichen der Er chikanirt in Folge dessen die junge Schauspielerin und und schießt Rönning über den Haufen, als er sie wieder
1417 2573 3305 2634 gibt ihr den Abschied, d. h., indem er ihr mit Entlassung verweigert. Die Schauspielerin steht an seiner Leiche
453 2587 1388 2641 Zeit, daß die Diskussion über die sogenannte Kavaliers
2370 2612 3298 2659 und fragt verzweifelt: „wohin?" Vor ihr liegt nur
464 2619 2341 2669 ehre und die Berechtigung des Duells in der modernen droht, will er sie dahin bringen, daß sie ihm für di
2370 2648 3298 2698 wieder ein Leben wie früher; sie wird wiederum al¬
464 2662 2345 2709 Schauspielliteratur einen verhältnißmäßig breiten Raum halbe Gage spielt, für eine Hungergage von 25 Gulden
2373 2691 3298 2755 Freiwild behandelt werden, nachdem ihr Beschützer ge
460 2702 2348 2748 einnimmt. Vor Jahren hat Sudermann in der „Ehre" die sie schon zwingen wird, die Wege ihrer Kolleginnen
453 2730 2555 2787 neben andern Ehren auch die Kavaliersehre beleuchtet zu gehen. Verfolgt so der edle Direktor das Wild, so storben ist.
2437 2762 3298 2819 Der Dichter hat sich bemüht, wie es als Künstle
1417 2780 2348 2826 jagen nicht minder eifrig die Herren Offiziere, allen vora¬
453 2784 1395 2826 und noch vor Kurzem im „Fritzchen" gezeigt, wie ein
1417 2816 3305 2869 der Oberlieutenant Karinski (Herr Schmidt=Häßler). Ka- seine Pflicht ist, mit seiner Meinung im Hintergrunde
453 2819 1395 2866 Gardelieutenant ins Duell geht. Otto Erich Hartleber
2370 2859 3305 2909 zu bleiben, sie nicht aufdringlich vorzutragen, wie es
460 2851 2348 2905 hat in seinem Drama „Das Ehrenwort" seine Ansicht rinski steht auf schiefer Ebene. Er hat kein großes Ver¬
2373 2894 3298 2944 Sensationsdramatiker gewöhnlicher Sorte thun, und
457 2898 2348 2944 über das Duell zum Besten gegeben und der geschickte mögen und viel Bedürfnisse. Spiel und Weiber haben
464 2934 3305 2976 fleißige Dramenfabrikant Felix Philippi in dem schauer ihn ruinirt, und er ist in Gefahr, seiner Schulden wegen mancher wird wohl fragen, welche Stellung Schnitzler
2370 2969 3312 3030 zu dem Duell nehme. Wie die Antwort auf die Frage
1420 2976 2345 3026 gemaßregelt zu werden. Er stellt der jungen Schau¬
453 2976 1395 3023 lichen Sensationsstücke „Wer war?" die Berechtigung
457 3016 3326 3073 des feineren Mordes erörtert. Es ist eben allmählich spielerin nach mit der niedern Leidenschaft eines verkom¬ ausfallen mag, sie wird nicht über Werth oder Unwerth
1156 3073 1706 3262 (
346 3062 1113 3265 de
400 3233 1738 3419 Auf den
