<?xml version="1.0" encoding="UTF-8" standalone="yes"?>
<PcGts xmlns="http://schema.primaresearch.org/PAGE/gts/pagecontent/2013-07-15" xmlns:xsi="http://www.w3.org/2001/XMLSchema-instance" xsi:schemaLocation="http://schema.primaresearch.org/PAGE/gts/pagecontent/2013-07-15 http://schema.primaresearch.org/PAGE/gts/pagecontent/2013-07-15/pagecontent.xsd">
    <Metadata>
        <Creator>prov=READ-COOP:name=PyLaia@TranskribusPlatform:version=2.12.1:model_id=39995:lm=provided:date=28_03_2024_21:32</Creator>
        <Created>2019-10-07T11:47:14.791+02:00</Created>
        <LastChange>2024-03-28T21:32:17.295+01:00</LastChange>
        <TranskribusMetadata docId="223990" pageId="9503937" pageNr="101" tsid="156390168" status="IN_PROGRESS" userId="40391" imgUrl="https://files.transkribus.eu/Get?id=YCKSVXPXFSZZAODIGFUVUIGU&amp;fileType=view" xmlUrl="https://files.transkribus.eu/Get?id=OEIESRXBTCEYFTRTBSMXVRJP" imageId="6194151"/>
    </Metadata>
    <Page imageFilename="223990_0101.jpeg" imageWidth="3436" imageHeight="4448">
        <ReadingOrder>
            <OrderedGroup id="ro_1712662607205" caption="Regions reading order">
                <RegionRefIndexed index="0" regionRef="tr_1"/>
                <RegionRefIndexed index="1" regionRef="tr_2"/>
            </OrderedGroup>
        </ReadingOrder>
        <TextRegion orientation="0.0" id="tr_1" custom="readingOrder {index:0;}">
            <Coords points="158,227 158,3787 2701,3787 2701,227"/>
            <TextLine id="tr_1_tl_1" custom="readingOrder {index:0;}">
                <Coords points="151,267 621,300 1107,266 1193,304 1249,292 1248,196 866,199 741,240 562,188 149,211"/>
                <Baseline points="158,250 212,257 267,256 322,255 377,256 431,262 486,261 541,261 596,260 650,266 705,268 760,264 815,260 869,264 924,265 979,268 1034,268 1088,268 1143,270 1198,268 1253,271"/>
                <TextEquiv>
                    <Unicode>8. Freiwild box 14/2</Unicode>
                </TextEquiv>
            </TextLine>
            <TextLine id="tr_1_tl_2" custom="readingOrder {index:1;}">
                <Coords points="2302,660 2325,670 2351,655 2456,693 2584,610 2677,630 2687,533 2614,553 2532,522 2488,545 2428,504 2315,511"/>
                <Baseline points="2310,647 2336,640 2363,631 2389,622 2416,614 2443,608 2469,608 2496,610 2523,614 2549,611 2576,607 2603,604 2629,603 2656,603 2683,603"/>
                <TextEquiv>
                    <Unicode></Unicode>
                </TextEquiv>
            </TextLine>
            <TextLine id="tr_1_tl_3" custom="readingOrder {index:2;}">
                <Coords points="884,649 903,644 926,658 945,648 963,666 1008,641 1034,640 1043,399 1012,408 986,403 959,418 921,404 893,410"/>
                <Baseline points="892,629 921,632 950,632 979,632 1008,629 1038,623"/>
                <TextEquiv>
                    <Unicode></Unicode>
                </TextEquiv>
            </TextLine>
            <TextLine id="tr_1_tl_4" custom="readingOrder {index:3;}">
                <Coords points="1497,662 1562,638 1615,664 1655,626 1941,690 2078,640 2267,663 2266,626 2050,570 2017,597 1923,559 1806,585 1752,556 1643,599 1565,555 1495,570"/>
                <Baseline points="1504,620 1542,623 1580,625 1619,628 1657,629 1695,631 1734,635 1772,635 1810,635 1849,637 1887,638 1925,639 1964,641 2002,641 2040,641 2079,641 2117,641 2155,643 2194,644 2232,645 2271,647"/>
                <TextEquiv>
                    <Unicode></Unicode>
                </TextEquiv>
            </TextLine>
            <TextLine id="tr_1_tl_5" custom="readingOrder {index:4;}">
                <Coords points="643,755 652,758 666,752 692,766 703,764 712,774 726,773 743,653 726,656 707,669 697,664 677,677 675,673 667,678 653,675"/>
                <Baseline points="653,740 681,736 709,732 737,728"/>
                <TextEquiv>
                    <Unicode></Unicode>
                </TextEquiv>
            </TextLine>
            <TextLine id="tr_1_tl_6" custom="readingOrder {index:5;}">
                <Coords points="1492,789 1685,790 1708,774 1754,789 1791,774 1850,792 1933,781 1932,747 1881,752 1802,718 1758,737 1710,723 1634,744 1489,714"/>
                <Baseline points="1498,764 1523,766 1549,767 1575,769 1601,770 1627,770 1652,770 1678,770 1704,770 1730,770 1756,770 1782,771 1807,773 1833,773 1859,773 1885,775 1911,776 1937,776"/>
                <TextEquiv>
                    <Unicode>EERS, DAS GELD.</Unicode>
                </TextEquiv>
            </TextLine>
            <TextLine id="tr_1_tl_7" custom="readingOrder {index:6;}">
                <Coords points="2593,799 2608,803 2622,790 2641,797 2674,822 2684,815 2696,817 2691,737 2674,736 2662,727 2648,732 2636,722 2624,723 2617,717 2588,721"/>
                <Baseline points="2600,788 2631,790 2663,792 2695,794"/>
                <TextEquiv>
                    <Unicode>259</Unicode>
                </TextEquiv>
            </TextLine>
            <TextLine id="tr_1_tl_8" custom="readingOrder {index:7;}">
                <Coords points="751,870 1365,904 1692,882 1680,830 1623,854 1447,822 1286,847 751,818"/>
                <Baseline points="758,865 804,865 851,865 898,865 945,867 992,866 1039,868 1085,869 1132,871 1179,871 1226,871 1273,873 1320,874 1367,874 1413,874 1460,874 1507,874 1554,876 1601,877 1648,874 1695,871"/>
                <TextEquiv>
                    <Unicode>da war die Gelegenheit gegeben, den Zusam¬</Unicode>
                </TextEquiv>
            </TextLine>
            <TextLine id="tr_1_tl_9" custom="readingOrder {index:8;}">
                <Coords points="1741,889 2699,922 2699,862 1740,840"/>
                <Baseline points="1749,880 1796,877 1844,877 1891,878 1939,880 1987,880 2034,881 2082,883 2129,883 2177,885 2225,886 2272,888 2320,889 2367,889 2415,889 2463,889 2510,892 2558,892 2605,892 2653,891 2701,889"/>
                <TextEquiv>
                    <Unicode>zu einer Revision drängt. Also statt der</Unicode>
                </TextEquiv>
            </TextLine>
            <TextLine id="tr_1_tl_10" custom="readingOrder {index:9;}">
                <Coords points="751,923 1659,941 1692,934 1692,882 1365,904 749,870"/>
                <Baseline points="758,916 804,916 851,916 898,916 945,916 992,916 1039,916 1085,917 1132,919 1179,919 1226,920 1273,922 1320,924 1367,923 1413,922 1460,924 1507,925 1554,925 1601,925 1648,925 1695,928"/>
                <TextEquiv>
                    <Unicode>menhang zwischen Geldmer und Waren¬</Unicode>
                </TextEquiv>
            </TextLine>
            <TextLine id="tr_1_tl_11" custom="readingOrder {index:10;}">
                <Coords points="1739,948 2692,947 2652,896 1739,892"/>
                <Baseline points="1746,928 1793,925 1840,928 1888,928 1935,928 1983,929 2030,932 2078,934 2125,934 2173,934 2220,934 2267,936 2315,935 2362,936 2410,937 2457,937 2505,937 2552,940 2600,940 2647,940 2695,940"/>
                <TextEquiv>
                    <Unicode>mechanischen Berührung ein innerer Vor¬</Unicode>
                </TextEquiv>
            </TextLine>
            <TextLine id="tr_1_tl_12" custom="readingOrder {index:11;}">
                <Coords points="756,978 1693,982 1693,934 1636,929 756,922"/>
                <Baseline points="764,967 810,964 857,964 903,967 950,964 996,967 1043,967 1089,967 1136,967 1182,967 1229,967 1276,968 1322,970 1369,970 1415,972 1462,973 1508,973 1555,975 1601,974 1648,973 1695,973"/>
                <TextEquiv>
                    <Unicode>preis zu beobachten. Es steht nun fest, dass</Unicode>
                </TextEquiv>
            </TextLine>
            <TextLine id="tr_1_tl_13" custom="readingOrder {index:12;}">
                <Coords points="1736,991 2624,1014 2693,986 2558,943 1736,948"/>
                <Baseline points="1743,982 1790,976 1838,979 1885,979 1933,979 1981,980 2028,982 2076,982 2123,982 2171,980 2219,983 2266,983 2314,984 2361,985 2409,985 2457,985 2504,988 2552,988 2599,988 2647,987 2695,985"/>
                <TextEquiv>
                    <Unicode>gang, dem gegenüber der Rechenstift ver¬</Unicode>
                </TextEquiv>
            </TextLine>
            <TextLine id="tr_1_tl_14" custom="readingOrder {index:13;}">
                <Coords points="751,1023 1625,1048 1695,1029 1695,981 749,977"/>
                <Baseline points="758,1014 805,1011 852,1014 899,1014 946,1014 993,1014 1040,1015 1087,1017 1134,1017 1181,1017 1228,1017 1275,1017 1322,1017 1369,1017 1416,1019 1463,1020 1510,1020 1557,1020 1604,1020 1651,1023 1698,1023"/>
                <TextEquiv>
                    <Unicode>in den gedachten Zeitläuften die Warenpreise</Unicode>
                </TextEquiv>
            </TextLine>
            <TextLine id="tr_1_tl_15" custom="readingOrder {index:14;}">
                <Coords points="1739,1045 2593,1060 2685,1054 2685,1004 1737,996"/>
                <Baseline points="1746,1023 1793,1026 1840,1026 1887,1023 1934,1024 1981,1026 2028,1027 2076,1029 2123,1029 2170,1029 2217,1029 2264,1029 2311,1031 2358,1032 2406,1032 2453,1034 2500,1035 2547,1038 2594,1038 2641,1038 2689,1038"/>
                <TextEquiv>
                    <Unicode>sagt. Wenn der Dienst des einen Wagens,</Unicode>
                </TextEquiv>
            </TextLine>
            <TextLine id="tr_1_tl_16" custom="readingOrder {index:15;}">
                <Coords points="751,1073 1693,1096 1692,1044 1597,1030 751,1023"/>
                <Baseline points="758,1059 804,1059 851,1062 898,1062 945,1062 992,1062 1039,1062 1085,1063 1132,1065 1179,1065 1226,1065 1273,1065 1320,1067 1367,1068 1413,1068 1460,1068 1507,1070 1554,1071 1601,1071 1648,1071 1695,1077"/>
                <TextEquiv>
                    <Unicode>fast durchweg in eine steigende Richtung</Unicode>
                </TextEquiv>
            </TextLine>
            <TextLine id="tr_1_tl_17" custom="readingOrder {index:16;}">
                <Coords points="1744,1082 2689,1106 2688,1054 2651,1045 1744,1045"/>
                <Baseline points="1752,1071 1799,1071 1846,1074 1893,1074 1940,1075 1987,1077 2034,1077 2081,1077 2128,1077 2175,1077 2222,1078 2269,1080 2316,1080 2363,1082 2410,1083 2457,1083 2504,1083 2551,1086 2598,1086 2645,1086 2692,1086"/>
                <TextEquiv>
                    <Unicode>der zehnmal läuft, durch den Dienst von zehn</Unicode>
                </TextEquiv>
            </TextLine>
            <TextLine id="tr_1_tl_18" custom="readingOrder {index:17;}">
                <Coords points="754,1123 1695,1138 1666,1082 752,1073"/>
                <Baseline points="761,1116 807,1110 854,1110 901,1110 948,1112 995,1111 1042,1113 1088,1113 1135,1113 1182,1113 1229,1114 1276,1116 1323,1116 1370,1118 1416,1119 1463,1119 1510,1119 1557,1119 1604,1121 1651,1119 1698,1125"/>
                <TextEquiv>
                    <Unicode>gerieten. Damit ist freilich noch nicht der</Unicode>
                </TextEquiv>
            </TextLine>
            <TextLine id="tr_1_tl_19" custom="readingOrder {index:18;}">
                <Coords points="1748,1126 2688,1144 2687,1103 2617,1096 1748,1085"/>
                <Baseline points="1755,1122 1801,1122 1848,1122 1895,1122 1942,1125 1989,1125 2036,1125 2082,1126 2129,1128 2176,1128 2223,1128 2270,1128 2317,1130 2364,1131 2410,1133 2457,1134 2504,1134 2551,1134 2598,1134 2645,1134 2692,1137"/>
                <TextEquiv>
                    <Unicode>Wagen, die je einmal laufen, abgelöst ist, hat</Unicode>
                </TextEquiv>
            </TextLine>
            <TextLine id="tr_1_tl_20" custom="readingOrder {index:19;}">
                <Coords points="748,1160 1680,1193 1680,1132 1606,1123 748,1133"/>
                <Baseline points="755,1158 801,1158 847,1158 894,1161 940,1161 987,1161 1033,1161 1079,1162 1126,1163 1172,1161 1219,1162 1265,1164 1311,1165 1358,1167 1404,1167 1451,1167 1497,1167 1543,1169 1590,1170 1636,1170 1683,1173"/>
                <TextEquiv>
                    <Unicode>unwiderlegliche Beweis geliefert, dass ledig</Unicode>
                </TextEquiv>
            </TextLine>
            <TextLine id="tr_1_tl_21" custom="readingOrder {index:20;}">
                <Coords points="1744,1186 2571,1203 2695,1188 2695,1144 1743,1126"/>
                <Baseline points="1752,1170 1799,1173 1846,1173 1893,1173 1941,1173 1988,1173 2035,1173 2083,1174 2130,1176 2177,1176 2225,1178 2272,1177 2319,1178 2366,1181 2414,1182 2461,1182 2508,1182 2556,1182 2603,1185 2650,1185 2698,1185"/>
                <TextEquiv>
                    <Unicode>sich auf dem Verkehrsgebiet nur die genau</Unicode>
                </TextEquiv>
            </TextLine>
            <TextLine id="tr_1_tl_22" custom="readingOrder {index:21;}">
                <Coords points="751,1223 1685,1219 1592,1174 751,1170"/>
                <Baseline points="758,1206 804,1209 851,1209 897,1209 944,1209 990,1210 1037,1212 1083,1212 1130,1212 1176,1212 1223,1213 1270,1214 1316,1214 1363,1214 1409,1214 1456,1214 1502,1216 1549,1217 1595,1219 1642,1218 1689,1214"/>
                <TextEquiv>
                    <Unicode>lich die Geldvermehrung die bewegende Ur¬</Unicode>
                </TextEquiv>
            </TextLine>
            <TextLine id="tr_1_tl_23" custom="readingOrder {index:22;}">
                <Coords points="1736,1248 2687,1251 2687,1210 2637,1192 1736,1193"/>
                <Baseline points="1743,1214 1790,1217 1837,1220 1884,1220 1932,1221 1979,1223 2026,1223 2074,1224 2121,1225 2168,1224 2216,1226 2263,1226 2310,1226 2357,1228 2405,1229 2452,1229 2499,1229 2547,1232 2594,1232 2641,1232 2689,1238"/>
                <TextEquiv>
                    <Unicode>zu berechnende Quantität geändert, sonst nichts;</Unicode>
                </TextEquiv>
            </TextLine>
            <TextLine id="tr_1_tl_24" custom="readingOrder {index:23;}">
                <Coords points="748,1263 1692,1296 1691,1217 1288,1247 1219,1217 747,1215"/>
                <Baseline points="755,1256 802,1256 849,1256 896,1256 943,1256 990,1256 1037,1257 1084,1259 1131,1260 1178,1261 1225,1260 1272,1262 1319,1262 1366,1264 1413,1265 1460,1265 1507,1265 1554,1268 1601,1268 1648,1268 1695,1268"/>
                <TextEquiv>
                    <Unicode>sache gewesen sei. Von den Gegnern der</Unicode>
                </TextEquiv>
            </TextLine>
            <TextLine id="tr_1_tl_25" custom="readingOrder {index:24;}">
                <Coords points="1739,1289 1977,1270 2687,1312 2662,1238 1739,1247"/>
                <Baseline points="1746,1268 1793,1268 1840,1268 1887,1271 1934,1269 1981,1271 2028,1271 2076,1271 2123,1272 2170,1274 2217,1274 2264,1276 2311,1275 2358,1276 2406,1277 2453,1279 2500,1277 2547,1280 2594,1280 2641,1280 2689,1283"/>
                <TextEquiv>
                    <Unicode>wenn aber an Stelle des geringeren Geld vor¬</Unicode>
                </TextEquiv>
            </TextLine>
            <TextLine id="tr_1_tl_26" custom="readingOrder {index:25;}">
                <Coords points="758,1319 1611,1338 1685,1318 1684,1284 756,1265"/>
                <Baseline points="764,1310 810,1307 856,1307 902,1307 949,1307 995,1307 1041,1308 1087,1310 1134,1310 1180,1310 1226,1310 1272,1311 1319,1313 1365,1313 1411,1313 1457,1314 1504,1316 1550,1316 1596,1318 1642,1317 1689,1319"/>
                <TextEquiv>
                    <Unicode>Quantitätstheorie wird dies namentlich be¬</Unicode>
                </TextEquiv>
            </TextLine>
            <TextLine id="tr_1_tl_27" custom="readingOrder {index:26;}">
                <Coords points="1741,1333 2684,1355 2682,1311 2607,1293 1741,1284"/>
                <Baseline points="1749,1319 1795,1316 1842,1319 1889,1319 1936,1319 1983,1319 2030,1319 2076,1320 2123,1322 2170,1322 2217,1322 2264,1322 2311,1324 2358,1325 2404,1325 2451,1327 2498,1328 2545,1328 2592,1330 2639,1331 2686,1334"/>
                <TextEquiv>
                    <Unicode>rats ein grösserer tritt, so ergiebt sich neben</Unicode>
                </TextEquiv>
            </TextLine>
            <TextLine id="tr_1_tl_28" custom="readingOrder {index:27;}">
                <Coords points="744,1362 1674,1384 1660,1321 744,1323"/>
                <Baseline points="752,1355 798,1355 844,1355 890,1358 937,1358 983,1358 1029,1361 1075,1360 1122,1359 1168,1361 1214,1361 1260,1361 1307,1361 1353,1361 1399,1361 1445,1362 1492,1364 1538,1364 1584,1364 1630,1366 1677,1364"/>
                <TextEquiv>
                    <Unicode>züglich der goldreichen Periode von 185</Unicode>
                </TextEquiv>
            </TextLine>
            <TextLine id="tr_1_tl_29" custom="readingOrder {index:28;}">
                <Coords points="1741,1382 2622,1402 2678,1397 2678,1356 1740,1336"/>
                <Baseline points="1749,1370 1795,1367 1842,1367 1888,1367 1935,1367 1981,1368 2028,1370 2074,1370 2121,1371 2167,1373 2214,1373 2261,1373 2307,1373 2354,1375 2400,1376 2447,1376 2493,1376 2540,1378 2586,1379 2633,1381 2680,1388"/>
                <TextEquiv>
                    <Unicode>jener ziffermässig festzustellenden Änderung</Unicode>
                </TextEquiv>
            </TextLine>
            <TextLine id="tr_1_tl_30" custom="readingOrder {index:29;}">
                <Coords points="751,1421 1682,1426 1682,1384 1585,1370 826,1384 751,1358"/>
                <Baseline points="758,1403 804,1403 850,1403 897,1406 943,1406 990,1406 1036,1406 1082,1407 1129,1410 1175,1412 1222,1412 1268,1412 1314,1412 1361,1412 1407,1412 1454,1412 1500,1412 1546,1414 1593,1415 1639,1415 1686,1415"/>
                <TextEquiv>
                    <Unicode>bis 1870 bestritten. „Der Aufschwung, be¬</Unicode>
                </TextEquiv>
            </TextLine>
            <TextLine id="tr_1_tl_31" custom="readingOrder {index:30;}">
                <Coords points="1739,1422 2684,1434 2682,1395 2585,1382 2450,1412 2407,1382 1739,1386"/>
                <Baseline points="1746,1409 1793,1415 1840,1415 1887,1415 1934,1415 1981,1416 2028,1417 2075,1417 2122,1418 2169,1420 2216,1420 2263,1422 2310,1423 2357,1423 2404,1423 2451,1425 2498,1426 2545,1426 2592,1426 2639,1426 2686,1426"/>
                <TextEquiv>
                    <Unicode>noch eine weitere Anderung, die nicht mess¬</Unicode>
                </TextEquiv>
            </TextLine>
            <TextLine id="tr_1_tl_32" custom="readingOrder {index:31;}">
                <Coords points="752,1467 1680,1484 1684,1425 751,1421"/>
                <Baseline points="758,1450 804,1453 851,1453 897,1453 944,1453 990,1456 1037,1456 1083,1456 1130,1456 1176,1458 1223,1462 1270,1461 1316,1459 1363,1461 1409,1462 1456,1462 1502,1462 1549,1462 1595,1462 1642,1462 1689,1465"/>
                <TextEquiv>
                    <Unicode>merkt ein Schriftsteller, „entsprang einer Reihe</Unicode>
                </TextEquiv>
            </TextLine>
            <TextLine id="tr_1_tl_33" custom="readingOrder {index:32;}">
                <Coords points="1733,1485 2684,1485 2682,1432 1732,1418"/>
                <Baseline points="1740,1462 1787,1462 1834,1465 1881,1465 1929,1465 1976,1466 2023,1468 2071,1468 2118,1468 2165,1468 2213,1468 2260,1468 2307,1470 2354,1473 2402,1474 2449,1474 2496,1474 2544,1474 2591,1477 2638,1477 2686,1480"/>
                <TextEquiv>
                    <Unicode>bar und wagbar ist, weil sie auf die Seele</Unicode>
                </TextEquiv>
            </TextLine>
            <TextLine id="tr_1_tl_34" custom="readingOrder {index:33;}">
                <Coords points="741,1518 1682,1525 1652,1471 741,1469"/>
                <Baseline points="749,1507 795,1501 842,1501 889,1504 936,1504 983,1504 1030,1504 1076,1504 1123,1504 1170,1505 1217,1507 1264,1507 1311,1507 1358,1507 1404,1509 1451,1510 1498,1510 1545,1510 1592,1510 1639,1513 1686,1507"/>
                <TextEquiv>
                    <Unicode>grossartiger technischer Erfindungen und wirt¬</Unicode>
                </TextEquiv>
            </TextLine>
            <TextLine id="tr_1_tl_35" custom="readingOrder {index:34;}">
                <Coords points="1741,1523 2678,1547 2678,1502 1740,1481"/>
                <Baseline points="1749,1510 1795,1510 1842,1513 1888,1513 1935,1516 1981,1516 2028,1516 2074,1516 2121,1516 2167,1517 2214,1519 2261,1519 2307,1519 2354,1521 2400,1522 2447,1522 2493,1522 2540,1524 2586,1525 2633,1525 2680,1525"/>
                <TextEquiv>
                    <Unicode>des Menschen zurückleitet. Man muss immer</Unicode>
                </TextEquiv>
            </TextLine>
            <TextLine id="tr_1_tl_36" custom="readingOrder {index:35;}">
                <Coords points="741,1552 925,1577 960,1558 1081,1580 1330,1571 1330,1522 1311,1518 1128,1510 1089,1528 1064,1510 973,1529 804,1506 741,1533"/>
                <Baseline points="749,1546 778,1550 807,1552 836,1552 866,1552 895,1552 924,1552 953,1554 983,1554 1012,1552 1041,1554 1070,1555 1100,1555 1129,1555 1158,1555 1187,1557 1217,1558 1246,1558 1275,1558 1304,1559 1334,1561"/>
                <TextEquiv>
                    <Unicode>schaftlicher Errichtungen;</Unicode>
                </TextEquiv>
            </TextLine>
            <TextLine id="tr_1_tl_37" custom="readingOrder {index:36;}">
                <Coords points="1392,1569 1418,1581 1514,1559 1534,1574 1573,1563 1639,1577 1678,1566 1678,1528 1633,1536 1599,1511 1528,1519 1484,1545 1438,1521 1392,1540"/>
                <Baseline points="1400,1558 1425,1558 1450,1558 1476,1557 1501,1555 1527,1557 1552,1558 1578,1560 1603,1560 1629,1558 1654,1557 1680,1555"/>
                <TextEquiv>
                    <Unicode>die Goldver-</Unicode>
                </TextEquiv>
            </TextLine>
            <TextLine id="tr_1_tl_38" custom="readingOrder {index:37;}">
                <Coords points="1733,1571 2680,1582 2637,1536 1733,1532"/>
                <Baseline points="1740,1561 1787,1561 1834,1564 1881,1564 1928,1562 1975,1564 2022,1565 2070,1567 2117,1567 2164,1567 2211,1569 2258,1570 2305,1570 2352,1570 2400,1570 2447,1572 2494,1573 2541,1573 2588,1573 2635,1573 2683,1576"/>
                <TextEquiv>
                    <Unicode>im Auge behalten, dass der Preis — der</Unicode>
                </TextEquiv>
            </TextLine>
            <TextLine id="tr_1_tl_39" custom="readingOrder {index:38;}">
                <Coords points="751,1610 1665,1633 1681,1567 749,1577"/>
                <Baseline points="758,1600 804,1600 850,1600 897,1603 943,1603 990,1602 1036,1601 1082,1603 1129,1603 1175,1604 1222,1606 1268,1606 1314,1606 1361,1606 1407,1608 1454,1609 1500,1609 1546,1609 1593,1611 1639,1610 1686,1606"/>
                <TextEquiv>
                    <Unicode>mehrung befreite die Unternehmungslust aller¬</Unicode>
                </TextEquiv>
            </TextLine>
            <TextLine id="tr_1_tl_40" custom="readingOrder {index:39;}">
                <Coords points="1744,1612 2687,1630 2661,1580 2270,1604 1744,1571"/>
                <Baseline points="1752,1609 1798,1609 1845,1612 1892,1612 1939,1612 1986,1612 2033,1612 2079,1613 2126,1615 2173,1614 2220,1613 2267,1616 2314,1619 2361,1620 2407,1620 2454,1620 2501,1622 2548,1623 2595,1623 2642,1623 2689,1626"/>
                <TextEquiv>
                    <Unicode>Waare wie des Geldes — nichts den Dingen</Unicode>
                </TextEquiv>
            </TextLine>
            <TextLine id="tr_1_tl_41" custom="readingOrder {index:40;}">
                <Coords points="744,1660 1600,1677 1689,1674 1689,1629 743,1604"/>
                <Baseline points="752,1644 799,1650 846,1650 893,1650 940,1650 987,1650 1034,1650 1081,1651 1128,1653 1175,1653 1222,1653 1269,1653 1316,1653 1363,1655 1410,1656 1457,1656 1504,1658 1551,1659 1598,1659 1645,1659 1692,1656"/>
                <TextEquiv>
                    <Unicode>dings von der Sorge des Mangels an Um¬</Unicode>
                </TextEquiv>
            </TextLine>
            <TextLine id="tr_1_tl_42" custom="readingOrder {index:41;}">
                <Coords points="1739,1670 2473,1692 2682,1678 2682,1636 1737,1614"/>
                <Baseline points="1746,1659 1793,1659 1840,1662 1887,1662 1934,1661 1981,1660 2028,1662 2075,1663 2122,1665 2169,1665 2216,1665 2263,1665 2310,1667 2357,1668 2404,1670 2451,1671 2498,1671 2545,1674 2592,1674 2639,1674 2686,1674"/>
                <TextEquiv>
                    <Unicode>Immanentes ist, sondern vom Menschen in das</Unicode>
                </TextEquiv>
            </TextLine>
            <TextLine id="tr_1_tl_43" custom="readingOrder {index:42;}">
                <Coords points="751,1708 1547,1726 1682,1715 1682,1674 749,1652"/>
                <Baseline points="758,1698 804,1698 850,1698 897,1698 943,1698 990,1698 1036,1699 1082,1701 1129,1701 1175,1701 1222,1702 1268,1704 1314,1704 1361,1704 1407,1706 1454,1705 1500,1704 1546,1706 1593,1707 1639,1707 1686,1704"/>
                <TextEquiv>
                    <Unicode>laufsmitteln, was bei der geringen Entwickel¬</Unicode>
                </TextEquiv>
            </TextLine>
            <TextLine id="tr_1_tl_44" custom="readingOrder {index:43;}">
                <Coords points="1743,1721 2677,1740 2676,1693 1741,1673"/>
                <Baseline points="1749,1710 1795,1710 1842,1713 1888,1710 1935,1713 1981,1711 2028,1713 2074,1713 2121,1713 2167,1714 2214,1716 2261,1716 2307,1717 2354,1719 2400,1719 2447,1719 2493,1721 2540,1722 2586,1722 2633,1722 2680,1725"/>
                <TextEquiv>
                    <Unicode>Ding hineingetragen wird. In dem Preise,</Unicode>
                </TextEquiv>
            </TextLine>
            <TextLine id="tr_1_tl_45" custom="readingOrder {index:44;}">
                <Coords points="751,1763 1578,1777 1685,1763 1685,1732 749,1707"/>
                <Baseline points="758,1746 804,1746 851,1746 897,1746 944,1746 990,1747 1037,1749 1083,1750 1130,1752 1176,1752 1223,1752 1270,1752 1316,1752 1363,1752 1409,1754 1456,1755 1502,1755 1549,1755 1595,1757 1642,1758 1689,1758"/>
                <TextEquiv>
                    <Unicode>ung des Geldsurrogatenverkehrs damals von</Unicode>
                </TextEquiv>
            </TextLine>
            <TextLine id="tr_1_tl_46" custom="readingOrder {index:45;}">
                <Coords points="1741,1777 2682,1781 2651,1729 1740,1718"/>
                <Baseline points="1749,1755 1795,1758 1842,1758 1889,1758 1936,1759 1983,1761 2030,1761 2076,1761 2123,1761 2170,1762 2217,1764 2264,1764 2311,1766 2358,1767 2404,1767 2451,1767 2498,1769 2545,1772 2592,1773 2639,1770 2686,1773"/>
                <TextEquiv>
                    <Unicode>welchen der Mensch den Gütern verleiht, be¬</Unicode>
                </TextEquiv>
            </TextLine>
            <TextLine id="tr_1_tl_47" custom="readingOrder {index:46;}">
                <Coords points="744,1813 1689,1829 1689,1778 1626,1762 744,1769"/>
                <Baseline points="752,1800 799,1797 846,1797 893,1797 940,1797 987,1797 1034,1797 1081,1798 1128,1800 1175,1800 1222,1800 1269,1802 1316,1803 1363,1803 1410,1803 1457,1803 1504,1803 1551,1806 1598,1806 1645,1806 1692,1806"/>
                <TextEquiv>
                    <Unicode>grösster Tragweite war. Die bimetallistische</Unicode>
                </TextEquiv>
            </TextLine>
            <TextLine id="tr_1_tl_48" custom="readingOrder {index:47;}">
                <Coords points="1726,1817 2684,1844 2674,1778 1726,1785"/>
                <Baseline points="1734,1806 1781,1806 1829,1806 1876,1809 1924,1809 1972,1809 2019,1809 2067,1810 2114,1812 2162,1812 2210,1812 2257,1812 2305,1814 2352,1815 2400,1815 2448,1815 2495,1818 2543,1818 2590,1818 2638,1818 2686,1818"/>
                <TextEquiv>
                    <Unicode>zeugt sich die Herrschaft des Geistes über</Unicode>
                </TextEquiv>
            </TextLine>
            <TextLine id="tr_1_tl_49" custom="readingOrder {index:48;}">
                <Coords points="741,1848 1682,1871 1682,1825 1607,1813 741,1813"/>
                <Baseline points="749,1844 795,1844 842,1844 889,1847 936,1847 983,1848 1030,1850 1076,1850 1123,1850 1170,1850 1217,1850 1264,1850 1311,1850 1358,1850 1404,1852 1451,1853 1498,1853 1545,1853 1592,1853 1639,1856 1686,1856"/>
                <TextEquiv>
                    <Unicode>Behauptung, dass die niedrigen Warenpreise,</Unicode>
                </TextEquiv>
            </TextLine>
            <TextLine id="tr_1_tl_50" custom="readingOrder {index:49;}">
                <Coords points="1733,1858 2567,1884 2684,1881 2684,1844 1732,1819"/>
                <Baseline points="1740,1853 1787,1856 1834,1856 1881,1856 1929,1857 1976,1859 2023,1859 2071,1859 2118,1859 2165,1859 2213,1859 2260,1861 2307,1862 2354,1862 2402,1864 2449,1865 2496,1865 2544,1868 2591,1868 2638,1868 2686,1865"/>
                <TextEquiv>
                    <Unicode>die Materie, mag der Geist es auch leider</Unicode>
                </TextEquiv>
            </TextLine>
            <TextLine id="tr_1_tl_51" custom="readingOrder {index:50;}">
                <Coords points="741,1907 1678,1929 1678,1863 740,1848"/>
                <Baseline points="749,1892 795,1895 842,1895 888,1895 935,1898 981,1897 1028,1896 1074,1898 1121,1899 1167,1901 1214,1900 1261,1899 1307,1901 1354,1901 1400,1901 1447,1901 1493,1901 1540,1903 1586,1904 1633,1904 1680,1907"/>
                <TextEquiv>
                    <Unicode>die seit ein par Jahrzehnten bei uns die</Unicode>
                </TextEquiv>
            </TextLine>
            <TextLine id="tr_1_tl_52" custom="readingOrder {index:51;}">
                <Coords points="1736,1908 2682,1928 2682,1880 2611,1874 1736,1873"/>
                <Baseline points="1743,1904 1790,1904 1837,1904 1884,1904 1931,1905 1978,1907 2025,1907 2073,1907 2120,1908 2167,1910 2214,1910 2261,1912 2308,1913 2355,1913 2403,1913 2450,1915 2497,1913 2544,1913 2591,1913 2638,1913 2686,1913"/>
                <TextEquiv>
                    <Unicode>Gottes oftmals an der geringsten Ver¬</Unicode>
                </TextEquiv>
            </TextLine>
            <TextLine id="tr_1_tl_53" custom="readingOrder {index:52;}">
                <Coords points="741,1958 1671,1977 1671,1926 1585,1911 741,1907"/>
                <Baseline points="749,1943 795,1943 841,1943 887,1943 934,1943 980,1946 1026,1946 1072,1946 1119,1947 1165,1949 1211,1949 1257,1949 1304,1949 1350,1949 1396,1949 1442,1950 1489,1952 1535,1952 1581,1954 1627,1955 1674,1952"/>
                <TextEquiv>
                    <Unicode>Herrschaft haben, sich aus der Geldknapp</Unicode>
                </TextEquiv>
            </TextLine>
            <TextLine id="tr_1_tl_54" custom="readingOrder {index:53;}">
                <Coords points="1726,1965 2677,1980 2677,1925 2588,1915 2288,1948 2202,1913 1726,1917"/>
                <Baseline points="1734,1955 1781,1955 1828,1955 1875,1955 1923,1955 1970,1955 2017,1956 2065,1958 2112,1958 2159,1958 2207,1958 2254,1960 2301,1961 2348,1961 2396,1961 2443,1964 2490,1964 2538,1964 2585,1964 2632,1964 2680,1961"/>
                <TextEquiv>
                    <Unicode>nünftigkeit fehlen lassen. Die Quantitäts¬</Unicode>
                </TextEquiv>
            </TextLine>
            <TextLine id="tr_1_tl_55" custom="readingOrder {index:54;}">
                <Coords points="741,1999 1630,2026 1680,2019 1680,1974 740,1958"/>
                <Baseline points="749,1988 795,1991 842,1991 889,1994 935,1994 982,1994 1029,1993 1075,1991 1122,1993 1169,1997 1216,1997 1262,1998 1309,1998 1356,1999 1402,2000 1449,2000 1496,2000 1542,2000 1589,2002 1636,2003 1683,2000"/>
                <TextEquiv>
                    <Unicode>heit erklären — das Münzbecken, in dem</Unicode>
                </TextEquiv>
            </TextLine>
            <TextLine id="tr_1_tl_56" custom="readingOrder {index:55;}">
                <Coords points="1726,2008 2685,2041 2661,1971 2573,1996 2384,1963 2266,1989 1726,1965"/>
                <Baseline points="1734,2003 1781,2003 1829,2000 1876,2003 1924,2004 1972,2006 2019,2006 2067,2007 2114,2009 2162,2009 2210,2009 2257,2009 2305,2009 2352,2011 2400,2012 2448,2012 2495,2012 2543,2015 2590,2015 2638,2014 2686,2015"/>
                <TextEquiv>
                    <Unicode>theorie pure abzulehnen, erscheint uns nicht</Unicode>
                </TextEquiv>
            </TextLine>
            <TextLine id="tr_1_tl_57" custom="readingOrder {index:56;}">
                <Coords points="749,2066 1677,2062 1676,2019 1586,2000 1232,2025 1119,1993 748,1996"/>
                <Baseline points="755,2038 801,2041 847,2041 893,2038 940,2041 986,2044 1032,2043 1078,2042 1125,2044 1171,2044 1217,2045 1263,2047 1310,2047 1356,2047 1402,2047 1448,2047 1495,2047 1541,2049 1587,2050 1633,2052 1680,2050"/>
                <TextEquiv>
                    <Unicode>früher Gold und Silber nebeneinander ruhten,</Unicode>
                </TextEquiv>
            </TextLine>
            <TextLine id="tr_1_tl_58" custom="readingOrder {index:57;}">
                <Coords points="1729,2066 2555,2067 2608,2096 2687,2074 2687,2040 1728,2008"/>
                <Baseline points="1737,2053 1784,2053 1832,2053 1879,2053 1927,2053 1975,2053 2022,2054 2070,2056 2117,2056 2165,2056 2213,2056 2260,2056 2308,2058 2355,2059 2403,2062 2451,2062 2498,2062 2546,2062 2593,2065 2641,2062 2689,2062"/>
                <TextEquiv>
                    <Unicode>zulässig; wenn man sie cur grano salis</Unicode>
                </TextEquiv>
            </TextLine>
            <TextLine id="tr_1_tl_59" custom="readingOrder {index:58;}">
                <Coords points="741,2099 1152,2103 1200,2132 1254,2100 1680,2103 1647,2054 740,2069"/>
                <Baseline points="749,2086 795,2089 842,2092 889,2092 935,2092 982,2092 1029,2092 1075,2093 1122,2095 1169,2095 1216,2095 1262,2095 1309,2095 1356,2097 1402,2098 1449,2098 1496,2098 1542,2098 1589,2098 1636,2098 1683,2098"/>
                <TextEquiv>
                    <Unicode>sei zu klein geworden, seitdem man das Sil¬</Unicode>
                </TextEquiv>
            </TextLine>
            <TextLine id="tr_1_tl_60" custom="readingOrder {index:59;}">
                <Coords points="1726,2119 2407,2130 2432,2088 2281,2063 1725,2066"/>
                <Baseline points="1734,2101 1769,2101 1804,2101 1839,2101 1874,2101 1909,2101 1944,2101 1979,2102 2014,2104 2049,2104 2084,2104 2119,2106 2154,2106 2189,2104 2224,2107 2259,2107 2294,2107 2329,2107 2364,2107 2399,2110 2435,2110"/>
                <TextEquiv>
                    <Unicode>nimmt, kann man ihr zustimmen.</Unicode>
                </TextEquiv>
            </TextLine>
            <TextLine id="tr_1_tl_61" custom="readingOrder {index:60;}">
                <Coords points="741,2162 1152,2144 1681,2177 1680,2115 1606,2106 1201,2132 741,2091"/>
                <Baseline points="749,2140 795,2137 842,2140 889,2140 935,2140 982,2141 1029,2143 1075,2143 1122,2143 1169,2143 1216,2143 1262,2144 1309,2146 1356,2146 1402,2146 1449,2146 1496,2148 1542,2147 1589,2148 1636,2149 1683,2149"/>
                <TextEquiv>
                    <Unicode>ber verbannt habe — wird von anderer Seite</Unicode>
                </TextEquiv>
            </TextLine>
            <TextLine id="tr_1_tl_62" custom="readingOrder {index:61;}">
                <Coords points="1792,2165 2640,2176 2681,2167 2681,2125 2566,2095 2355,2133 1791,2124"/>
                <Baseline points="1800,2149 1844,2149 1888,2152 1932,2152 1976,2152 2020,2152 2064,2152 2109,2155 2153,2155 2197,2155 2241,2155 2285,2155 2329,2155 2373,2157 2418,2158 2462,2158 2506,2158 2550,2160 2594,2161 2638,2161 2683,2161"/>
                <TextEquiv>
                    <Unicode>Damit ist aber noch keineswegs für den</Unicode>
                </TextEquiv>
            </TextLine>
            <TextLine id="tr_1_tl_63" custom="readingOrder {index:62;}">
                <Coords points="744,2200 1373,2207 1373,2165 1337,2154 744,2162"/>
                <Baseline points="752,2191 783,2189 814,2188 845,2188 876,2190 908,2191 939,2191 970,2191 1001,2191 1032,2191 1064,2191 1095,2191 1126,2191 1157,2191 1188,2193 1220,2194 1251,2194 1282,2194 1313,2194 1344,2195 1376,2197"/>
                <TextEquiv>
                    <Unicode>aufs Entschiedenste bekämpft.</Unicode>
                </TextEquiv>
            </TextLine>
            <TextLine id="tr_1_tl_64" custom="readingOrder {index:63;}">
                <Coords points="1726,2229 2680,2214 2678,2167 2591,2159 2251,2182 1725,2147"/>
                <Baseline points="1734,2197 1781,2200 1828,2197 1876,2200 1923,2200 1971,2200 2018,2201 2066,2203 2113,2203 2161,2203 2208,2205 2255,2206 2303,2206 2350,2206 2398,2208 2445,2209 2493,2209 2540,2209 2588,2209 2635,2209 2683,2212"/>
                <TextEquiv>
                    <Unicode>Bimetallismus Partei genommen. Man kann</Unicode>
                </TextEquiv>
            </TextLine>
            <TextLine id="tr_1_tl_65" custom="readingOrder {index:64;}">
                <Coords points="815,2240 1338,2282 1448,2250 1644,2265 1680,2222 814,2196"/>
                <Baseline points="823,2235 866,2235 909,2238 952,2238 995,2238 1038,2240 1081,2241 1124,2241 1167,2241 1210,2241 1253,2243 1296,2244 1339,2244 1382,2244 1425,2244 1468,2244 1511,2245 1554,2247 1597,2247 1640,2246 1683,2244"/>
                <TextEquiv>
                    <Unicode>Ware das Geld einfach eine Art Trans¬</Unicode>
                </TextEquiv>
            </TextLine>
            <TextLine id="tr_1_tl_66" custom="readingOrder {index:65;}">
                <Coords points="1726,2258 2678,2276 2677,2217 1726,2213"/>
                <Baseline points="1734,2247 1781,2247 1828,2247 1875,2247 1923,2250 1970,2250 2017,2250 2065,2250 2112,2250 2159,2250 2207,2250 2254,2252 2301,2253 2348,2255 2396,2256 2443,2256 2490,2256 2538,2256 2585,2256 2632,2256 2680,2253"/>
                <TextEquiv>
                    <Unicode>zugeben, dass eine Vermehrung der Zirku¬</Unicode>
                </TextEquiv>
            </TextLine>
            <TextLine id="tr_1_tl_67" custom="readingOrder {index:66;}">
                <Coords points="741,2302 1680,2299 1678,2256 1604,2250 1349,2281 740,2255"/>
                <Baseline points="749,2289 795,2286 842,2286 889,2286 935,2289 982,2289 1029,2289 1075,2289 1122,2289 1169,2289 1216,2290 1262,2292 1309,2292 1356,2292 1402,2292 1449,2292 1496,2294 1542,2293 1589,2294 1636,2295 1683,2295"/>
                <TextEquiv>
                    <Unicode>portmittel, so könnte man mit der Quanti¬</Unicode>
                </TextEquiv>
            </TextLine>
            <TextLine id="tr_1_tl_68" custom="readingOrder {index:67;}">
                <Coords points="1736,2306 2682,2326 2682,2278 2603,2263 1736,2256"/>
                <Baseline points="1743,2298 1790,2295 1837,2295 1884,2295 1931,2298 1978,2298 2025,2298 2073,2299 2120,2301 2167,2301 2214,2301 2261,2301 2308,2301 2355,2303 2403,2304 2450,2304 2497,2304 2544,2304 2591,2304 2638,2307 2686,2307"/>
                <TextEquiv>
                    <Unicode>lationsmittel voraussichtlich eine Steigerung</Unicode>
                </TextEquiv>
            </TextLine>
            <TextLine id="tr_1_tl_69" custom="readingOrder {index:68;}">
                <Coords points="738,2351 1677,2365 1667,2300 738,2300"/>
                <Baseline points="746,2334 792,2334 839,2334 886,2334 932,2334 979,2337 1026,2337 1072,2337 1119,2338 1166,2340 1213,2340 1259,2340 1306,2342 1353,2343 1399,2343 1446,2343 1493,2343 1539,2343 1586,2343 1633,2345 1680,2346"/>
                <TextEquiv>
                    <Unicode>tätstheorie leicht fertig werden. Ein Wagen</Unicode>
                </TextEquiv>
            </TextLine>
            <TextLine id="tr_1_tl_70" custom="readingOrder {index:69;}">
                <Coords points="1726,2347 2670,2370 2670,2326 2599,2311 1726,2303"/>
                <Baseline points="1734,2343 1781,2343 1828,2343 1875,2343 1922,2346 1969,2346 2016,2347 2063,2349 2110,2349 2157,2349 2204,2350 2251,2352 2298,2350 2345,2351 2392,2352 2439,2352 2486,2354 2533,2352 2580,2355 2627,2355 2674,2358"/>
                <TextEquiv>
                    <Unicode>der Warenpreise zur Folge haben würde,</Unicode>
                </TextEquiv>
            </TextLine>
            <TextLine id="tr_1_tl_71" custom="readingOrder {index:70;}">
                <Coords points="736,2399 1681,2407 1680,2359 1586,2348 736,2350"/>
                <Baseline points="743,2382 790,2382 837,2385 884,2385 931,2386 978,2388 1025,2388 1072,2388 1119,2388 1166,2388 1213,2388 1260,2388 1307,2390 1354,2391 1401,2391 1448,2391 1495,2391 1542,2391 1589,2391 1636,2394 1683,2394"/>
                <TextEquiv>
                    <Unicode>der zehnmal läuft, besorgt die Arbeit von</Unicode>
                </TextEquiv>
            </TextLine>
            <TextLine id="tr_1_tl_72" custom="readingOrder {index:71;}">
                <Coords points="1729,2404 2602,2424 2674,2406 2674,2376 1728,2352"/>
                <Baseline points="1737,2394 1784,2394 1831,2394 1878,2394 1925,2395 1972,2397 2019,2397 2066,2397 2113,2397 2160,2398 2207,2400 2254,2400 2301,2400 2348,2402 2395,2401 2442,2402 2489,2403 2536,2403 2583,2403 2630,2403 2677,2403"/>
                <TextEquiv>
                    <Unicode>ohne deshalb die Nützlichkeit oder gar Not¬</Unicode>
                </TextEquiv>
            </TextLine>
            <TextLine id="tr_1_tl_73" custom="readingOrder {index:72;}">
                <Coords points="738,2437 1684,2462 1659,2400 738,2410"/>
                <Baseline points="746,2432 793,2432 840,2432 887,2432 934,2435 981,2435 1028,2435 1075,2435 1122,2436 1169,2438 1216,2438 1263,2438 1310,2438 1357,2440 1404,2441 1451,2439 1498,2440 1545,2441 1592,2441 1639,2441 1686,2444"/>
                <TextEquiv>
                    <Unicode>zehn Wagen, von denen jeder nur einmal</Unicode>
                </TextEquiv>
            </TextLine>
            <TextLine id="tr_1_tl_74" custom="readingOrder {index:73;}">
                <Coords points="1730,2455 2652,2473 2673,2425 1729,2418"/>
                <Baseline points="1737,2438 1784,2441 1831,2441 1878,2444 1925,2442 1972,2444 2019,2444 2066,2445 2113,2447 2160,2447 2207,2447 2254,2449 2301,2450 2348,2450 2395,2450 2442,2450 2489,2450 2536,2450 2583,2453 2630,2453 2677,2459"/>
                <TextEquiv>
                    <Unicode>wendigkeit der sogen. Inflation (Aublahung</Unicode>
                </TextEquiv>
            </TextLine>
            <TextLine id="tr_1_tl_75" custom="readingOrder {index:74;}">
                <Coords points="741,2508 1678,2493 1677,2461 1558,2444 740,2447"/>
                <Baseline points="749,2480 795,2480 842,2483 888,2483 935,2483 981,2484 1028,2486 1074,2486 1121,2486 1167,2486 1214,2486 1261,2487 1307,2489 1354,2489 1400,2489 1447,2489 1493,2489 1540,2489 1586,2489 1633,2491 1680,2492"/>
                <TextEquiv>
                    <Unicode>läuft. Trifft man geschickte Vorkehrungen.</Unicode>
                </TextEquiv>
            </TextLine>
            <TextLine id="tr_1_tl_76" custom="readingOrder {index:75;}">
                <Coords points="1730,2517 2674,2515 2673,2467 2595,2459 1729,2455"/>
                <Baseline points="1737,2492 1784,2492 1831,2489 1878,2492 1925,2492 1972,2493 2019,2495 2066,2495 2113,2495 2160,2495 2207,2495 2254,2497 2301,2498 2348,2498 2395,2500 2442,2501 2489,2501 2536,2501 2583,2501 2630,2504 2677,2510"/>
                <TextEquiv>
                    <Unicode>der Volkswirtschaft durch Geldvermehrung)</Unicode>
                </TextEquiv>
            </TextLine>
            <TextLine id="tr_1_tl_77" custom="readingOrder {index:76;}">
                <Coords points="741,2532 1682,2550 1682,2508 1636,2500 741,2508"/>
                <Baseline points="749,2531 795,2531 842,2531 889,2531 936,2531 983,2532 1030,2534 1076,2534 1123,2534 1170,2535 1217,2537 1264,2537 1311,2537 1358,2537 1404,2539 1451,2540 1498,2540 1545,2540 1592,2540 1639,2540 1686,2540"/>
                <TextEquiv>
                    <Unicode>welche die Ausnutzung des Wagenparks der</Unicode>
                </TextEquiv>
            </TextLine>
            <TextLine id="tr_1_tl_78" custom="readingOrder {index:77;}">
                <Coords points="1723,2562 2667,2571 2667,2517 2585,2503 2410,2532 2328,2503 2285,2530 1723,2507"/>
                <Baseline points="1731,2543 1778,2540 1825,2543 1872,2543 1919,2543 1966,2543 2013,2543 2060,2544 2107,2546 2154,2546 2201,2546 2248,2548 2295,2547 2342,2546 2389,2548 2436,2549 2483,2549 2530,2549 2577,2549 2624,2552 2671,2552"/>
                <TextEquiv>
                    <Unicode>anzuerkennen. Man hat nicht unzutreffend</Unicode>
                </TextEquiv>
            </TextLine>
            <TextLine id="tr_1_tl_79" custom="readingOrder {index:78;}">
                <Coords points="744,2588 1674,2595 1623,2548 1204,2566 744,2530"/>
                <Baseline points="752,2579 798,2582 844,2582 890,2582 937,2582 983,2582 1029,2585 1075,2585 1122,2585 1168,2586 1214,2587 1260,2585 1307,2585 1353,2585 1399,2585 1445,2586 1492,2588 1538,2586 1584,2587 1630,2588 1677,2588"/>
                <TextEquiv>
                    <Unicode>Eisenbahnen steigern, so wirken diese Vor¬</Unicode>
                </TextEquiv>
            </TextLine>
            <TextLine id="tr_1_tl_80" custom="readingOrder {index:79;}">
                <Coords points="1723,2595 2670,2615 2670,2567 2573,2554 1723,2562"/>
                <Baseline points="1731,2591 1778,2591 1825,2591 1872,2591 1919,2592 1966,2594 2013,2594 2061,2594 2108,2594 2155,2594 2202,2594 2249,2594 2296,2596 2343,2597 2391,2597 2438,2597 2485,2600 2532,2600 2579,2600 2626,2600 2674,2600"/>
                <TextEquiv>
                    <Unicode>den Zustand, in welchen die Wirtschaft eines</Unicode>
                </TextEquiv>
            </TextLine>
            <TextLine id="tr_1_tl_81" custom="readingOrder {index:80;}">
                <Coords points="733,2644 1677,2651 1666,2595 733,2584"/>
                <Baseline points="740,2627 787,2629 834,2629 881,2629 928,2633 975,2634 1022,2632 1069,2632 1116,2632 1163,2632 1210,2632 1257,2632 1304,2634 1351,2635 1398,2635 1445,2635 1492,2635 1539,2638 1586,2638 1633,2638 1680,2641"/>
                <TextEquiv>
                    <Unicode>kehrungen genau wie eine Vermehrung der</Unicode>
                </TextEquiv>
            </TextLine>
            <TextLine id="tr_1_tl_82" custom="readingOrder {index:81;}">
                <Coords points="1733,2658 2670,2650 2670,2615 2585,2608 1733,2600"/>
                <Baseline points="1740,2635 1786,2638 1833,2638 1880,2638 1926,2641 1973,2642 2020,2644 2066,2644 2113,2644 2160,2644 2207,2644 2253,2644 2300,2644 2347,2646 2393,2647 2440,2647 2487,2647 2533,2647 2580,2647 2627,2649 2674,2644"/>
                <TextEquiv>
                    <Unicode>Volkes in Folge einer übermässigen Vermehr¬</Unicode>
                </TextEquiv>
            </TextLine>
            <TextLine id="tr_1_tl_83" custom="readingOrder {index:82;}">
                <Coords points="748,2685 1656,2711 1678,2647 895,2662 747,2636"/>
                <Baseline points="755,2674 801,2677 847,2680 893,2680 940,2680 986,2680 1032,2681 1078,2683 1125,2683 1171,2683 1217,2683 1263,2683 1310,2683 1356,2683 1402,2683 1448,2684 1495,2686 1541,2686 1587,2686 1633,2686 1680,2689"/>
                <TextEquiv>
                    <Unicode>Wagen. Der Dienst den die Transportmittel</Unicode>
                </TextEquiv>
            </TextLine>
            <TextLine id="tr_1_tl_84" custom="readingOrder {index:83;}">
                <Coords points="1726,2698 2680,2715 2665,2648 2506,2676 1726,2658"/>
                <Baseline points="1734,2686 1781,2689 1828,2689 1876,2689 1923,2690 1971,2692 2018,2692 2066,2692 2113,2692 2161,2694 2208,2693 2255,2694 2303,2695 2350,2695 2398,2695 2445,2698 2493,2698 2540,2698 2588,2698 2635,2698 2683,2698"/>
                <TextEquiv>
                    <Unicode>ung der Zahlungsmittel gerät, mit dem Rausch</Unicode>
                </TextEquiv>
            </TextLine>
            <TextLine id="tr_1_tl_85" custom="readingOrder {index:84;}">
                <Coords points="736,2732 1670,2751 1670,2706 1578,2691 736,2685"/>
                <Baseline points="743,2725 789,2728 836,2728 882,2728 929,2728 975,2728 1022,2729 1068,2731 1115,2731 1161,2731 1208,2731 1255,2731 1301,2732 1348,2734 1394,2734 1441,2734 1487,2734 1534,2734 1580,2734 1627,2736 1674,2737"/>
                <TextEquiv>
                    <Unicode>leisten, ist also an sich von ihrer Zahl (Quan¬</Unicode>
                </TextEquiv>
            </TextLine>
            <TextLine id="tr_1_tl_86" custom="readingOrder {index:85;}">
                <Coords points="1721,2735 2626,2773 2674,2763 2674,2719 1719,2696"/>
                <Baseline points="1728,2734 1775,2737 1822,2737 1870,2738 1917,2740 1965,2740 2012,2740 2060,2741 2107,2743 2155,2743 2202,2743 2249,2743 2297,2743 2344,2745 2392,2746 2439,2746 2487,2746 2534,2746 2582,2746 2629,2746 2677,2749"/>
                <TextEquiv>
                    <Unicode>eines Trunkenen verglichen. Das stimulierende</Unicode>
                </TextEquiv>
            </TextLine>
            <TextLine id="tr_1_tl_87" custom="readingOrder {index:86;}">
                <Coords points="729,2796 1677,2791 1677,2752 1626,2741 1473,2765 729,2736"/>
                <Baseline points="737,2773 784,2776 831,2779 878,2779 925,2779 972,2779 1019,2780 1067,2782 1114,2782 1161,2782 1208,2782 1255,2782 1302,2782 1349,2782 1397,2782 1444,2782 1491,2782 1538,2782 1585,2785 1632,2785 1680,2788"/>
                <TextEquiv>
                    <Unicode>tität) unabhängig. Zum Teil trifft dies auch</Unicode>
                </TextEquiv>
            </TextLine>
            <TextLine id="tr_1_tl_88" custom="readingOrder {index:87;}">
                <Coords points="1721,2793 2655,2822 2672,2773 1719,2733"/>
                <Baseline points="1728,2785 1775,2785 1822,2788 1869,2788 1917,2788 1964,2789 2011,2791 2059,2791 2106,2791 2153,2791 2201,2793 2248,2794 2295,2794 2342,2794 2390,2794 2437,2794 2484,2794 2532,2797 2579,2797 2626,2800 2674,2803"/>
                <TextEquiv>
                    <Unicode>Mittel des Branntweins ruft für den Anfang</Unicode>
                </TextEquiv>
            </TextLine>
            <TextLine id="tr_1_tl_89" custom="readingOrder {index:88;}">
                <Coords points="736,2839 1674,2844 1674,2792 736,2791"/>
                <Baseline points="743,2824 789,2824 836,2824 883,2827 929,2827 976,2827 1023,2828 1069,2830 1116,2830 1163,2830 1210,2830 1256,2831 1303,2832 1350,2832 1396,2831 1443,2831 1490,2832 1536,2832 1583,2832 1630,2832 1677,2832"/>
                <TextEquiv>
                    <Unicode>für das Geld zu. Ein Markstück, welches</Unicode>
                </TextEquiv>
            </TextLine>
            <TextLine id="tr_1_tl_90" custom="readingOrder {index:89;}">
                <Coords points="1721,2850 2667,2863 2666,2821 2621,2811 1721,2802"/>
                <Baseline points="1728,2835 1775,2835 1822,2835 1869,2835 1916,2835 1963,2835 2010,2836 2058,2839 2105,2841 2152,2841 2199,2841 2246,2841 2293,2841 2340,2841 2388,2843 2435,2842 2482,2841 2529,2844 2576,2841 2623,2844 2671,2850"/>
                <TextEquiv>
                    <Unicode>neue Kraft und Unternehmungslust hervor,</Unicode>
                </TextEquiv>
            </TextLine>
            <TextLine id="tr_1_tl_91" custom="readingOrder {index:90;}">
                <Coords points="733,2893 1684,2893 1684,2840 733,2836"/>
                <Baseline points="740,2874 787,2874 834,2874 881,2874 929,2874 976,2875 1023,2877 1071,2877 1118,2877 1165,2877 1213,2877 1260,2879 1307,2880 1354,2880 1402,2880 1449,2883 1496,2883 1544,2883 1591,2883 1638,2883 1686,2880"/>
                <TextEquiv>
                    <Unicode>zehnmal den Platz wechselt, besorgt die Auf¬</Unicode>
                </TextEquiv>
            </TextLine>
            <TextLine id="tr_1_tl_92" custom="readingOrder {index:91;}">
                <Coords points="1726,2895 2645,2915 2656,2863 1725,2848"/>
                <Baseline points="1734,2883 1780,2883 1826,2883 1872,2883 1919,2886 1965,2886 2011,2886 2057,2887 2104,2889 2150,2889 2196,2889 2242,2890 2289,2891 2335,2889 2381,2890 2427,2892 2474,2892 2520,2892 2566,2892 2612,2894 2659,2898"/>
                <TextEquiv>
                    <Unicode>bis nach dem Verfliegen der künstlich erzeug</Unicode>
                </TextEquiv>
            </TextLine>
            <TextLine id="tr_1_tl_93" custom="readingOrder {index:92;}">
                <Coords points="729,2933 1643,2952 1680,2950 1678,2891 727,2889"/>
                <Baseline points="737,2928 784,2922 831,2922 878,2925 926,2925 973,2925 1020,2925 1068,2926 1115,2927 1162,2925 1210,2927 1257,2928 1304,2928 1351,2930 1399,2931 1446,2931 1493,2931 1541,2931 1588,2931 1635,2931 1683,2928"/>
                <TextEquiv>
                    <Unicode>gabe von zehn Markstücken, von denen je¬</Unicode>
                </TextEquiv>
            </TextLine>
            <TextLine id="tr_1_tl_94" custom="readingOrder {index:93;}">
                <Coords points="1723,2940 2665,2961 2665,2918 1722,2895"/>
                <Baseline points="1731,2934 1777,2931 1824,2934 1871,2934 1918,2935 1965,2937 2012,2937 2058,2937 2105,2937 2152,2938 2199,2939 2246,2938 2293,2940 2340,2940 2386,2940 2433,2940 2480,2940 2527,2940 2574,2942 2621,2943 2668,2940"/>
                <TextEquiv>
                    <Unicode>ten Wärme die Reaktion mit um so schär¬</Unicode>
                </TextEquiv>
            </TextLine>
            <TextLine id="tr_1_tl_95" custom="readingOrder {index:94;}">
                <Coords points="733,2982 1641,3002 1677,3000 1676,2946 732,2950"/>
                <Baseline points="740,2973 787,2970 834,2970 881,2973 928,2973 975,2974 1022,2976 1069,2976 1116,2976 1163,2976 1210,2976 1257,2976 1304,2978 1351,2979 1398,2979 1445,2981 1492,2982 1539,2982 1586,2982 1633,2979 1680,2979"/>
                <TextEquiv>
                    <Unicode>des nur einmal ausgetauscht wird. Das Be¬</Unicode>
                </TextEquiv>
            </TextLine>
            <TextLine id="tr_1_tl_96" custom="readingOrder {index:95;}">
                <Coords points="1714,3002 2663,3009 2662,2961 2621,2947 2060,2943 2022,2972 1971,2937 1714,2939"/>
                <Baseline points="1722,2979 1769,2982 1816,2982 1863,2982 1910,2985 1957,2985 2004,2985 2052,2985 2099,2985 2146,2986 2193,2988 2240,2988 2287,2988 2334,2988 2382,2988 2429,2988 2476,2988 2523,2991 2570,2991 2617,2991 2665,2985"/>
                <TextEquiv>
                    <Unicode>ferer Gewalt sich einstellt. Eine Vermehr¬</Unicode>
                </TextEquiv>
            </TextLine>
            <TextLine id="tr_1_tl_97" custom="readingOrder {index:96;}">
                <Coords points="729,3024 1680,3043 1680,3000 1597,2987 729,2999"/>
                <Baseline points="737,3021 784,3021 831,3021 878,3021 926,3022 973,3024 1020,3024 1068,3024 1115,3025 1162,3027 1210,3027 1257,3027 1304,3029 1351,3028 1399,3027 1446,3027 1493,3030 1541,3030 1588,3030 1635,3030 1683,3030"/>
                <TextEquiv>
                    <Unicode>mühen, die Transportmittel aufs intensivste</Unicode>
                </TextEquiv>
            </TextLine>
            <TextLine id="tr_1_tl_98" custom="readingOrder {index:97;}">
                <Coords points="1726,3050 2659,3055 2659,3006 2507,2991 1726,3006"/>
                <Baseline points="1734,3032 1780,3032 1826,3032 1873,3032 1919,3032 1966,3032 2012,3033 2058,3035 2105,3035 2151,3035 2198,3035 2244,3036 2290,3037 2337,3035 2383,3036 2430,3038 2476,3036 2522,3037 2569,3040 2615,3039 2662,3035"/>
                <TextEquiv>
                    <Unicode>ung der Zirkulationsmittel, die über das ge¬</Unicode>
                </TextEquiv>
            </TextLine>
            <TextLine id="tr_1_tl_99" custom="readingOrder {index:98;}">
                <Coords points="736,3084 1680,3092 1649,3036 736,3050"/>
                <Baseline points="743,3068 790,3068 837,3068 884,3068 931,3071 978,3071 1025,3071 1072,3072 1119,3074 1166,3074 1213,3074 1260,3074 1307,3076 1354,3077 1401,3077 1448,3077 1495,3077 1542,3077 1589,3077 1636,3080 1683,3083"/>
                <TextEquiv>
                    <Unicode>auszubeuten, findet sich auf dem Geldmarkte</Unicode>
                </TextEquiv>
            </TextLine>
            <TextLine id="tr_1_tl_100" custom="readingOrder {index:99;}">
                <Coords points="1726,3104 2665,3103 2663,3048 1725,3050"/>
                <Baseline points="1734,3077 1780,3080 1827,3080 1874,3080 1920,3080 1967,3081 2014,3083 2060,3083 2107,3083 2154,3083 2201,3083 2247,3084 2294,3086 2341,3086 2387,3086 2434,3086 2481,3086 2527,3088 2574,3089 2621,3089 2668,3095"/>
                <TextEquiv>
                    <Unicode>wöhnliche Bedürfnis des Verkehrs hinausgeht,</Unicode>
                </TextEquiv>
            </TextLine>
            <TextLine id="tr_1_tl_101" custom="readingOrder {index:100;}">
                <Coords points="736,3130 1492,3152 1680,3140 1678,3093 734,3084"/>
                <Baseline points="743,3116 790,3119 837,3119 884,3119 931,3119 978,3120 1025,3122 1072,3122 1119,3122 1166,3122 1213,3124 1260,3125 1307,3125 1354,3125 1401,3127 1448,3128 1495,3128 1542,3128 1589,3128 1636,3128 1683,3131"/>
                <TextEquiv>
                    <Unicode>in den zahlreichen Veranstaltungen wieder,</Unicode>
                </TextEquiv>
            </TextLine>
            <TextLine id="tr_1_tl_102" custom="readingOrder {index:101;}">
                <Coords points="1721,3150 2659,3148 2659,3102 2614,3095 1721,3103"/>
                <Baseline points="1728,3125 1774,3128 1821,3128 1868,3128 1914,3131 1961,3131 2008,3132 2054,3134 2101,3134 2148,3134 2195,3134 2241,3134 2288,3134 2335,3134 2381,3136 2428,3135 2475,3134 2521,3134 2568,3136 2615,3137 2662,3134"/>
                <TextEquiv>
                    <Unicode>vermag eine treibhausartige Blüte der Volks¬</Unicode>
                </TextEquiv>
            </TextLine>
            <TextLine id="tr_1_tl_103" custom="readingOrder {index:102;}">
                <Coords points="733,3169 1671,3192 1670,3141 1600,3132 733,3133"/>
                <Baseline points="740,3167 786,3164 833,3167 880,3167 926,3167 973,3170 1020,3171 1066,3173 1113,3173 1160,3172 1207,3171 1253,3173 1300,3173 1347,3175 1393,3176 1440,3176 1487,3176 1533,3176 1580,3176 1627,3176 1674,3179"/>
                <TextEquiv>
                    <Unicode>die das unfruchtbar Müssigliegen des Gel¬</Unicode>
                </TextEquiv>
            </TextLine>
            <TextLine id="tr_1_tl_104" custom="readingOrder {index:103;}">
                <Coords points="1723,3181 2663,3196 2662,3147 2615,3144 1723,3151"/>
                <Baseline points="1731,3176 1777,3176 1824,3176 1871,3179 1917,3179 1964,3181 2011,3180 2057,3182 2104,3182 2151,3182 2198,3182 2244,3183 2291,3185 2338,3185 2384,3185 2431,3183 2478,3184 2524,3185 2571,3187 2618,3188 2665,3188"/>
                <TextEquiv>
                    <Unicode>wirtschaft hervorzuzaubern; da aber der Auf¬</Unicode>
                </TextEquiv>
            </TextLine>
            <TextLine id="tr_1_tl_105" custom="readingOrder {index:104;}">
                <Coords points="733,3220 1106,3251 1667,3237 1667,3193 1537,3183 733,3183"/>
                <Baseline points="740,3215 786,3215 833,3215 879,3218 926,3218 972,3219 1019,3221 1065,3221 1112,3221 1158,3221 1205,3221 1252,3222 1298,3224 1345,3224 1391,3224 1438,3226 1484,3227 1531,3225 1577,3224 1624,3224 1671,3224"/>
                <TextEquiv>
                    <Unicode>des verhindern. Aber wir haben bereits her¬</Unicode>
                </TextEquiv>
            </TextLine>
            <TextLine id="tr_1_tl_106" custom="readingOrder {index:105;}">
                <Coords points="1723,3236 2662,3240 2662,3196 2578,3191 1723,3199"/>
                <Baseline points="1731,3227 1777,3224 1824,3227 1871,3227 1917,3230 1964,3228 2011,3230 2057,3230 2104,3230 2151,3230 2198,3231 2244,3232 2291,3232 2338,3233 2384,3233 2431,3233 2478,3234 2524,3235 2571,3235 2618,3235 2665,3238"/>
                <TextEquiv>
                    <Unicode>schwung von Handel und Wandel nicht der</Unicode>
                </TextEquiv>
            </TextLine>
            <TextLine id="tr_1_tl_107" custom="readingOrder {index:106;}">
                <Coords points="736,3276 1589,3298 1674,3281 1674,3250 734,3229"/>
                <Baseline points="743,3265 789,3265 836,3268 883,3268 929,3268 976,3268 1023,3268 1069,3268 1116,3268 1163,3269 1210,3271 1256,3271 1303,3271 1350,3273 1396,3276 1443,3275 1490,3274 1536,3274 1583,3274 1630,3274 1677,3277"/>
                <TextEquiv>
                    <Unicode>vorgehoben, dass die Beziehung, in der das</Unicode>
                </TextEquiv>
            </TextLine>
            <TextLine id="tr_1_tl_108" custom="readingOrder {index:107;}">
                <Coords points="1714,3285 2662,3292 2640,3241 1713,3233"/>
                <Baseline points="1722,3271 1769,3274 1816,3274 1863,3274 1910,3277 1957,3277 2004,3277 2052,3278 2099,3279 2146,3278 2193,3280 2240,3280 2287,3280 2334,3280 2382,3280 2429,3280 2476,3283 2523,3280 2570,3283 2617,3283 2665,3280"/>
                <TextEquiv>
                    <Unicode>eigenen Kraft der beteiligten Gewerbe, son¬</Unicode>
                </TextEquiv>
            </TextLine>
            <TextLine id="tr_1_tl_109" custom="readingOrder {index:108;}">
                <Coords points="736,3329 1670,3330 1670,3283 736,3276"/>
                <Baseline points="743,3310 789,3313 836,3313 882,3316 929,3316 975,3316 1022,3317 1068,3319 1115,3319 1161,3320 1208,3322 1255,3321 1301,3320 1348,3322 1394,3322 1441,3322 1487,3322 1534,3322 1580,3322 1627,3322 1674,3325"/>
                <TextEquiv>
                    <Unicode>Geld zur Ware steht, viel enger ist, als die</Unicode>
                </TextEquiv>
            </TextLine>
            <TextLine id="tr_1_tl_110" custom="readingOrder {index:109;}">
                <Coords points="1714,3333 2584,3359 2659,3354 2659,3292 1713,3280"/>
                <Baseline points="1722,3319 1769,3322 1816,3325 1863,3325 1910,3325 1957,3325 2004,3326 2051,3328 2098,3328 2145,3328 2192,3329 2239,3331 2286,3329 2333,3328 2380,3328 2427,3330 2474,3331 2521,3331 2568,3334 2615,3334 2662,3334"/>
                <TextEquiv>
                    <Unicode>dern einem fremden Einflusse verdankt wird,</Unicode>
                </TextEquiv>
            </TextLine>
            <TextLine id="tr_1_tl_111" custom="readingOrder {index:110;}">
                <Coords points="733,3373 1677,3383 1677,3329 733,3328"/>
                <Baseline points="740,3361 787,3364 834,3364 881,3367 928,3368 975,3369 1022,3367 1069,3367 1116,3367 1163,3368 1210,3370 1257,3370 1304,3370 1351,3370 1398,3372 1445,3371 1492,3372 1539,3373 1586,3370 1633,3373 1680,3376"/>
                <TextEquiv>
                    <Unicode>Beziehung zwischen Transportmittel und</Unicode>
                </TextEquiv>
            </TextLine>
            <TextLine id="tr_1_tl_112" custom="readingOrder {index:111;}">
                <Coords points="1714,3376 2662,3400 2662,3354 2613,3343 1714,3333"/>
                <Baseline points="1722,3370 1769,3373 1816,3373 1863,3373 1910,3376 1957,3376 2004,3376 2052,3376 2099,3376 2146,3376 2193,3378 2240,3379 2287,3379 2334,3379 2382,3379 2429,3379 2476,3379 2523,3379 2570,3379 2617,3379 2665,3382"/>
                <TextEquiv>
                    <Unicode>ist die Freude nur von kurzer Dauer, der</Unicode>
                </TextEquiv>
            </TextLine>
            <TextLine id="tr_1_tl_113" custom="readingOrder {index:112;}">
                <Coords points="736,3414 1667,3440 1645,3378 736,3369"/>
                <Baseline points="743,3409 789,3412 835,3412 882,3415 928,3415 975,3414 1021,3413 1067,3415 1114,3416 1160,3418 1207,3418 1253,3418 1299,3418 1346,3419 1392,3421 1439,3421 1485,3421 1531,3421 1578,3421 1624,3421 1671,3424"/>
                <TextEquiv>
                    <Unicode>Ware. Indem neue Geldmassen auf den Plan</Unicode>
                </TextEquiv>
            </TextLine>
            <TextLine id="tr_1_tl_114" custom="readingOrder {index:113;}">
                <Coords points="1722,3433 2659,3454 2658,3406 2615,3387 2281,3414 1721,3378"/>
                <Baseline points="1728,3418 1774,3421 1821,3421 1868,3421 1914,3424 1961,3424 2008,3424 2054,3424 2101,3425 2148,3427 2195,3427 2241,3428 2288,3428 2335,3427 2381,3427 2428,3427 2475,3427 2521,3427 2568,3429 2615,3430 2662,3433"/>
                <TextEquiv>
                    <Unicode>Wurm sass von Anfang an in der Blüte.</Unicode>
                </TextEquiv>
            </TextLine>
            <TextLine id="tr_1_tl_115" custom="readingOrder {index:114;}">
                <Coords points="729,3480 1526,3496 1680,3483 1680,3443 727,3422"/>
                <Baseline points="737,3462 784,3459 831,3462 878,3465 926,3462 973,3463 1020,3465 1068,3465 1115,3465 1162,3465 1210,3465 1257,3467 1304,3466 1351,3467 1399,3468 1446,3468 1493,3471 1541,3471 1588,3468 1635,3468 1683,3471"/>
                <TextEquiv>
                    <Unicode>treten, besteht die veränderte Sachlage nicht</Unicode>
                </TextEquiv>
            </TextLine>
            <TextLine id="tr_1_tl_116" custom="readingOrder {index:115;}">
                <Coords points="1714,3478 2643,3506 2652,3451 1713,3432"/>
                <Baseline points="1722,3471 1768,3471 1815,3471 1862,3471 1908,3471 1955,3471 2002,3471 2048,3472 2095,3474 2142,3474 2189,3474 2235,3474 2282,3474 2329,3474 2375,3474 2422,3474 2469,3476 2515,3477 2562,3477 2609,3475 2656,3474"/>
                <TextEquiv>
                    <Unicode>Die Bedenklichen Folgen einer Geldvermer¬</Unicode>
                </TextEquiv>
            </TextLine>
            <TextLine id="tr_1_tl_117" custom="readingOrder {index:116;}">
                <Coords points="738,3528 1682,3521 1682,3480 1634,3473 738,3487"/>
                <Baseline points="746,3510 793,3510 840,3510 887,3510 934,3510 981,3511 1028,3513 1075,3513 1122,3514 1169,3516 1216,3516 1263,3516 1310,3518 1357,3517 1404,3518 1451,3519 1498,3519 1545,3519 1592,3519 1639,3519 1686,3519"/>
                <TextEquiv>
                    <Unicode>vorzugsweise darin, dass sich nunmehr ein</Unicode>
                </TextEquiv>
            </TextLine>
            <TextLine id="tr_1_tl_118" custom="readingOrder {index:117;}">
                <Coords points="1714,3535 2662,3541 2662,3496 2571,3487 1714,3491"/>
                <Baseline points="1722,3519 1769,3519 1816,3519 1863,3519 1910,3520 1957,3522 2004,3522 2052,3522 2099,3522 2146,3523 2193,3523 2240,3522 2287,3524 2334,3525 2382,3525 2429,3525 2476,3525 2523,3528 2570,3528 2617,3528 2665,3531"/>
                <TextEquiv>
                    <Unicode>ung werden naturgemäss verschärft, falls jene</Unicode>
                </TextEquiv>
            </TextLine>
            <TextLine id="tr_1_tl_119" custom="readingOrder {index:118;}">
                <Coords points="736,3567 1563,3591 1662,3573 1660,3528 734,3532"/>
                <Baseline points="743,3555 789,3558 835,3558 881,3561 927,3558 973,3561 1019,3562 1065,3564 1111,3564 1157,3564 1204,3564 1250,3564 1296,3564 1342,3564 1388,3565 1434,3567 1480,3567 1526,3567 1572,3567 1618,3567 1665,3570"/>
                <TextEquiv>
                    <Unicode>vergrössertes Quantum von Geld einem gleich¬</Unicode>
                </TextEquiv>
            </TextLine>
            <TextLine id="tr_1_tl_120" custom="readingOrder {index:119;}">
                <Coords points="1711,3574 2669,3585 2669,3541 2481,3530 1711,3535"/>
                <Baseline points="1719,3567 1766,3570 1814,3567 1861,3570 1909,3570 1957,3570 2004,3570 2052,3571 2099,3572 2147,3570 2195,3572 2242,3573 2290,3573 2337,3573 2385,3576 2433,3576 2480,3576 2528,3576 2575,3576 2623,3576 2671,3576"/>
                <TextEquiv>
                    <Unicode>mit einer Geldverschlechterung Hand in Hand</Unicode>
                </TextEquiv>
            </TextLine>
            <TextLine id="tr_1_tl_121" custom="readingOrder {index:120;}">
                <Coords points="733,3620 1503,3644 1684,3618 1682,3562 1562,3592 732,3567"/>
                <Baseline points="740,3612 787,3606 834,3606 881,3609 929,3608 976,3607 1023,3609 1071,3609 1118,3610 1165,3612 1213,3612 1260,3612 1307,3612 1354,3614 1402,3615 1449,3618 1496,3615 1544,3615 1591,3615 1638,3618 1686,3615"/>
                <TextEquiv>
                    <Unicode>gebliebenen Quantum von Waren gegenüber</Unicode>
                </TextEquiv>
            </TextLine>
            <TextLine id="tr_1_tl_122" custom="readingOrder {index:121;}">
                <Coords points="1718,3631 2669,3644 2669,3585 2635,3578 1718,3576"/>
                <Baseline points="1725,3621 1772,3618 1819,3621 1866,3618 1914,3621 1961,3621 2008,3621 2056,3621 2103,3621 2150,3621 2198,3621 2245,3623 2292,3624 2339,3624 2387,3624 2434,3624 2481,3624 2529,3624 2576,3624 2623,3627 2671,3627"/>
                <TextEquiv>
                    <Unicode>geht, was nach Ausweis der Münzgeschichte</Unicode>
                </TextEquiv>
            </TextLine>
            <TextLine id="tr_1_tl_123" custom="readingOrder {index:122;}">
                <Coords points="726,3658 1670,3681 1670,3632 1634,3622 726,3628"/>
                <Baseline points="734,3656 781,3656 828,3656 875,3656 922,3656 969,3656 1016,3657 1063,3659 1110,3659 1157,3659 1204,3659 1251,3661 1298,3662 1345,3662 1392,3662 1439,3662 1486,3664 1533,3665 1580,3662 1627,3665 1674,3665"/>
                <TextEquiv>
                    <Unicode>sieht, sondern hauptsächlich darin, dass die</Unicode>
                </TextEquiv>
            </TextLine>
            <TextLine id="tr_1_tl_124" custom="readingOrder {index:123;}">
                <Coords points="1708,3676 2667,3703 2667,3646 1707,3626"/>
                <Baseline points="1716,3665 1763,3665 1811,3665 1859,3668 1907,3668 1954,3668 2002,3668 2050,3669 2098,3669 2145,3670 2193,3671 2241,3671 2289,3671 2336,3671 2384,3674 2432,3674 2480,3674 2527,3671 2575,3674 2623,3674 2671,3674"/>
                <TextEquiv>
                    <Unicode>häufig der Fall gewesen ist. Indess auch</Unicode>
                </TextEquiv>
            </TextLine>
            <TextLine id="tr_1_tl_125" custom="readingOrder {index:124;}">
                <Coords points="730,3711 1681,3724 1680,3687 1591,3663 729,3665"/>
                <Baseline points="737,3704 784,3704 831,3704 878,3707 926,3707 973,3707 1020,3707 1068,3707 1115,3708 1162,3710 1210,3710 1257,3710 1304,3710 1351,3710 1399,3710 1446,3713 1493,3713 1541,3713 1588,3713 1635,3710 1683,3713"/>
                <TextEquiv>
                    <Unicode>Schätzung, welche die Menschen zwischen</Unicode>
                </TextEquiv>
            </TextLine>
            <TextLine id="tr_1_tl_126" custom="readingOrder {index:125;}">
                <Coords points="1714,3722 2608,3747 2655,3743 2655,3694 1713,3674"/>
                <Baseline points="1722,3713 1768,3716 1815,3716 1862,3716 1909,3717 1956,3719 2003,3719 2049,3719 2096,3719 2143,3719 2190,3719 2237,3719 2284,3721 2331,3722 2377,3722 2424,3722 2471,3722 2518,3722 2565,3722 2612,3725 2659,3722"/>
                <TextEquiv>
                    <Unicode>wenn dies nicht zutrifft, wenn vielmehr der</Unicode>
                </TextEquiv>
            </TextLine>
            <TextLine id="tr_1_tl_127" custom="readingOrder {index:126;}">
                <Coords points="729,3788 859,3757 1622,3796 1670,3791 1669,3715 727,3721"/>
                <Baseline points="737,3755 783,3752 830,3755 877,3755 924,3758 971,3757 1018,3756 1064,3758 1111,3758 1158,3759 1205,3762 1252,3762 1299,3763 1346,3764 1392,3764 1439,3764 1486,3764 1533,3766 1580,3762 1627,3761 1674,3761"/>
                <TextEquiv>
                    <Unicode>Geld und Ware vorgenommen haben, jetzt</Unicode>
                </TextEquiv>
            </TextLine>
            <TextLine id="tr_1_tl_128" custom="readingOrder {index:127;}">
                <Coords points="1708,3776 2662,3791 2662,3739 1708,3720"/>
                <Baseline points="1716,3761 1763,3764 1810,3764 1858,3764 1905,3764 1953,3765 2000,3767 2048,3767 2095,3768 2143,3770 2190,3770 2237,3770 2285,3770 2332,3770 2380,3770 2427,3770 2475,3770 2522,3773 2570,3770 2617,3773 2665,3776"/>
                <TextEquiv>
                    <Unicode>Zufluss von neuen Zahlungsmitteln aus gutem</Unicode>
                </TextEquiv>
            </TextLine>
            <TextEquiv>
                <Unicode></Unicode>
            </TextEquiv>
        </TextRegion>
        <TextRegion orientation="0.0" id="tr_2" custom="readingOrder {index:1;}">
            <Coords points="2731,519 2731,682 2830,682 2830,519"/>
            <TextLine id="tr_2_tl_1" custom="readingOrder {index:0;}">
                <Coords points="2725,666 2754,664 2769,671 2785,655 2829,664 2822,563 2807,563 2787,575 2758,563 2728,596 2721,596"/>
                <Baseline points="2731,626 2764,619 2797,621 2830,632"/>
                <TextEquiv>
                    <Unicode></Unicode>
                </TextEquiv>
            </TextLine>
            <TextEquiv>
                <Unicode></Unicode>
            </TextEquiv>
        </TextRegion>
    </Page>
</PcGts>
