3484 4256
237 151 371 275 8.
932 151 1330 247 box 14/4
611 154 733 238 -
412 1227 912 1309 in Berlin, Budapest, he
414 1269 1222 1352 Paris, Rom, Mailand, Stockholm, Christiana,
684 1347 1219 1425 (Quellenangabe ohne Gewähr.)
406 1416 858 1520 Ausschnitt aus:
414 1515 837 1599 vom 13. 2.
865 1544 1546 1670 Montags-Blatt ab. B.), Man
820 1780 1063 1857 Platte II.
397 1807 1535 1899 Kriser. Hier soll von einer anständigen Schauspielerin erzählt
347 1860 1534 1952 werden. Vor ein paar Jahren noch wäre jetzt hier ein Witz am
335 1922 1529 2015 Platze gewesen, von Tugendbund u. dgl. Heute weiß man es ja,
350 1969 1535 2058 daß manche Künstlerinnen mindestens das gleiche Recht auf Anstän¬
350 2032 1538 2113 digkeit haben wie die Nichtkünstlerinnen auf Unanständigkeit....
354 2067 1544 2180 Die junge Dame, eine hübsche Wienerin aus guter Familie, hält
356 2134 1543 2207 an der Auffassung fest, daß die Bretter nicht die Halbwelt bedeuten.
359 2183 1544 2258 Aber wenn es schwer genug ist, die Pflicht zur Tugend zu er¬
365 2238 1546 2310 füllen, so ist es noch schwerer, das Recht auf die Tugend zu ver¬
362 2262 1546 2358 teidigen. An Nachstellungen fehlt es der jungen Dame nicht. Es
365 2310 1546 2410 gibt Leute, die sich bei Schauspielerinnen von der Anständigkeit
365 2360 1550 2458 immer erst selbst überzeugen wollen und gern die nötigen Experi¬
365 2409 1555 2502 mente riskieren. Die Damen aber, so glauben sie, haben kon¬
368 2464 1558 2581 traktlich, daß sie sich als Opfer solcher Experimente betrachten
370 2548 509 2624 müssen.
460 2536 1557 2633 Schnitzlers „Freiwild“ ist aus derartigen Zuständen heraus¬
376 2615 1563 2708 gewachsen, und als neulich das Stück am Deutschen Volkstheater
377 2664 1570 2742 aufgeführt wurde, hatte eine junge Liebhaberin den lebhaften
377 2702 1581 2797 Wunsch, die Rolle der jungen Schauspielerin darzustellen, die von
379 2751 1605 2847 dem Offizier verfolgt wird und sich seiner Zudringlichkeiten so
380 2803 1575 2895 lange nicht erwehren kann, bis ihr Bräutigam ihn handgreiflich
380 2849 1569 2956 zurückweist. Man wußte zuerst nicht, weshalb sich die junge Dame
382 2895 1575 2997 gar so sehr um die Rolle bemühte. Schließlich wußten aber die
391 2954 1578 3043 Tratschbasen des Theaters doch den Grund. Es tauchte über die
391 3002 1573 3089 Schauspielerin die schreckliche Verleumdung auf, daß sie — tugend¬
388 3046 1578 3139 haft sei. Und wirklich hatte ihre Sehnsucht nach der Rolle den
393 3107 1581 3185 Grund, daß sie darin sich selbst, ihr eigenes Schicksal spielen
391 3148 1576 3238 wollte. Sie spielte die Rolle glänzend. Sie weiß, was bedrängte
397 3215 1578 3290 Tugend ist. Sie hat natürlich jetzt den Spitznamen „Die — Jung¬
402 3249 1590 3400 frau keinen Die Zeiten hat sie als einen
383 3319 729 3422 Rollen zugesagt.
1926 1540 2623 1660 Telephon 12801.
1902 1633 2986 1728 Alex. Weigls Unternehmen für Zeitungs-Ausschnitte
2088 1717 2820 1857 SERER
1902 1850 2991 1929 I. österr. behördl. konz. Bureau für Zeitungsberichte u. Personalnachrichten
2087 1912 2835 2007 Wien, I., Concordiaplatz 4.
2316 1978 2574 2048 Vertretungen
1902 2025 2985 2087 in Berlin, Budapest, Chicago, Genf, London, New-York,
1905 2077 2977 2151 Paris, Rom, Mailand, Stockholm, Christiania, St. Petersburg.
2175 2119 2716 2200 (Quellenangabe ohne Gewähr.)
1905 2195 2348 2307 Ausschnitt aus:
2400 2213 2965 2346 Linzer Tagespost
1905 2320 2064 2395 vom
2391 2340 2481 2429 190
1952 2377 2997 2462 Artur Schnißlers Schauspiel „Freiwild", welches
1809 2412 2992 2520 über schon im Carl-Theater gegeben worden war, fand am 28. d.
1818 2490 2986 2540 bei eine Neuaufführung im „Deutschen Volkstheater“ in Wien eine
1839 2525 2995 2580 schieden günstige Aufnahme. Das Antiduell=Tendenzstück, welches
1836 2566 2992 2632 sildert, wie die jungen Theaterdamen von der Offiziers=Lebewelt
1865 2604 2995 2667 Freiwild“ betrachtet werden, wurde von Direktor Cavar hier
1864 2644 2986 2705 aufgeführt, weil es unter Statthalter Puthon Zensur¬
1839 2684 2988 2742 schwierigkeiten begegnet wäre. Nun, da hierin ein liberaler Geist
1833 2722 2992 2794 herrscht, wäre es an der Zeit, den Linzern dieses Werk des Dichter¬
1835 2763 2823 2837 der „Liebelei“ und der „Lebendigen Stunden“ vorzuführen.
1958 2794 2995 2856 Der Bau des „Wiener Bürgertheaters auf dem
1833 2838 2989 2902 ehemaligen Eis ausplatze auf der Landstraße wurde an die durch
1833 2879 2995 2937 verschiedene erste Preise prämiierte Baufirma Baron Krausend
1830 2921 2994 2980 Tölk vergeben. Es soll 1200 Personen fassen und 1040 Silplätze,
1836 2957 2998 3011 30 Logen und 200 Stehplätze erhalten. Im Stil der Maria Theresia¬
1839 2995 2998 3053 Zeit gehalten, soll es auch äußerlich spezifisch wienerischen Charakter
1839 3034 2995 3086 tragen. Man hofft, daß es am 1. Dezember l. J. eröffnet werden
1836 3082 2997 3136 kann. Direktor ist bekanntlich unser einstiger Naturbursche Oskar
1857 3113 3008 3176 ron. Er will das Panoramasystem für „freie Gegenden einführen
1842 3151 2386 3240 und auch eine neue Beleuchtung.
2056 3174 2652 3269 tietei¬
