3484 4224
205 182 326 269 8.
908 172 1313 268 box 14/4
476 178 579 277 -
618 177 715 283 il
725 1344 1074 1444 Telephon 12801.
349 1424 1441 1515 Alex. Weigls Unternehmen für Zeitungs-Ausschnitte
538 1501 1272 1629 „OBSERVER
346 1626 1437 1704 I. österr. behördl. konz. Bureau für Zeitungsberichte u. Personalnachrichten
537 1692 1283 1768 Wien, I., Concordiaplatz 4.
773 1751 1031 1826 Vertretungen
352 1811 1434 1869 in Berlin, Budapest, Chicago, Genf, London, New-York,
355 1851 1430 1912 Paris, Rom, Mailand, Stockholm, Christiania, St. Petersburg.
626 1897 1169 1967 (Quellenangabe ohne Gewähr.)
349 1950 1435 2069 Ausschnitt aus: Montags-Revue, Wien
635 2041 903 2146 30.05
355 2086 510 2161 vom
466 2133 1405 2235 (Deutsches Volkstheater.) „Freiwild
362 2218 1404 2277 von Arthur Schnitzler, das vor Jahren schon im Carl¬
352 2269 1407 2326 theater sehr gefallen hat, wurde gestern der Tendenz und der
362 2318 1402 2369 dramatischen Kraft wegen demonstrativ beklatscht. Die Hand¬
358 2363 1413 2434 lung ist bekannt. Ueber das Schauspiel wurde seinerzeit
358 2401 1402 2459 ausführlich berichtet. Es erübrigt nur der Darstellung Aner¬
358 2452 1408 2520 kennung zu zollen. Herr Kutschera ist stets vorzüglich,
358 2512 1407 2559 wenn er einfache, ehrliche Menschen mit. Herr Kramer
358 2556 1407 2617 lieh seinem Offizier viel Eleganz und eckige Schärfe. Herr
357 2599 1410 2664 Jensen war sein ebenbürtiger Kamerad. Herr Tewele
358 2657 1407 2711 wirkte schon durch die Maske des Schmierendirektors. Frl.
365 2698 1407 2751 Erl gab das Freiwild, schlicht und innig, ohne Ueber¬
352 2739 1047 2819 treibung, aber auch ohne tiefe Wirkung.
1768 394 2075 523 et
2230 499 2603 592 Telephon 1200.
1872 593 2959 668 Alex. Weigls Unternehmen für Zeitungs-Ausschnitte
2063 667 2794 781 „OBSERVER¬
1869 778 2959 845 I. österr. behördl. konz. Bureau für Zeitungsberichte u. Personalnachrichten
2056 836 2794 906 Wien, I., Concordiaplatz 4.
2296 909 2548 978 Vertretungen
1872 952 2955 1020 in Berlin, Budapest, Chicago, Genf, London, New-York,
1878 1011 2964 1056 Paris, Rom, Mailand, Stockholm, Christiania, St. Petersburg.
2150 1052 2963 1131 le Journal
1862 1128 2324 1221 Ausschnitt aus:
1875 1199 2326 1305 vom 29.03
1919 1316 3031 1427 (Deutsches Volkstheater.) Artur Schnitzlers drei¬
1800 1408 3030 1474 aktiges Schauspiel „Freiwild, das vor einigen Jahren,
1797 1452 3035 1521 noch unter Jauner, im Carl-Theater in wahrhaft glänzender Be¬
1811 1501 3035 1571 setzung gegeben worden ist, hat gestern im Spielplan des Deutschen
1806 1546 3033 1615 Volkstheaters eine Auferstehung erlebt. Wie man fürchten muß,
1803 1607 3042 1667 eine von sehr kurzer Dauer. Der Beifall des ausverkauften
1817 1642 3038 1720 Hauses, sehr kräftig nach dem ersten Fallen des Vorhanges, ließ
1803 1707 3044 1759 von Akt zu Akt nach. Das Stück krankt eben an einem inneren
1814 1739 3042 1804 Leiden, das sich durch zunehmendes Alter keineswegs bessert.
1809 1806 3050 1862 Man könnte nur beanständend wiederholen, was schon
1812 1836 3042 1908 gelegentlich der ersten Wiener Aufführung gesagt worden ist.
1808 1881 3041 1944 Schon der Titel trifft nicht den Kernpunkt des Stückes, in die
1814 1944 3045 2005 Duellfrage, sondern seitwärts, in die freilich besser gezeichneten
1811 1984 3045 2047 Nebenumstände. Freiwild sind die kleinen Theaternovizen, denen
1806 2028 3045 2086 in irgend einer Schmiere der Schmetterlingsstaub die künstlerischen
1817 2078 3035 2153 Illusionen abgestreift wird und die in ihrer Mädchenehre zu be¬
1811 2116 3042 2204 leidigen sich jeder Lehrbursche das Recht herausnimmt. Ein solcher
1820 2185 3042 2244 Herr ist der verschuldete Leutnant Karinsky, den gestern Herr
1811 2222 3049 2296 Kramer recht wirkungsvoll mimte. Er wettet im Kameradenkreise,
1809 2271 3049 2333 daß die Naive Anna Riedel die Einladung zu einem intimen Souper
1823 2318 3055 2393 annehmen werde und ärgert sich nach dem Verlust der zwanzig
1820 2363 3042 2429 Champagnerbouteillen, nicht des Geldes wegen — denn er bleibt es
1826 2424 3052 2490 schuldig, das Geld mithin für ihn keinen Wert besitzt — sondern
1814 2468 3058 2553 über das zufriedene Lächeln des Herrn Rönning, (Herr Kutschera
1917 2512 3044 2578 etwas zu bieder!) der ein wirklicher ehrlicher Freund
1820 2560 3052 2625 der Schauspielerin ist, kein Freund mit Anführungszeichen. Herr
1820 2610 3052 2675 Rönning, der bisher alle Umgangsformen, auch die vor der
1823 2667 3060 2734 Contrahage üblichen jener Gesellschaftsklasse peinlich beobachtete,
1819 2701 3078 2775 in der nach solchem Vorgehen der Zweikampf als die
1826 2753 3055 2825 einzig mögliche Lösung betrachtet wird, nimmt jedoch die For¬
1823 2811 3060 2873 derung nicht an. Man mag über Sinn oder Unsinn wie immer
1831 2850 3067 2930 denken, die philosophischen Grundsätze, mit denen Herr Rönning die
1829 2908 3066 2974 Genugtuung mit der Waffe ablehnt, sind schon mehr als ver¬
1825 2947 3061 3019 dächtig. Er verachtet alles Vorurteil; er läßt sich von
1837 2989 3061 3072 seinen Freunden ruhig als „Auskneifer" behandeln.
1823 3041 3058 3111 Und derselbe überlegene Geist, der inzwischen der
1833 3105 3058 3172 geliebten Naiven einen Heiratsantrag gemacht, also Pflichten
1831 3139 3061 3233 übernommen hat, bleibt „justament" in dem Badeorte, weil
1836 3191 3056 3260 er erfährt, daß der von ihm gezüchtigte, das heißt ruinierte
1836 3246 3069 3304 Offizier im Zustand der Verzweiflung zu jeder Rache bereit
1839 3286 3067 3352 ist. Er setzt sich nicht unter gleichen Chancen, im Zweikampf, der
1839 3340 3064 3418 Todesgefahr aus, aber er läßt sich wehrlos von dem Leutnant
1839 3388 3071 3454 niederknallen. Er ist demnach kein prinzipienfester Charakter, er ist
1842 3427 3067 3502 trotz seiner schönen Reden ein von Knabentrotz erfüllter Hohlkopf.
1847 3481 3064 3556 Das hat gestern schließlich, wie bei der Erstaufführung, eben¬
1850 3524 3067 3610 falls die so schnöde im Stiche gelassenen Duell¬
1847 3576 3067 3664 gegner gegen die Hauptfigur empört oder doch verstimmt.
1845 3621 3071 3706 Noch weniger Vergnügen hatten die Anhänger der ritterlichen
1859 3681 3080 3747 Genugtuung von ihren Gesinnungsgenossen auf der Bühne. Das
1856 3720 3078 3808 sind nämlich allzu kuriose Gesellen. Fräulein Erl, die Darstellerin
1847 3772 3077 3845 der weiblichen Hauptgestalt, vergoß wirkliche Tränen. Das war
2859 3811 3025 3873 0. t.-b.
1845 3822 2794 3936 vielleicht das Echteste des gestrigen Theaterabends.
