2920 4096
229 159 348 260 8.
399 187 745 248 Freiwild
918 164 1325 263 box 14/3
2377 475 2673 532 Wien, Freitag
1680 481 1932 544 Nr. 12075
1653 557 2823 665 Theater und Vergnügungen in Wien
1929 647 2528 717 am Freitag den 4. Februar 1898.
2275 704 2790 785 Deutsches Volkstheater.
1705 712 2190 793 K. k. Hof-Burgtheater.
2347 767 2702 842 „Haus Huckebein.
1656 789 2221 884 „Fromont junior und Risse¬
2244 805 2814 872 Schwank in drei Arten von Oskar
2284 855 2785 899 Blumenthal und Gustav Kadelburg.
1867 852 2012 915 senior.
2247 875 2825 929 Martin Hallerstädt... Hr. Giampietro.
1657 894 2220 953 Drama in fünf Acten und einem Vorspie¬
2247 919 2779 957 Hildegard, seine Frau Frl. Kalmar.
1651 943 2218 999 von Alphonse Daudet und Adolph Belo
2247 941 2814 985 Waldemar Knauer . . . Hr. Greißnegger
2247 976 2754 1013 Mathilde, seine Frau . . Fr. Bendel.
1660 982 2223 1035 Risler senior . . . . . Hr. Sonnenthal.
2250 1004 2749 1056 Martha Wendel ... Frl. Retty.
1657 1027 2214 1067 Sidonie, dessen Frau . . Fr. Devrient¬
2244 1027 2773 1071 Tobias Krack . . . . . Hr. Wallner.
2025 1045 2182 1092 Reinhold.
2250 1062 2765 1099 Boris Mensky.... Hr. Kramer.
1678 1058 1995 1128 Franz Risler, dessen
2250 1087 2743 1127 Lindmüller. . . . . . . Hr. Weiß.
1686 1078 2149 1151 Bruder . . . . . . . Hr. Zeska,
2247 1102 2781 1156 Dietz, Buchhalter. . . . Hr. Hofbauer.
1661 1119 2189 1175 Fromont junior . . . . Hr. Devrient.
2250 1144 2769 1197 Emma, Hausmädchen. Frl. Joseffy.
1663 1154 2201 1214 Claire, dessen Frau . . . Frl. Bleibtreu.
1926 1185 2189 1226 . . . Hr. Gimnig.
2269 1184 2795 1235 Anfang ½8 Uhr. Ende vor 10 Uhr.
1666 1195 1821 1233 Delobelle
1666 1203 2209 1268 Désirée, dessen Tochter Frl. Medelsky.
1854 1239 2183 1292 . . . . . Hr. Schöne.
1666 1255 1799 1290 Chebe
2353 1248 2722 1320 Raimund-Theater.
1663 1267 2152 1314 Madame Chebe . . . . . Fr. Kratz.
1669 1284 2205 1340 Sigmund Planus ... Hr. Lewinsky.
1663 1333 2201 1374 Mistress Dobson. . . . Frl. Waldeck.
2407 1314 2659 1387 „ Kather."
1663 1343 2225 1398 Eine Kammerfrau . . . Frl. Hauenthal.
2250 1356 2816 1432 Wiener Volksstück in fünf Aufzügen von
1663 1385 2170 1433 Ein Lehrling . . . . . . Hr. Moser.
2421 1404 2657 1457 Max Burckhard.
1666 1412 2168 1454 Ein Oberkellner.... Hr. Rüden.
1657 1442 2174 1502 Ein Comptoirdiener. Hr. Bayer.
2249 1426 2592 1493 Leopold Koberl, Kauf¬
2570 1448 2744 1511 Hr. Krug.
2275 1482 2420 1514 mann.
1965 1466 2215 1543 Ende vor 10 Uhr.
1691 1482 1910 1549 Anfang 7 Uhr.
2250 1482 2763 1550 Rosalie, seine Frau Frl. Zampa,
2573 1526 2781 1565 Hr. Balathy.
2253 1531 2513 1574 Franz, ihr Sohn.
2258 1539 2795 1604 Pepi, ihr Dienstmädchen Frl. Gierau.
2581 1583 2778 1635 Fr. Anatour.
2253 1591 2534 1631 Frau Wurzinger.
1689 1578 2212 1660 K. k. Hof-Operntheater.
2285 1613 2826 1682 oh. Rep. Mereeder, Hr. Schnee¬
2287 1645 2471 1683 Billeteur
2261 1654 2807 1724 Therese, seine Schwester Frl. Sobieska.
1854 1653 2046 1737 Manon.
2559 1698 2763 1746 Frl. Niese.
2256 1705 2494 1740 Kathi Renner
2258 1721 2743 1764 Karl Renner, ihr Bruder Hr. Burg.
1666 1705 2236 1765 Oper in fünf Acten und sechs Bildern
1663 1748 2757 1797 Text von Henri Meilhac und Philippe Fräulein Mali . . . . . Frl. Kraus.
1669 1774 2819 1840 Gille. Deutsch von Ferdinand Gumbert, Frau Feilhuber . . . . Fr. Kneidinger.
2247 1806 2791 1856 Frau Beschardt. . . . Frl. Fenzella.
1796 1809 2133 1872 Musik von J. Massenet.
2247 1840 2766 1888 Dr. Wazek . . . . . . Hr. Heller.
1669 1840 2195 1914 Manon Lescaut . . . . Frl. Renard.
2275 1867 2803 1941 Anfang ½8 Uhr. Ende gegen 10 Uhr.
1666 1873 2234 1929 Poussette Manon Frl. Abendroth.
2017 1911 2170 1951 Fr. Elizza.
1666 1924 1793 1961 Javotte
1669 1929 2186 1986 Rosette Freundinnen Fr. Kaulich.
2318 1952 2782 2027 Theater an der Wien.
1675 1962 2211 2015 Der Chevalier Des Grieux Hr. van Dyck,
1669 2002 2011 2046 Der Graf Des Grieux,
1998 2011 2193 2078 Hr. Marian.
2307 2006 2778 2084 Gastspiel der Frau Ilka Palmay.
1702 2031 1949 2074 dessen Vater
1672 2055 2024 2107 Lescaut, Garde-du-Corps,
2380 2057 2705 2120 „Der Opernball.
1708 2069 2167 2133 Manon's Cousin . . . Hr. Neidl.
2263 2093 2838 2155 Operette in 3 Acten (nach dem Lustspiel
1678 2114 2024 2161 Guillot Morfontaine, ein
2261 2133 2823 2183 „Die Rosa Dominos") von Victor Leo¬
1702 2120 2170 2189 reicher Pächter . . . . Hr. Felix.
2262 2164 2835 2224 und H. v. Waldberg. Musik von Richard
1678 2164 2201 2236 v. Brétigny...... Hr. Horwitz.
2477 2196 2630 2240 Heuberger.
1669 2199 2155 2244 Der Wirth . . . . . . Hr. Frei.
1678 2224 2171 2265 Ein Sergeant . . . . . Hr. Stoll.
2261 2214 2773 2272 Beaubuisson, Rentier Hr. Blasel.
1678 2252 2176 2293 Erster Gardist . . . . . Hr. Pacal.
2266 2256 2791 2299 Madame Beaubuisson Fr. Stubel.
1694 2269 2236 2322 Zweiter Gardist . . . . Hr. Hellmann.
2266 2284 2836 2342 Heuri, deren Neffe. . . Fr. Palmay a. G.
1678 2307 2190 2358 Ein Soldat . . . . . . Hr. Kopetzky,
2510 2313 2788 2358 ... Hr. Josephi.
2272 2318 2480 2363 Paul Aubier
1675 2332 2012 2385 Der Thürsteher im Semi¬
2281 2344 2809 2394 Angele, dessen Frau . . Fr. Ottmann.
1711 2354 2157 2405 nar von Saint=Sulpice Hr. Klaß.
2588 2372 2832 2407 Hr. Streitmann
2281 2376 2551 2417 Georges Dumenil
1675 2376 2236 2442 Dienerin bei Manon. . Fr. Wallnöfer.
2269 2401 2832 2459 Marguerite, dessen Frau Frl. Reichsberg.
2269 2434 2540 2481 Hortense, Kammer¬
1962 2426 2246 2493 Ende gegen 10 Uhr.
1683 2433 1911 2502 Anfang 3 Uhr.
2578 2436 2801 2503 Frl. Dickens.
2293 2464 2415 2502 mädchen
2272 2468 2832 2531 Feodora, Chansonnette. Fr. Biedermann
2266 2513 2800 2556 Philippe, Oberkellner. Hr. Wallner.
2272 2529 2838 2581 Jean, Kellner..... Hr. Holzgartner.
1831 2529 2116 2602 Carl-Theater.
2266 2570 2788 2630 Germain, Diener . . . Fr. Hellwig.
2418 2608 2706 2651 Anfang um 7 Uhr.
1851 2608 2094 2673 Zum erstenmale:
1850 2655 2087 2731 „Freiwild."
2275 2668 2845 2737 Theater in der Josephstadt.
1680 2703 2250 2775 Schauspiel in 3 Acten von Arthur Schnitzler
2434 2727 2684 2787 Zum erstenmale:
2011 2760 2187 2810 Hr. Reusch.
1680 2759 1961 2809 Lieutenant Karinsky
2380 2765 2722 2835 „Aschermittwoch.
1683 2791 2250 2847 Rittmeister Rohnstedt. Hr. Meyer=Eigen
2275 2804 2838 2883 Schwank in 3 Acten von Haus Fischer un
1680 2826 2249 2868 Paul Rönning..... Hr. Klein a. G
2003 2858 2179 2898 Hr. Korff.
2453 2855 2667 2905 Joseph Jarno.
1680 2861 1916 2904 Poldi Grehlinge
1683 2867 2211 2928 Dr. Albert Wellner, Arzt Hr. Martin.
2275 2883 2559 2941 Hermann Rumburg,
2022 2914 2189 2965 Hr. Blum.
1680 2918 1958 2953 Lieutenant Vogel
2553 2899 2788 2968 .. Hr. Maran.
2301 2924 2519 2962 Kaufmann
1686 2943 2015 2982 Schneider, Director eine
2269 2936 2845 3003 Dora, seine Tochter . . Frl. Ella a. D.
1720 2953 2192 3006 Sommertheaters. Hr. Tewele
2275 2975 2602 3029 Auguste Kirchbach, seine
2022 2994 2206 3054 Hr. Worms.
1686 2997 1967 3045 Finke, Regisseur
2301 3007 2594 3044 Cousine, Vorsteherin
1686 3025 2011 3076 Balduin, Liebhaber un
2307 3035 2564 3073 eines Mädchenpen¬
1717 3044 2202 3095 Heldendarsteller... Hr. Natzler.
2296 3042 2849 3114 sionates in Dresden. Fr. Pohl=Meiser.
1691 3085 2202 3120 Enderle, Komiker. Hr. Czasta.
2272 3089 2550 3142 Fröden, Rumburg's
1686 3111 2234 3148 Anna Riedel, Naive.. Frl. Sangora.
2601 3096 2775 3158 Hr. Pfann.
2299 3124 2489 3159 Compagnon
1694 3142 2220 3184 Pepi Fischer, Soubrette Frl. Glümer.
2272 3137 2794 3186 Lou Vornoni, Tänzerin Frl. Ziegler.
1686 3168 2011 3206 Kathhen Schütz, zweite
2281 3177 2605 3225 Heinrich Schneider, Di¬
1717 3186 2225 3245 Liebhaberin . . . . . Frl. Martini.
2301 3203 2611 3247 rector einen Speciali¬
1691 3222 2173 3264 Kohn, Cassier . . . . . Hr. Peta.
2301 3212 2784 3279 täten=Theaters. . . . Hr. Lechner.
1694 3251 2182 3289 Kellner. Hr. Stagl.
2278 3250 2569 3310 Stephan, Diener bei
1691 3266 2242 3340 Piccolo . . . . . . . . Jenny Worms.
2296 3273 2803 3340 Ramburg . . . . . . Hr. Schmidl.
2415 3318 2700 3378 Anfang um ½8 Uhr.
1869 3316 2072 3377 Anfang 7 Uhr.
1765 3348 2841 3463 enden k. k. Hof-Burgtheaters, Samstag den 5. Februar
1680 3384 2854 3443 Repertoire des an den Nachmittags halb 2 Uhr: „Machet." Abends
1754 3438 2848 3485 7 Uhr: „College Crampton.“ Montag den 7.: „Magnetische Curen." Dienstag
1751 3470 2231 3514 den 8.: „Ein Sommernachtstraum."
1686 3485 2854 3545 Repertoire des k. k. Hof-Operntheaters. Samstag den 5. Februar:
1756 3530 2854 3580 „Haus Heiling." Sonntag den 6.: „Dalibor.“ Montag den 7.: „Der Barbier von
1754 3558 2861 3614 Sevilla. (Rosine, Fräulein Gabriele Christmann als Gast.) Hierauf: „Wiener
1748 3596 1854 3639 Walzer.
1686 3609 2848 3666 Repertoire des Deutschen Volkstheaters. Samstag den 5. Februar
1756 3650 2848 3694 (zum erstenmale): „In Behandlung." (Anfang 7 Uhr.) Sonntag den 6., Nachmit¬
2274 3682 2842 3717 Abends halb 8 Uhr: „In Behandlung.
1748 3685 2247 3735 tags halb 3 Uhr: „'s Jungferngis
1751 3710 2852 3751 Dienstag den 3.: „In Behandlung.“ Mittwoch den 9.: „Josephine." Donnerstag
1756 3739 2500 3777 den 10. (bei ermäßigten Preisen): „Der Gewissenswurn
2535 3739 2851 3792 Freitag den 11. (zum
1751 3764 2502 3807 Besten der Armen des VII. Bezirkes): „Hans Huckebein.“
1691 3799 2860 3849 Repertoire des Raimund-Theaters, Samstag den 5. Februar: „Ho¬
1751 3837 2828 3885 hinaus." Sonntag den 3., Nachmittags halb 3 Uhr: „Lumpacivagabundus." Abend
1751 3864 2845 3903 halb 8 Uhr: „Die Leni." Montag den 7.: „Frou-Frou." Dienstag den 8.: „Heim
1751 3891 2005 3941 kehr." „Schlingen."
1691 3912 2838 3972 Repertoire des Carl-Theaters, Samstag den 5. Februar: „Freiwild.
1756 3957 2838 3994 Sonntag den 6., Nachmittags halb 3 Uhr (bei ermäßigten Preisen): „Die Geisha.
1748 3989 2173 4029 Abends halb 8 Uhr: „Freiwild.
1702 4004 2841 4077 Repertoire des Theater an der Wien, Samstag den 5. Februar (zun
