3436 4448
226 185 570 305 8. Frei
604 199 724 312 il
926 206 1345 319 box 14/3
621 1249 1613 1362 zur Abgabe der Generaldecharge kommandirte Abtheilung
1633 1273 2628 1355 Trauttmansdorff in prunkvollem Magnatenkostüm,
2652 1280 2841 1376 gelangen.
618 1342 1390 1393 Infanter eben Aufstellung genommen hatte.
1726 1345 2621 1393 Präzise dreiviertel 12 Uhr betraten die Mitgliede
2742 1328 3373 1424 Auch zum Zwecke der Hebung un
707 1369 1606 1441 Mittlerweile hatte die Auffahrt begonnen. Der Ein¬
1630 1379 2621 1445 beider Häuser unter Vorantritt des Fürsten Windisch
2652 1376 3359 1455 des Verkehrswesens wird Meine
611 1410 1602 1486 taß in den Saal wurde jedoch erst um 11 Uhr gestatte
1630 1438 2621 1486 grätz und des Alterspräsidenten Ritter v. Prosko
2659 1445 3352 1506 Vorlagen an Sie herantreten, welche
1630 1479 2625 1534 wetz den Zeremoniensaal. Die Pairs nahmen rechts, die
2656 1496 3349 1551 und Nutzbarmachung binnenländische
611 1517 1606 1582 besonders eindringlich. Er hat die Sprechweise der jungen
1630 1530 2628 1582 Mitglieder des Abgeordnetenhauses auf der linken Seite
2656 1541 3373 1596 die weitere Entwicklung des Seeverk¬
618 1572 2621 1626 Wiener Aristokratie. Weich, ein wenig nachlässig und von des Saales Aufstellung. Unter den Letzteren stachen be¬
2666 1585 3366 1644 stellung neuer Eisenbahnverbindungen
618 1620 1616 1671 oben herab — auch gegen sich selbst. Was er bot, war aller¬
1644 1620 2625 1678 sonders die bäuerlichen Abgeordneten aus Tirol in ihrer
2659 1637 3369 1716 staatlichung einzelner Eisenbahnlinie
618 1657 1609 1719 dings ein wenig zu schwer für eine Vorlesung, aber auch,
1637 1668 2628 1719 Alpentracht hervor und einige polnische Bauern, deren
2663 1678 2923 1747 stande haben.
611 1712 1602 1771 wer das Werk nicht von früher kannte, fühlte, daß es
1637 1712 2628 1767 schwere Röhrenstiefel in originellem Kontrast zu dem
2745 1712 3366 1781 Die in einzelnen Theilen des R
614 1743 998 1829 etwas zu sagen hatte.
1630 1753 2621 1819 glänzenden Parquet und den zierlichen Lackschuhen der
2645 1753 3366 1839 dauernder Intensität zu Tage treten
714 1771 1606 1856 Nun kam Schnitzler und las den ersten Akt von
1630 1805 2621 1856 übrigen Anwesenden standen. In der ersten Reihe standen
2645 1812 3366 1873 Bevölkerung, ihren Erwerb im Aus¬
614 1819 1606 1908 „Freiwild" mit großem Erfolg. Die Uterarischen Kreis¬
1630 1856 2621 1908 der von den Antisemiten für den Präsidentenstuhl
2652 1867 3366 1922 scheint geeignet, Ihre Aufmerksamkei
614 1894 1606 1946 kennen auch dieses Werk bereits. Es bedeutet unleugbar
1626 1901 3380 1987 im Abgeordnetenhause kandidirte Doktor Pattai und wirthschaftlicher, wie in sozialer Be¬
611 1928 3335 2011 einen Fortschritt Schnitzler's sowohl in der Technik, als nur wenige Schritte von ihm entfernt Prinz Alois bedeutsame Erscheinung zu lenken.
614 1987 1606 2045 auch in der Zeichnung der Charaktere. Sein Thema ist
1630 1983 2621 2048 Liechtenstein in der Uniform eines Husaren=Ritt=
2649 2004 3369 2083 Ihnen demnächst eine Vorlage Mei¬
618 2031 2615 2090 diesmal nebst dem Freiwild der schutzlosen, aus eigener meisters. Der Chef der antisemitischen Partei, Dokto
2656 2048 2869 2127 zukommen.
611 2076 1606 2141 Kraft lebenden Mädchen das gehetzte Edelwild der Männer,
1630 2090 2621 2145 Lueger, stand ganz im Hintergrunde und der etwas
611 2121 2628 2186 die an den falschen Ehrbegriff unserer Gesellschaft ge¬ „zerzauste" Bart schien darauf hinzudeuten, daß sich sein
2903 2117 3369 2220 Parlamentarisches.
611 2175 2625 2234 kettet sind und sich in voller, oft schwer erkämpfter Lebens= Eigenthümer gerade nicht in rosigster Laune befinde. Herr
2694 2196 3366 2285 Vorbereitungen zur heutigen
618 2217 2621 2278 freude der Mordwaffe eines Buben stellen müssen, weil Dr. Lueger wandte suchend seinen Blick nach allen
614 2265 1609 2320 sie selbst als Männer gehandelt haben. Scharf, trefflicher
1630 2268 2625 2323 Seiten und nach und nach hellte sich sein Antlitz wieder
2738 2265 3369 2330 Der Sozialdemokratische
618 2313 1599 2364 und mit — fast weltschmerzlich überlegener — Ironie ist hie¬
1630 2316 2615 2364 auf. Wahrscheinlich hat er, wie viele Andere, seinen Kol-
2649 2296 3369 2381 gestern Nachmittags eine Sitzung ab, in
618 2357 2615 2426 das Theater, wie das Offiziersmilien gezeichnet. Schnitzler legen Mittermayer — nicht entdeckt. Die sozialistisch
2645 2368 3369 2422 wurde, sofort bei Beginn der heutigen
611 2402 1602 2453 lest überlegen und zielbewußt; er weiß zu würdigen, was er
1626 2416 2618 2484 und die Stojalowski-Partei waren nicht vertreten, währen
2649 2409 3359 2495 geordnetenhauses folgenden Dringlich
614 2457 2491 2508 zu sagen hat. Das Publikum unterhielt sich famos. Es von den Schönerianern Herr Iro erschienen war.
2645 2464 2886 2532 einzubringen:
618 2501 1609 2563 wurde wirklich war und war von der Anerkennung bis
1716 2484 2621 2553 Wenige Minuten vor 12 Uhr verkündete Ober¬
2731 2477 3363 2563 „Der am 16. März d. J. gewä
607 2532 1077 2611 zum Genuß fortgeschritten.
1630 2522 2621 2604 zeremonienmeister Graf Hunyady durch dreimaliges
2645 2543 3369 2615 abgeordnete Thomas Szajer (Landgem
707 2560 1599 2649 So fand Hermann Bahr gerade die richtige
1626 2601 3366 2652 Aufschlagen mit dem Stabe, daß der Kaiser nahe, wird seit 4. März in Untersuchung
600 2608 1599 2694 Stimmung, um das Publikum bis zum „Lachen weiter¬
1626 2635 2618 2700 Zuerst erschienen unter Führung des Ministerpräsidenten
2649 2645 3366 2697 Die Unterzeichneten beantragen, daß das A
607 2676 3366 2755 zuführen. Er las eine Anekdote von dem Mann einer schönen paarweise die Minister, dann folgten in gleicher Ordnung in Gemäßheit des Paragraph 16, Alinea
614 2738 2618 2786 Frey, der es auf der Hochzeitsreise nirgends gefällt, weil die Erzherzoge Otto, Ludwig Viktor, Pete¬
2642 2735 3376 2790 vom 21. Dezember 1867, wodurch das
604 2779 3363 2827 man ihr überall zu wenig den Hof macht. Schließlich muß Ferdinand, Josef Ferdinand, Friedrich und die Reichsvertretung vom 26. Februar
597 2820 1606 2875 der arme Gatte in Schliersee, wo es ihm sehr gut gefällt,
1630 2831 2621 2879 Eugen. Unmittelbar vor dem Kaiser schritt der Stell¬
2645 2827 3352 2882 wird, verlange, daß der Verhaft
611 2865 3352 2961 den Meßner, der einen schönen Salonrock besitzt, gegen vertreter des Obersthofmarschalls FML. Baron de Piret, neten Thomas Szajer aufgehe
604 2917 1596 2975 drei Mark im Tage und die Zeche engagiren, damit dieser
1620 2920 2096 2978 der das Reichsschwert trug.
2742 2927 3359 2982 In formeller Beziehung wird bean
611 2958 1602 3013 seine Frau täglich mehrere Stunden lang bewundert,
1712 2937 2611 3016 Als der Monarch den Saal betrat, unterbrach
2642 2961 3359 3020 Antrag mit allen nach der Geschäftsort
614 3013 3116 3074 Eine köstlich geschriebene, prickelnde Anekdote. Und wie der Präsident des Herrenhauses, Fürst Windischgrätz, Abkürzungen (§ 42 der Ges
3150 3023 3345 3092 ftsordnung
611 3047 1596 3102 Bahr liest, weiß man ja schon. Das Publikum war gan¬
1620 3050 2615 3116 die feierliche Stille mit dem Rufe: „Seine Majestät
2639 3068 3098 3143 Berathung genommen wer
604 3105 2618 3160 Verständniß. Und so ging man nach vielen schweren und der Kaiser lebe hoch!“ und nun erdröhnte der Saal
2724 3116 3088 3174 In derselben Sitzun¬
3146 3085 3349 3177 de ferner
604 3143 1599 3201 anstrengenden Genüssen schließlich doch lustig und leichten
1623 3150 2615 3208 unter dreimaligen brausenden Hochrufen. Gleichzeitig wurde
2639 3143 3074 3222 morgen folgender Wah¬
3146 3160 3356 3225 antrag ein
604 3194 3006 3284 Sinnes nach Hause. Bahr hat sich eben wieder einmal auf dem äußeren Burgplatze die erste Generaldecharge „Die Abgeordneten
3146 3205 3366 3273 er, Schr.
597 3236 1091 3318 als „Ueberwinder bewährt.
1448 3236 1575 3321 H. L.
1613 3239 1815 3318 abgegeben.
2628 3246 3030 3332 Genossen beantragen,
3126 3243 3356 3332 obe Haus
