3484 4224
922 179 1333 271 box 14/3
231 173 437 285 8. F.
483 180 730 284 ewi¬
418 1066 941 1174 Thimig einzugehen, arg.
1012 1069 1183 1175 hat vor.
514 1158 1422 1237 (Carl-Theater.) Einen der tiefsten Konflikte, die
304 1202 390 1269 ne
427 1219 1421 1280 aus unseren gesellschaftlichen Zuständen und Anschauungen
307 1254 393 1327 nnte
421 1271 1425 1330 entspringen, jenen zwischen ritterlichen und bürgerlichen
421 1317 1422 1367 Ehrbegriffen, behandelt Arthur Schnitzler in seinem
418 1359 1427 1431 dreiaktigen Schauspiel „Freiwild", das gestern hier
418 1402 1422 1462 zum erstenmale aufgeführt wurde. Er behandelt den Kon¬
290 1455 1422 1530 ittags flikt, aber er vermeidet das vergebliche Beginnen, den
424 1501 1425 1552 Versuch einer Lösung zu unternehmen, ja er läßt seinen
292 1521 396 1580 nie
429 1549 1425 1604 bürgerlichen Helden sogar eine arge Inkonsequenz begeben.
288 1566 393 1629 men.
430 1596 1422 1660 Durch diese beweist er aber, daß ein Mann, der das Duell
281 1610 396 1677 mehrere
427 1641 1422 1704 grundsätzlich perhorreszirt, wenn er kein Feigling ist, seinem
424 1687 1422 1743 „ritterlichen Gegner zum Opfer fallen muß, daß er für
427 1735 1422 1788 diesen — Freiwild ist, ebensogut Freiwild, wie die kleine
427 1782 1428 1837 Schauspielerin für das Unterhaltungsbedürfniß hoch¬
290 1803 390 1871 fie¬
424 1831 1422 1890 fahrender Gecken. Lieutenant Karinski spricht unziemlich
302 1857 390 1911 nach
429 1883 1424 1936 von der Naiven Anna Riedel. Der Zivilist Paul Rönning
299 1900 393 1957 and
432 1920 1422 1979 ist darüber empört und ohrfeigt ihn. Die Genugthuung
288 1945 396 2002 t zu
426 1968 1428 2030 mit den Waffen verweigert er aber, unter allen Umständen.
293 1991 396 2050 chlug.
432 2030 1427 2076 Es fällt ihm nicht ein, sein Leben aufs Spiel zu setzen,
304 2041 390 2095 rif¬
429 2061 1430 2118 weil er einen Buben gezüchtigt hat. Seine Freunde
427 2110 1428 2166 wenden sich von ihm und er will mit Anna Riedel,
424 2155 1407 2212 die in dieser schweren Stunde seine Braut geworden
432 2190 1430 2274 abreisen. Allein er bleibt, wie er erfährt, daß Karinski
299 2238 395 2308 gung
432 2247 1428 2311 dies als Flucht auffassen müßte. Beim ersten
304 2303 398 2365 Pater
432 2298 1433 2357 Zusammentreffen der Beiden thut der Lieutenant, was er
299 2346 1431 2405 de, ist von seinem Standpunkte aus muß, er nimmt sich selber
299 2392 1428 2454 ser Satisfaktion und schießt Rönning nieder. Auf all das
299 2440 1433 2499 daten wird noch näher einzugehen sein. Das Stück ist mit einer
301 2483 1428 2534 sollte, enormen Geschicklichkeit gemacht; trotzdem man weiß, was
319 2536 403 2591 und
432 2525 1428 2582 nothwendig, kommen muß, läßt die Spannung keinen
301 2584 400 2639 in
429 2576 1431 2639 Augenblick nach, man nimmt persönlichen Antheil an den
307 2622 1431 2678 Ruch Vorgängen auf der Bühne. Nur will es nicht recht passen,
435 2672 1431 2727 daß auf dieses förmlich aus dem Leben gerissene Bild
302 2676 403 2735 nen
429 2713 1431 2772 ohne jeden zwingenden Grund, des theatralischen Kon¬
293 2758 1433 2824 amme trastes wegen Komödiantentypen aus den „Fliegenden
299 2823 1436 2875 ro¬ Blättern geklebt sind. Gespielt wurde von Herrn
308 2851 1435 2917 on Klein, der den Zivilisten, Herrn Reusch, der den
310 2903 1431 2960 gen Lieutenant, und Herrn Korff, der einen Dutzendkerl aus
438 2949 1436 3005 der guten Gesellschaft gab, mit solcher Vollendung, daß
298 2949 409 3020 ten¬
435 2999 1438 3054 man bedauert, in einer an Lobesworten so armen Sprache
293 3042 1433 3111 teigen zu schreiben. Alle Anderen haben nur Episodenrollen. Herr
438 3091 1431 3145 Czasta spielte die seine, die eines eifersüchtigen Komikers,
435 3139 1431 3193 im richtigen Tone. Die Aufnahme des Stückes war eine
435 3179 1428 3242 rauschende, Schnitzler wurde ungezähltemale gerufen:
301 3193 396 3267 dern
1286 3228 1396 3299 -
424 3233 764 3296 ein großer Erfolg.
2223 1740 2860 1829 Wiener Neueste Nachrichten.
1789 1822 2018 1885 die Lebens¬
2133 1843 3090 1919 Carltheater. Freitag, den 4. Februar. Frei¬
1786 1871 2018 1933 al auf: ein
2047 1893 3085 1950 wild, Schauspiel in 3 Acten von Arthur Schnitzler.
1800 1917 2008 1974 ne Flasche
2055 1928 3077 2004 Es ist gegenwärtig nicht schwer ein „modernes Schau¬
1795 1956 2004 2015 aufwärts.
2058 1967 3080 2044 spiel zu schreiben. Die Inventarstücke hiezu sind leicht
1809 2002 1998 2067 — 14 kr.),
2045 2027 3073 2089 zu haben: Eine Ohrfeige, die zur rechten Zeit gegeben
1828 2048 3066 2119 oder ein wird, ein Revolver der zur rechten Zeit losgeht, ein Held,
2042 2093 3079 2175 der die Ohrfeige gibt und sich dafür pflichtschuldigst
2042 2149 3068 2220 erschießen läßt und ein Bösewicht, der die Ohrfeige empfängt
2035 2187 3065 2255 und den Geber dafür niederbrennt. Das ist ein unge¬
1840 2180 1998 2274 inder.
2036 2234 3062 2298 mein glattes Geschäft, das sich prompt abwickelt, sozusagen
1905 2264 1993 2321 dass
2048 2271 3056 2334 „Schlag auf Schlag". Herr Arthur Schnitzler ist einer
2039 2320 3059 2389 jener Stirncken= und Kaffeehausliteraten, wie sie derzeit
1876 2352 1987 2411 soweit
2035 2358 3062 2425 in Wien zu Dutzenden als „Deutsche Dichter“ herum¬
1894 2396 1990 2456 Form
2036 2392 3059 2471 laufen. Er fühlt sich als Apostel und ist, wohl von
2035 2440 3057 2507 Geburt aus, ein Duellgegner. Der Beifall war bei der
2027 2485 3060 2559 Erstaufführung, wie bei jedem sogenannten Tendenzstück,
2022 2516 3053 2599 getheilt. Ungetheilt war der Beifall der schauspielerischen
2024 2567 3053 2642 Leistungen, insbesondere jener der Herren Klein,
2016 2613 3050 2695 Reusch, Korff und Tewile. Ueber die Damen
2019 2647 2422 2716 wollen wir schweigen.
2900 2670 3017 2729 f. m.
2101 2707 3057 2772 Concerte. Unter den Concertgebern der letzten Tage
2028 2743 3056 2818 sehen in erster Linie die zwei Klavierherren Eugen
2082 2787 3054 2864 lbert und Emil Sauer. In virtuoser, oft ver¬
2144 2830 3046 2917 der Technik, geistvoller Auffassung und eminente¬
3107 2081 3184 2130 be¬
3108 2294 3184 2343 sein
3102 2335 3195 2394 Wo
3090 2426 3193 2517 Con
3091 2508 3196 2561 in W.
3093 2545 3196 2598 welch
3093 2582 3207 2653 nun
3082 2642 3198 2716 18
3096 2706 3199 2761 Conce
3090 2750 3190 2800 von
3087 2787 3205 2830 opern
