3484 4224
177 174 618 283 8. Freiwi
863 167 1280 275 box 14/4
2448 298 2602 386 .
1648 376 2650 497 drang etwas in jedes Gespräch jener jungen Leute von 180
1651 464 2647 527 ein und ein bißchen ist davon noch am „Freiwild“ hängen
666 449 1590 575 Theater, Kunst und Literatur.
1653 510 2650 586 geblieben. Schauspieler, die in der Coulisse stehen, um das
1658 558 2650 618 Stichwort zu erwarten, pflegen sich dann, auf das Zeichen
1025 527 1585 633 Freiwild.
1653 596 2647 656 des Inspizienten, plötzlich einen Ruck zu geben, der förmlich
656 583 1608 689 Schauspiel in drei Akten von Arthur Schnitzler. Im Deutschen
1653 646 2650 719 ihre ganze Natur zu spannen und zu strecken scheint. Das ist
815 656 1476 724 Volkstheater aufgeführt am 28. Jänner 1905.
745 681 2647 767 Es war 1897. Prinz Alonso und Herr Eugen Brüll es, was ich an diesem Stücke manchmal zu spüren glaube:
641 729 2647 820 hatten sich noch nicht gegen das Duell erklärt. Noch wie sich der Dichter einen Ruck gibt. Es ist schon der
636 782 2647 858 galt es darum nicht für ritterlich, feig zu sein. Auch hatte Schnitzler, aber ein gespannter, gestreckter, der den Kopf
1661 825 2652 891 zurückwirft und sich ein bißchen auf die Zehen stellt. Und
641 835 1635 898 sich die neue Literatur mit ihren Zweifeln und spöttischen
1666 866 2650 926 ich spüre daran erst recht die ganze Kraft und Schönheit
641 881 1628 941 Fragen noch der Soldaten nicht bemächtigt. Wenn der
1668 904 2650 977 seiner späteren Entwicklung, die keine Mahnung des
641 924 1635 982 Offizier auf der Bühne erschien, war es als Zierde der
633 949 2655 1037 Nation oder doch des Salons. Dem Major von Tellheim Inspizienten mehr braucht und nicht mehr vor den
641 1017 1893 1100 verwandt oder Veilchenfresser und Reiflingen. Noch hatte Spiegel tritt
1759 1030 2660 1108 In der Literatur wird „Freiwild bleiben als das
639 1060 1638 1133 sich Hartleben nicht erdreistet, noch drohte kein Beyerlein
639 1083 2658 1181 und Bilse. Da begab es sich, daß ein junger Dichter, schon erste Soldatenstück unserer Zeit. Hartleben hat später durch
1673 1146 2663 1206 sehr feines Detail, das er sehr geschickt an eine wasserblaue
639 1153 1645 1206 vom ersten Ruhm gestreift, aber unzufrieden mit sich selbst,
639 1179 2658 1252 hochmütig gegen sich selbst, und darum nach großen Ent= Handlung band, stärker gewirkt und Beyerlein hat es dann
1663 1229 2665 1297 zum groben theatralischen Effekt gedreht. Ich meine
649 1242 1635 1317 schlüssen begierig, die seiner Kraft mehr abzufordern hätten
639 1269 2663 1340 als sie bisher ihm gewähren konnte, zudem von jener übrigens, die Serie ist noch nicht aus, es wird noch mancher
639 1322 2658 1403 leichten Schwermut gerührt, die uns betört, wenn wir kommen, deil das Thema noch nicht erschöpft ist: in ihrem
646 1358 2663 1449 uns zum ersten Mal von den süßen Mädchen und den letzten Wesen ist die Existenz eines Soldaten in unserer
649 1406 2668 1497 Spielen der Liebe trennen, weil wir da nämlich noch nicht Zeit noch nicht getroffen worden. Unsere Zeit verlangt von
641 1449 2665 1534 wissen können, daß es doch niemals ein Abschied für immer jedem, der in der gesellschaftlichen Ordnung als Mitregent
1668 1499 2668 1565 leben will, daß ihm diese zur zweiten Natur werden muß.
646 1519 1640 1580 ist — in dieser zugleich melancholisch entsagenden und doch
646 1539 2665 1618 heftiger, als er noch jemals einen Trieb in sich vernommen Die Bestimmung des Soldaten verlangt von ihm, immer
1681 1590 2673 1661 für den Moment bereit zu sein, in welchem die bürgerliche
649 1620 1651 1676 haben mochte, zum Ernst des Lebens, zum Wirklichen hin,
651 1630 2673 1729 zu den großen Mächten des Daseins gedrängten Stim= Ordnung plötzlich wieder aufgehoben, die zweite Natur
1673 1678 2670 1746 wieder zerrissen wird. Zu ihrem Schutze, um nicht von jedem
649 1704 1643 1774 mung des unruhigen jungen Dichters begab es sich, daß
646 1724 2670 1807 er an das Verhältnis des Offiziers in unserer heutigen Feinde umgerannt zu werden, braucht sie Männer von einer
646 1767 2665 1857 Welt geriet. Ich denke, er hatte einen Kater; so fing es Art, die unter ihrem Schutze doch eigentlich gar nicht ge¬
654 1812 2673 1898 wohl wahrscheinlich an. Wir sind dann immer sehr ge¬ deihen kann. Damit aus einem Menschen ein guter Bürger
1678 1863 2673 1928 werde, müssen in ihm eben jene Kräfte vertilgt oder doch
654 1893 1648 1953 kränkt, wenn wir eines Tages, erwachend, gewahren, daß
1678 1905 2673 1986 verkümmert werden, die den guten Soldatene
656 1943 1643 1994 irgend ein liebes kleines Mädchen doch nicht das ganz
1681 1941 2645 2019 menschlicher einer ist, je gütiger und gerechter, je mehr
654 1986 1651 2049 große Leben ist; und verargen ihr das sehr und rächen
1678 2001 2680 2062 über unsere tierische Wildheit, ein desto schlechterer Soldat
651 2039 1640 2092 uns, indem wir uns plötzlich nun auf die „Probleme
1681 2047 2678 2110 wird er im Kriege sein. Und je verwegener, leidenschaftlicher,
649 2069 1656 2130 werfen, zu denen uns erfahrene und reife Freunde doch
669 2087 2670 2196 schon immer geraten haben. Ihre Erfahrung, ihre Reise grausamer er sich in der Schlacht bewähren wird, deste
1683 2135 2683 2203 schwerer wird er sich in die bürgerliche Ordnung finden
654 2170 1653 2231 ist freilich meistens zuletzt wohl eigentlich mehr nur ein
1681 2191 2683 2241 können, deren Verteidigung aber dann schließlich doch wieder
651 2211 1651 2281 leiser Neid, sie können uns nicht töricht glücklich sehen
1681 2223 2673 2294 der Sinn seiner ganzen Existenz ist. Der große Reiz, den der
656 2264 1653 2329 Und wer später, in Gefahren, durch Leiden, aus Freuden,
1691 2266 2670 2340 soldatische Beruf noch immer für viele hat, besteht wahr¬
661 2312 1656 2362 wirklich reif geworden ist und den wahren Sinn des
1693 2314 2670 2390 scheinlich darin allein, daß es zu diesem Berufe gehört, au
656 2350 1651 2405 Lebens erfahren hat, merkt erst, daß ihn vielleicht da¬
1683 2365 2680 2430 ein Zeichen aus aller Ordnung ausbrechen zu können und
656 2400 1651 2463 dümmste kleine Mädchen Tieferes lebendiger lehrt, als es die
1678 2408 2680 2486 wieder zum ungezähmten Urmenschen zu werden, den uns
664 2451 1658 2511 Lösung der höchsten Probleme vermag. Dazwischen aber,
1683 2453 2680 2514 Erziehung, Kultur, Gesetz verleugnen lehrt. Es wird vom
666 2496 1661 2572 in der leeren Pause von verlangender zugend zur er¬
1693 2493 2683 2564 Soldaten also eigentlich verlangt, daß er auf Kommando
666 2544 1661 2610 füllenden Männlichkeit hinüber, kommt es uns riesig
1693 2546 2688 2615 jetzt zum Urmenschen, jetzt zum Staatsbürger werden kann.
664 2589 1658 2655 gescheit vor, den „Problemen zu dienen, worunter die
1686 2592 2683 2668 Und wenn ich mir einen nachdenklichen und mit sich auf¬
664 2632 2683 2693 ernsten Menschen alles verstehen, was gerade zu dieser Zeit richtigen Menschen denke, dem dies bewußt würde, so wäre
656 2683 1658 2738 in den Beziehungen der Menschen und ihrer gesellschaft¬
1681 2685 2683 2781 das wohl ein rein tragischer Fall, der seinen Dichter
661 2731 1857 2791 lichen Ordnung wankend und fragwürdig und verbesserlich verdiente.
661 2776 1661 2857 geworden ist. Wenn sie freilich weniger ernst, aber dafür
1789 2741 2683 2842 Die Aufführung ist im Einzelnen ungewöhnlich gut.
666 2824 1666 2882 mit der menschlichen Natur vertrauter wären, würden
1693 2809 2688 2890 Vor allem wirken Kutschera und Jensen durch eine
676 2870 1666 2928 sie begreifen, daß ihr von außen her niemals zu helfen ist,
1693 2867 2688 2958 merkwürdige Kraft, die die etwas lehrhaften Sachen, die sie
1693 2912 2695 2970 mitunter räsonierend zu sagen haben, persönlich zu
671 2915 1661 2981 sondern, wie Vetter Hamlet sagt, aus „des Herzens
671 2960 1668 3021 Herzen allein, und daß es darum doch eigentlich, um die
1698 2953 2688 3018 beleben weiß. Dann Fräulein Erl durch ihren wunder¬
1693 3001 2693 3074 hübschen Ton, der nur leise zuweilen noch ein bißchen
666 3003 1666 3054 Sehnsucht der Menschheit zu heilen, nur ein einziges
1696 3044 2680 3109 unfrei klingt. Kramer, als Karinski, ist in der Haltung
671 3044 1666 3107 Problem gibt, nämlich: ihren Geist und ihr Gemüt so
1696 3102 2688 3167 vortrefflich, aber er bleibt der Figur die Wildheit, den Zug
671 3099 1668 3147 durch Erschütterung aufzutreiben, daß ihr die
1698 3132 2683 3208 zum Abenteuer, die Falte vom gebornen Croupier schuldig.
676 3137 1666 3198 Gewalt, jede Form der Gewalt, ganz unerträglich
1698 3182 2680 3246 Sonst ist noch Herr Höfer zu nennen, mit dem ergötz¬
669 3187 1666 3266 und alles, was bisher Ordnung hieß, unmöglich
1701 3220 2685 3288 lichen Armeedeutsch, das er dem Lieutenant Vogel gibt.
669 3235 1676 3286 aber auch entbehrlich wird. Bis aber einer erst
1698 3276 2685 3339 Die Wirkung war stark wie in einer Volksversammlung
671 3273 1668 3344 dahin gekommen ist, dies an sich selbst zu begreifen, flick
1701 3316 2688 3382 klatschten die Leute den verwegenen Reden der gesunden
676 3326 1666 3397 jeder gern eine Zeit an den „Fragen der Gesellschaft
1696 3362 2685 3422 Vernunft begeistert zu. Ja siehst du, Arthur so geht's: vor
679 3377 805 3450 herum.
780 3374 2685 3493 Das hat auch Schnitzler durchmachen müssen und acht Jahren, als du sie schriebst, sind es Frechheiten gewesen,
1701 3452 2688 3526 die man die gar nicht verzeihen wollte, und jetzt sind's schon
679 3458 1668 3518 daher hat sein Stück eine so merkwürdige Haltung. Etwas
1706 3498 2683 3561 Wahrheiten für die kompakte Majorität geworden, und noch
686 3508 1673 3564 sehr Entschlossenes nämlich, dem man doch leise den inneren
679 3543 2688 3606 Zwang anhört. Wie wenn jemand sehr eindringlich von zehn Jahre, und es werden Banalitäten sein, hoffentlich,
1696 3589 2695 3677 gegen die sich dann eine neue Jugend wieder ingrimmig
676 3599 1666 3652 einer Sache, deren Wichtigkeit er sich nachdrücklich vorstellt
1706 3639 2438 3728 empören muß — das ist der Lauf der Welt.
686 3647 1668 3700 sprechen will, aber sich sehr zusammennehmen muß und
2271 3649 2647 3750 Hermann Bahr
684 3687 1683 3748 Mühe hat, dabei zu bleiben, weil er sich insgeheim immer
681 3730 1668 3798 an nähere Gedanken verliert, die stärker sind. Er beißt sich
684 3783 1681 3841 auf die Lippen, um sich nicht merken zu lassen, wie zerstreut
684 3831 1673 3889 er ist; denn dieses ganze Stück ist nur aus dem Verstande
676 3876 1676 3935 geholt, in seiner Tiefe weiß er nichts davon, da bereiten sich
689 3922 1673 3980 still schon die schönen Erfüllungen seiner Reise vor. Wozu
679 3965 1676 4020 vielleicht auch noch etwas anderes kam. Mir will scheinen,
681 4010 1671 4066 als ob ich heraushören würde, wie gern er als junger
684 4056 1673 4109 Mensch im Burgtheater gesessen ist. Die Luft des alten
681 4096 1676 4157 Burgtheaters haucht mich hier an und in manchen Szenen
