3484 4384
310 103 1159 147 unleuchtet. Es ist Alles jetzt minder gedämpft.
316 136 1156 187 Es scheint, als ob eine Seele gereift wäre. Durch
313 171 1155 224 das Florgespanst brechen nun strahlende
313 219 1162 284 Farben. Der Schrei aus seiner Brust klingt
315 254 1158 311 voller und machen wie im Schluchzen,
312 302 591 356 erschütternder.
397 325 1150 385 Im Naturalismus, den er äusserlich ver-
313 372 1163 431 lassen hat, ist ein neuer Mann erstanden:
307 417 1163 473 Joseph Ruderer Fahrt er fort, wie er in der
325 448 1165 507 Fahnenweihe begann, dann wird er bald
320 500 1172 549 neben unseren Besten stehen. Dramatisch hat
320 534 1168 589 er nicht einmal besondere Vorzüge. Er sieht
316 581 1158 631 nicht immer bühnenmässig, er ist anfänger¬
320 609 1168 667 haft breit, er hebt nicht scharf heraus. Er
322 652 1171 707 differenzirt nicht alle Gestalten. Sein Humor
321 701 1169 761 ruht weniger in Einzelcharakteren als in
321 725 1171 798 grossen Gesammtverhältnissen. Aber in dieser
322 771 1167 832 symphonischen Gestaltung gibt er die wunder¬
319 811 1162 868 vollste menschliche Komödie. Er führt Dorf¬
325 854 1171 913 bewohner vor, mit Städtern untermischt, und
312 891 1173 951 zeigt die schlaue Energie des Menschen¬
325 937 1167 988 thieres, das in einem Rahmen von bürger¬
320 973 1170 1029 lichem Anstand, Gerechtigkeit und Biderbheit
328 1015 1175 1080 gaunerisch-brutal um den Vortheil ringt. Er
328 1056 1177 1115 gibt entkleidete Seelen des irdischen Durch¬
328 1095 1170 1154 schnittes. Das Alles wird ohne Galle ge¬
319 1137 1173 1192 zeichnet. Ueber dem Gewimmel der komischen
331 1175 1182 1230 Bestien sitzt der gesunde Dichter und blickt
325 1217 1183 1266 zwinkernd abwärts: such is life! Die hübsche
330 1256 1180 1314 Posthalterin, die zu einem blöden jungen
335 1311 1171 1351 Protz Beziehungen hat; der naiv schlu¬
331 1336 1184 1400 Gatte, der sie erlaubt und ihn schröpft; dieser
334 1378 1173 1436 Gatte, der einen Knecht als zweiten Kost¬
335 1417 1180 1485 gänger der lieben Frau ertappt und rasend
325 1460 1173 1514 ausruft: »Wenn's wahr ist und Du hast mein
335 1497 1180 1563 guten Namen befleckt...; dieser geruhig
340 1538 1181 1599 priesterliche Phariser, dieser Amtsrichter,
334 1578 1173 1644 dieser Bürgermeister, diese Stadtgäste alle
337 1621 1181 1677 und diese Bauern ein harmonisches Band
337 1665 1170 1715 umschlingt sie bei einer Fahnenweihe, unter
336 1705 787 1776 halb der Fest-Inschrift:
406 1756 908 1805 Nicht viele Worte machen wir,
406 1776 995 1837 Wir heissen Euch willkommen hier,
403 1821 1126 1865 Und geben schlicht, ohne Falsch und Spott,
397 1856 953 1914 Nur unser biederes: Grüss Gott!
415 1897 1186 1952 Es ist überwältigend. Bengalische Be¬
343 1944 1178 2002 leuchtung, Gesang und drei Münchener Frauen
337 1981 1184 2039 zimmer als costumirte, palmenschwingende
343 2021 1185 2076 Friedensengel bilden den Höhepunkt. Im
346 2062 1182 2113 Kern dieser lebensechten Komödie steckt
350 2110 923 2160 ine Art von Ewigkeitshumor.
421 2130 1193 2198 Neben Ruederer's derbe Erscheinung tritt
343 2181 1193 2237 die feine Gestalt Arthur Schnitzlers. Er
346 2223 1196 2279 scheint neue Wege einzuschlagen und kam
346 2265 1197 2321 diesmal als Problemdichter. Hier hielt er sich
350 2303 1196 2363 zumeist in engen Grenzen; doch er gab starke
346 2344 1198 2395 Anregungen. In Freiwilde sind zwei Menschen
346 2379 1195 2435 als lebende Pole des Duellproblems constatirt;
352 2421 1196 2476 ein Officier, ein grollgeladener, verzweifelter,
352 2475 1204 2520 gewaltthätiger Mann, und ein Bürgerlicher,
352 2515 1196 2564 der lebensfroh und unabhängig seine Forde¬
352 2557 1204 2598 rung abweist. Schnitzler zeigt, als guter
350 2585 1207 2631 Seelenkenner, wie auch im Moderneren der
355 2629 1204 2693 Beiden ein Hang zu körperlichen Auskunfts¬
355 2676 1204 2720 mitteln schläft und erwacht: der Schluss
351 2708 1198 2762 sieht die Gegner in einem regellosen physi¬
352 2747 1208 2802 schen Kampf. Wer fällt, ist für das Problem
358 2791 1205 2845 gleichgiltig. Diesmal der Civilist. Im Bewusst
358 2823 1198 2875 sein heutiger Menschen wird nun der Duell¬
361 2875 1211 2920 verweigerer zum Helden; wenn schon des
361 2904 1210 2961 Autors Vornehmheit bemüht war, beiden
361 2945 1215 3000 Theilen gerecht zu sein. Dass dieser Held
361 2995 1211 3041 blos von einer Seite gesehen ist, dass sein
361 3028 1211 3082 Charakter vorwiegend aus Duell verweigerung
367 3080 1204 3121 besteht: darin liegt der Fehler des Stückes
361 3109 1215 3162 Dennoch ist es das Werk eines besonderen
370 3160 1212 3207 Künstlers, der mehr als ein Problemstück zu
370 3187 1209 3248 geben weiss. Ueberraschend wirkt hier eine
370 3230 1208 3284 fortreissende, ganz ungewöhnliche dramati¬
367 3266 1203 3322 sche Gewalt. Der Aufbau bietet Wunder¬
367 3318 1215 3370 volles. Und aus dem Ganzen strahlt von
370 3346 1210 3405 Neuem die glückliche und feine Schönheit,
370 3401 1217 3445 um derentwillen wir in Deutschland diesen
376 3433 1004 3504 Dichter so widerstandslos lieben.
450 3467 1211 3525 Und sonst Renaissance, oriri, Die
373 3510 1222 3563 officielle Frau und Kaiser Heinrich hatten
376 3550 1224 3600 viel Zulauf. Der abendfüllende Todtentanz
373 3591 1212 3642 des dramatischen Schriftstellers Herrn Suder¬
376 3629 1215 3684 mann vollzog sich unter glatt functionirenden
382 3680 1216 3725 Aufsehen. Das rührende Fritzchen, der Gothe
373 3713 1219 3761 Teja mit der blutigen Schale und dem un¬
382 3746 1216 3810 glücklich edlen Kern, zwei Leichen erster
373 3797 1213 3842 Classe, traten auch in Wien neben dem
379 3835 1221 3899 Maler und dem Marschall auf. Die Berliner
1241 92 2079 138 heute ist es nicht gelungen. Wildenbruchs
1245 120 2075 174 klirrendes Blechdrama, gab die Fortsetzung
1242 161 2072 222 der Heinrichshistorie. Der Sohn des Canossa-
1238 203 2075 256 gängers stand diesmal in der Mitte, der
1247 240 2075 304 Racher des Vaters. Schwere Strafe brachte
1242 283 2075 337 er ausser dem Papst den Hörern, die sich
1248 324 2075 372 bei einem vierstündigen Gebrüll krümmten.
1254 365 2069 416 Wilhelm der Zweite wohnte diesem Polter
1252 400 2076 455 Abend bei. Da er sich die Renaissancepoesie
1252 445 2079 500 des Dichters Schönthan und des Dichters
1254 487 2082 538 Koppel-Elfeld in vierzehn Tagen zweimal
1254 523 2084 578 vorspielen liess, verzichte ich tactvoll, sie zu
1254 575 2080 622 beurtheilen. Dagegen darf der officiellen Frau
1248 608 2079 655 nachgesagt werden, dass sie den höchsten
1252 646 2084 700 bisher bekanntgewordenen Schmierenreiz
1254 687 2088 745 bietet. Olden, der früher litterarische Ge¬
1254 726 2087 775 wissensregungen kannte, hat damit ange¬
1248 770 2088 835 kündigt, dass er gewillt ist, ein Bösewicht
1248 817 1467 871 zu werden.
1328 841 2095 903 Auch Max Dreyer verleugnete in dem
1256 888 2090 940 Versschwanz Eine bessere Zeiten. Er be¬
1257 922 2098 973 an als ein Seelenzerleger und endete hier
1260 976 2095 1019 bei einem stylisirten Spassversuch, ohne rechte
1257 1007 2099 1061 Lustigkeit, mit den fatalen Abrundungen,
1260 1045 2097 1106 die Könnern zweiter Ordnung eigenthümlich
1259 1086 2106 1141 sind. Der betriebsame Rudolf Lothar lieferte
1260 1140 2103 1187 flink ein historisches Lustspiel des Titels
1263 1169 2111 1225 Königsidylle; er schuf es zu Ungarns
1262 1209 2099 1262 Ruhm, in Arien, Terzetten und bauchgrim¬
1263 1253 2098 1307 migen Versen. Requiescat. Die goldene Eva
1267 1290 2103 1346 erfreute sich keines längeren Lebens. Man
1267 1334 2099 1387 hätte sie geduldet, wenn sie nur historischer
1267 1369 2109 1423 Bierulk gewesen wäre; doch sie kam auch
1266 1409 2105 1463 wunniglich. Hartleben wollte humoristisch
1259 1453 2102 1507 und zugleich ein Sittengeissler sein. Man
1267 1495 2104 1544 nahm aber seine Sittliche Forderung nicht
1263 1533 2097 1587 als sittliche Forderung, sondern als Zötchen¬
1267 1569 2100 1633 schwank, als einen, der manchmal fein und
1269 1619 2109 1671 manchmal matt war. In dem Schauspiel »Ein
1263 1654 2102 1705 Ehrenworte bewies er seiner Gemeinde, dass
1272 1708 2115 1748 ihm auch jene Gegend nicht fremd ist, wo
1263 1742 2106 1789 die Kunst aufhört und die schüchterne Spe¬
1263 1776 2110 1830 culation beginnt. Immerhin, er ist Keiner
1275 1821 1705 1875 von den Schlechtesten.
1352 1844 2115 1910 Von der alten Garde kam Paul Lindau
1272 1903 2106 1953 mit dem Abend, einem wehmuthsvollen
1267 1933 2105 1986 Schauspiel Es birgt die Stimmung eines
1275 1973 2105 2030 Bankerotteurs, der sich in der tiefsten Zer¬
1272 2014 2105 2072 knirschung noch nicht entschliessen kann,
1272 2061 2105 2110 echt zu sein. Blumenal, der grosse Zwi¬
1268 2096 2105 2150 scherer, fiel mit seinem Einmaleins ab.
1275 2132 2114 2199 Dieser alternde Speculant hat jetzt Pech,
1275 2187 2114 2237 »Abu Saïd machte nichts, wenn schon die
1274 2215 2109 2289 blumigen Epigramme im Augenblick wirkten.
1275 2267 1623 2326 Es geht zu Ende.
1361 2282 2102 2349 Na, und so weiter. Wir müssen es dies
1282 2337 2112 2398 mal unterbrechen. Jedenfalls auch wir kochen
1278 2387 1519 2450 mit Wasser.
1914 2805 2012 2857 Fidus.
1382 2807 1500 2869 Berlin.
1597 2911 1821 2974 Concerte.
1357 2967 2129 3036 Die musikalisch reiche Saison hat eine Fülle
1293 3015 2132 3067 interessanter Ereignisse gebracht; bekannte Grössen,
1287 3056 2142 3111 neue Erscheinungen warben um die Gunst des
1296 3108 1482 3160 Publikums.
1364 3139 2132 3191 Man hat Sistermans gehört und Meschaert be¬
1296 3178 2137 3231 wundert. Der Holländer mit seinem Meistersange
1296 3221 2132 3274 gehört zu den bedeutendsten heute lebenden Sanges¬
1293 3275 2141 3316 künstlern. Neben Meschaert erregte sein alter 90
1302 3312 2135 3356 Röntgen, der seltsame Pianist, grosses Interesse.
1302 3340 2135 3404 Man bejubelte Gura, den tief angelegten Balladen¬
1296 3398 2140 3441 sänger, der einen Kranz herrlicher Werke Löwes,
1292 3420 2135 3482 zur Feier von dessen hundertjährigem Geburtstage
1299 3461 2136 3516 meisterlich sang. Wir hörten die Sängerin Gulbranson,
1299 3505 2140 3555 welche ihr Concert mit Grieg hätte geben sollen.
1299 3551 2143 3605 Da der nordische Musikdichter erkrankte, sang sie
1299 3599 2143 3633 allein, und vermochte warmen Beifall zu erringen.
1302 3621 2143 3681 Frau Sembrich, welche man die polnische Nachtigall
1302 3666 2143 3716 nennt, entfachte in zwei Concerten helle Begeiste¬
1302 3702 2144 3755 rung. Frau Bellincioni, die erst, ohne besonderen
1299 3749 2148 3791 Erfolg in Mascagnis letztem Opernwerke im Theater
1301 3778 2143 3840 an der Wien gesungen, vermochte auch im Concer¬
1304 3825 1896 3887 saale nicht besonders zu erwärmen.
2156 114 3008 164 Bruckners Todtenweihe gewesen. In ihrem zweiten
2162 144 3001 198 und vierten Concerte hörte man symphonische
2161 189 3001 240 Dichtungen von Dwork. Erfolgreich kamen in dem
2162 235 3001 283 Rahmen ihrer Veranstaltungen der Geiger Achille
2159 268 3007 340 Rivarde und die Pianistin Adele aus der Obe vor
2159 311 2399 365 das Publikum.
2243 331 3005 399 In zwei Gesellschafts-Concerten, brachte man
2169 386 3012 441 Mendelsohn's etwas veraltetes Werk Elias und
2169 441 3014 482 Haydn's Schöpfung. Edvard Grieg erschien in
2168 468 3007 520 einem grossen Orchester-Concerte am Dirigenten-
2165 504 3007 558 pulte und leitete seine Meisterwerke, bei deren Inter¬
2165 547 3007 602 pretation ihm der italienische Pianist Ferruccio
2165 582 3017 638 Busoni, Sistrans und die Singakademie glänzend
2164 626 3014 670 zur Seite standen. Die Streichquartette von Rose,
2173 664 3011 714 Hellmesberger, Fitzner fanden reichen Beifall vor
2174 706 3022 763 dem getreuen Publikum ihrer Concertabende. Es
2171 740 3019 795 hat sich die Nothwendigkeit ergeben, den kleinen
2173 785 3020 837 Concertsaal des Musikvereines zu adoptiren. Dort
2174 832 3021 878 waltet jetzt vor Allem Rosé mit seinem Quartette,
2170 862 3022 934 der unter anderem das As-dur Quartett von Dvorzik
2200 2055 3034 2135 Photogr. Stuckie von John S. Bergheim (Wien, Cam.-C.)
2198 2119 3045 2186 glänzend interpretirte. Das bekante böhmische
2188 2165 3045 2215 Streichquartett veranstaltete drei Abende und brachte
2198 2222 3045 2265 eine Sonate von Nedbal und ein Quartett von Suk.
2198 2250 3045 2305 Beide sind Mitglieder der erfolgreichen Künstler¬
2200 2287 3044 2337 vereinigung. In zwei Soiréen bot das Quartett Joa¬
2200 2337 3053 2381 chi das Vollkommenste auf dem Gebiete der
2203 2365 3049 2420 Kammermusik. Es waren die beiden Abende wirklich
2200 2414 3047 2462 genussreiche Ereignisse der Saison. Unzählige hei¬
2203 2453 3050 2501 mische und ausländische Pianisten, Geiger und
2203 2485 3049 2542 Sänger kämpften weiters um die Palme, ohne sie
2206 2526 3049 2576 völlig erringen zu können. Alfred Grünfeld siegte,
2206 2564 3049 2619 wo er erschien. Die kleine Szalit gab Proben wirklich
2203 2607 3052 2672 grosser Kunst, und die Geigerin Rosa Hochmann
2209 2645 3050 2704 fand vielen Beifall in ihrem Concerte. In einem
2209 2686 3052 2743 Wohlthätigkeitscondere erkannte man in der Toch¬
2209 2726 3052 2787 ter des Professors Schrötter eine stark veranlagte
2215 2772 3051 2824 Violinistin und hörte die bekannte Pianistin Fanny
2213 2817 3054 2860 Basch-Mahler mit besonderem Vergnügen, als eine
2214 2845 3059 2905 Meisterin ihrer Kunst. Die Trio Grünfeld-Zajis-
2208 2887 3056 2934 und Petri-Olsen-Beker erwarben sich viele Freunde.
2209 2927 3064 2985 Die Concertsaison geht mit glänzenden Programmen.
2214 2967 3066 3017 welche von den Concertarrangeuren Guttmann, Rose
2213 3007 3061 3065 etc. geboten werden und das allgemeine Interesse
2221 3058 2736 3107 fesseln müssen, wuchtig weiter.
2290 3112 3066 3168 Zarten Treibhauspflänzchen gleich, die zu früh
2218 3151 3061 3201 versetzt, im Freilande verkümmern, theilen die
2224 3187 3056 3227 edelsten und begabtesten Menschen oft dasselbe
2221 3216 3062 3256 Schicksal, wenn ihr Charakter noch nicht genügend
2218 3248 3065 3294 erstarkt ist, um die scharfe Luft der Oeffentlichkeit
2544 3276 3034 3333 Paula Baronin Bülow-Vendhausen.
2221 3286 2422 3345 zu ertragen.
2299 3323 3061 3384 Es sind nicht immer die Bedauernswerthesten,
2217 3367 3056 3411 die mit Jammerienen un Mitleid betteln. Wir gehen
2221 3396 3064 3438 ahnungslos an manchem schwergetroffenen Helden
2228 3424 3061 3475 vorbei, der wie der sterbende Gladiator mit heiterer
2223 3458 2771 3519 Miene den Todesstreich erwartet.
2544 3480 3037 3535 laula Baronin Bülow-Wendhausen.
2302 3520 3065 3591 Die Mission der moralischen Wohlthätigkeit
2223 3567 3065 3619 ist ein noch wenig cultivirtes Feld, trotzdem die
2228 3607 3071 3654 leichte Arbeit Jedem möglich ist. Wer kennt nicht
2227 3637 3061 3683 geistig Verschmachtende, warmherzige Einsame
2228 3665 3064 3708 denen ein verständnisvolles Wort, ein warmer
2230 3696 3066 3738 Händedruck, ein freundlicher Blick ihre dunklen
2228 3726 3064 3767 Stunden erhellt, ihnen wieder den Glauben an die
2230 3756 3065 3800 Menschheit zurückbringt! Mit geringen Mitteln so
2224 3786 3067 3850 Grosses zu erreichen, sollte uns zu schwer fallen?
2544 3818 3047 3879 Paula Baronin Bülow-Wendhausen.
