3484 4256
848 159 1262 265 box 14/4
159 151 664 271 8. Freiwil
1020 515 1780 638 Dr. Max Goldschmidt
1119 612 1707 710 • • • Bureau für ooc
1156 682 1653 783 Zeitungsausschnitte
929 768 1293 843 Berlin N. 24.
1424 752 1863 854 Telephon: III. 3051.
1176 874 1619 981 Ausschnitt aus
1182 1090 1772 1236 Neues Wiener Tagblan
1343 1270 1689 1421 16 SER 1904
1041 1392 1957 1535 Aus Graz, 15. d., wird uns telegraphiert: Im
942 1483 1947 1582 Stadttheater gelangte gestern Schnitzlers „Freiwild
934 1548 1947 1642 sen Aufführung an Sie
937 1582 1947 1692 Aufnahme; die gegen das Duell gerichteten Stellen riefen
924 1621 1525 1733 besonders lebhaften Beifall hervor.
1499 1692 1960 1817 an.
1260 2246 2285 2308 Geschehnisses zu einer Art von These liegt, ob nun
206 2259 921 2379 Stadttheater.
1260 2290 2285 2368 der Dichter sie aufstellen wollte oder nicht, auch im
1262 2334 2288 2405 Schauspiel „Freiwild" nahe. Hier aber dürfte sie dem
263 2337 1007 2426 Schnitzlers „Freiwild")
1260 2392 2280 2475 militärischen Geiste nicht entgegen sein. Im Gegenteil
291 2376 1226 2462 Das Offizierspatent, dessen Arthur Schnitzler
1265 2433 2290 2522 eher dem des Zivilisten. Denn die These müßte lauten:
190 2449 1215 2517 wegen seiner Novelle „Leutnant Gustl“, für verlustig
1267 2488 2282 2550 Darf ein Offizier einen Zivilisten, der ihn gröblich
200 2493 1221 2558 erklärt worden ist, scheint durch das Schauspiel „Frei¬
1267 2537 2290 2602 insultiert hat und sich weigert, ihm ritterliche Satis¬
203 2553 1221 2610 wild", das älter ist als die Novelle, in keiner Weise
1273 2587 2290 2660 faktion zu geben, einfach niederschießen? Und die Ant¬
206 2608 1226 2673 gefährdet gewesen zu sein, und das leuchtet auch dem
1267 2639 2280 2707 wort, die der Dichter am Schluß seines Stückes gibt
211 2655 1215 2712 Zivilisten ein. Der Leutnant Gustl ist durch einen
1275 2696 1996 2769 scheint im bejahenden Sinne zu lauten.
203 2696 1215 2761 Bäckermeister unter vier Augen gröblich insultier
1366 2707 2288 2798 Aber es wird vielleicht das Klügere sein, nicht
203 2751 1228 2811 worden und meint, sich deshalb erschießen zu müssen,
1260 2777 2290 2855 nach den Absichten des Dichters zu forschen, sondern
203 2800 1231 2855 da er den behäbigen Spießer unmöglich fordern kann.
1267 2837 2282 2904 sich an das Tatsächliche zu halten. Anna Riedel.
208 2847 1223 2915 Als aber diesen Bäcker in derselben Nacht der Schlag
1265 2889 2285 2962 Naive bei einem Sommertheater (von Fräulein
203 2891 1221 2962 trifft, sagt Gustl aufatmend „Schwamm drüber
1265 2933 2290 3008 Sikora dargestellt), ist ein weißer Rabe unter
203 2941 1234 3006 erschießt sich nicht und trägt weiter sein Portepee.
1267 2980 2285 3063 ihren Kolleginnen, die verkörperte Anständigkeit.
211 2995 1236 3061 Es ist nun ganz klar, daß ein Stand, der auf seine
1275 3035 2288 3094 Dem Oberleutnant Karinski (Herr Gerhard)
203 3045 1228 3110 Ehre und auf bestimmte Formen, die ihm zur Wahrung
1275 3089 2290 3152 gefällt diese Anständigkeit gar nicht, weil ihm das
206 3092 1231 3159 dieser Ehre nötig scheinen, etwas hält, so etwas
1275 3136 2290 3198 Mädel gefällt. Er glaubt auch nicht sehr fest an diese
208 3144 1239 3204 nicht gerne ruhig hinnehmen mochte. Denn das würde
1273 3188 2285 3253 Tugend, wettet, daß er die Riedel zum Souper mit¬
208 3188 1234 3253 leicht so aussehen, als hätte diese Ehre ihre Wurzeln
1273 3232 2290 3305 bringen werde, verliert die Wette, ärgert sich darüber
208 3245 1234 3305 nicht in der Brust des rechten Mannes, sondern in der
1265 3287 2285 3362 und wird provokant gegen Paul Rönning, den er für
208 3292 1234 3357 Meinung der anderen. Einem verinnerlichten Ehrbegriff
1265 3334 2285 3396 den Geliebten der Riedel hält. Es entspinnt sich ein
211 3347 1236 3409 kann eine solche Deutung unmöglich entsprechen. Daß
1273 3381 2288 3441 Wortwechsel, Karinski nennt das Mädchen ungefähr eine
206 3388 1234 3454 man entehrt sein kann, ohne daß ein anderer Sterb¬
1275 3430 2282 3493 Dirne, worauf Rönning ihm einen Schlag ins Gesich
211 3443 1236 3503 licher etwas davon weiß, ist ein feiner und erlesener
1275 3487 2290 3560 versetzt. Dr. Wellner (Herr Schön) und der giger¬
211 3493 1239 3560 Gedanke, und wenn man auch vom Dichter kaum ver¬
1278 3532 2290 3599 hafte Poldi Grehlinger (Herr Hauser hat wohl die
206 3537 1239 3604 langen konnte, daß er gerade seinem Leutnant Gustl
1273 3581 2290 3649 preziöse Ruhe eines Wiener Gigerls noch nie studiert),
208 3586 1234 3654 eine solche Tiefe der Auffassung hätte zutrauen sollen,
211 3630 2298 3711 so ist doch die Gepflogenheit, in der schlichten Dar¬ die Rönnings Freunde sind, erbieten sich diesem als
1273 3683 2288 3748 Zeugen. Der aber erklärt kühl, er werde sich nich
213 3690 1234 3758 stellung eines Einzelfalles Tendenz zu wittern, so sehr
1280 3724 2293 3797 schlagen. Er habe einen Buben nach Verdienst gezüchtigt,
213 3735 1234 3823 verbreitet, daß man sich wundern müßte, wäre gerade
1278 3779 2295 3844 damit sei die Sache für ihn abgetan. Karinski habe die
219 3789 1244 3854 in diesem Falle nicht verallgemeinert worden.
208 3826 2301 3938 Diese Verallgemeinerung des individuell konstruierten Ohrfeige verdient, er aber solle dafür vielleicht
2316 2236 3310 2314 den Tod eintauschen, den er gewiß nicht verdient habe
2423 2285 3318 2342 „Der Schlag aber bedeutet nicht den Schla¬
2321 2319 3310 2405 sondern eine tödliche Beleidigung, wie du sehr wo
2324 2386 3316 2449 weißt, sagt Wellner und hat recht. „Was mir in de
2321 2433 3321 2488 Duell geschähe, würde nichts bedeuten, sonder
2319 2478 3310 2561 etwas sein," sagt Rönning und hat auch recht.
2321 2527 3316 2600 denkst an nichts als an die Gefahr, in der du schwebst,
2324 2582 3310 2644 ruft Wellner; wenn man nachträglich so vorsichtig
2332 2626 3318 2691 so hat man kein Recht, vorher so unüberlegt zu sei
2327 2681 3316 2748 besonders aus rein persönlichen Gründen. Warum sin
2321 2730 3310 2792 wir anderen nicht empört gewesen?" Und damit
2332 2774 3321 2855 Wellner wiederum recht. „Das ist euer Fehler, nich
2327 2821 3316 2889 der meine," versetzt Rönning; „wenn ihr euch v.
2321 2873 3316 2964 eurem ehrlichen Gefühl leiten ließet, nicht von eur
2324 2923 3318 3016 Kodexphilosophie, so hättet ihr alle gestern diese
2327 2977 3323 3050 Menschen von unserem Tische wegjagen müsse
2324 3032 3326 3094 und ihn für ehrlos erklären — nicht mich, we¬
2332 3071 3321 3139 ich mich nicht schlage." Und damit hat auch Rönnin
2321 3120 3310 3180 wiederum recht. Kurz, in dieser Szene, die von
2327 3170 3321 3240 für das Stück wesentlichen Szenen die beste, vielleich
2327 3219 3321 3308 die einzig gute ist, haben sie beide recht, der, welche
2332 3279 3321 3344 für, und der, welcher gegen das Duell plaidiert. Bei
2327 3318 3305 3386 führen sie ihre Sache mit einer gewissen Virtuosität.
2418 3381 3323 3435 Hier sitzt der Herzkeim des Stückes, das en
2327 3417 3331 3495 pfindlich unbefriedigend bleibt; vielleicht wegen des ge¬
2327 3485 3329 3542 wählten Problems überhaupt, vielleicht auch nur wege
2327 3519 3318 3589 dessen an der Oberfläche haftender Behandlung. Der
2327 3565 3352 3641 eigentlich müßte das Duell, das der Staat auf de
2327 3623 3318 3688 einen Seite fordert und auf der anderen bestraft, eb
2332 3667 3318 3735 deshalb den Vorwurf für einen packenden tragisch
2327 3719 3313 3776 Konflikt und für ein gutes Bühenstück liefern könne
2334 3768 3308 3836 Wir haben aber ein solches noch nicht gesehen.
2337 3818 3318 3912 „Freist der Grund, warum es keine gelunge
