3436 4448
228 123 755 235 8. Freiwild
922 137 1333 249 box 14/3
502 1001 3346 1135 pendent in Schweiße des Angesichtes, wenn sie wird es wohl auch in dem jetzigen Parlamente unserem Horizont hängt, sie würde
499 1095 1507 1164 das thun soll, was man spazieren und slaniren ge¬
1529 1113 2530 1182 geben. Debatten dieser Art aber, sie werden heute
2559 1109 3375 1196 lichten, sie würde bald ganz verschwind
491 1142 2522 1225 nannt hat. Das gesellige Beisammensein einer meistens zu Skandalen. Sie sind nicht dazu be¬
2551 1164 3401 1225 der innere Ausgleich, wenn die Ve¬
491 1196 1503 1258 größeren Anzahl von Menschen wird zu einer
1532 1207 2530 1276 stimmt, zu erheben, sondern herunterzureißen, nicht
2551 1214 3401 1308 der Deutschen und Czechen sich endlich, en
495 1243 1503 1301 Agitationsversammlung. Selbst die Kunst richtet
2562 1265 2974 1348 mal vollziehen kann!
1532 1265 2530 1323 geistiges Behagen zu wecken, sondern rohe und
499 1294 1500 1352 hre Werke danach ein, daß das Genießen derselben
1521 1308 2522 1377 wilde Leidenschaften anzufachen. Da ist wahrlich
1521 1402 2522 1471 werden soll, streben aber gewaltig auseinander. Darum war
2555 1377 3375 1474 Naisten laten van dat die nun
632 1391 1355 1496 Jung=Wien am Vorlesetisch.
1514 1446 3375 1536 es gestern auch keine leichte Aufgabe, den vier Vermittlern ihr, daß ich sehr glücklich bin," trägt er dem F
582 1471 1503 1543 Die Sache trug von allem Anfange an den Keim der
1518 1500 2522 1561 ihrer eigenen Gestaltungen des Lebens von Anfang bie
2551 1511 3372 1568 Der aber weiß, nachdem er „bei Beiden" war
484 1503 1500 1590 Ansteckung in sich. Große Erfolge machen immer Schule
1518 1558 2512 1615 zum Ende mit gleicher verständnißvoller Aufmerksamke
2555 1558 3379 1623 Riß zwischen „Beiden" am meisten — ihn erscht
488 1572 1492 1641 das heißt nicht immer die Erfolge selbst, aber die Mittel
1525 1597 2522 1655 und vor Allem mit gleicher Aufnahmsfähigkeit zu folgen.
2555 1608 3372 1662 Diese Skizze hat Hirschfeld in der modernen
484 1619 2522 1706 mit welchen sie angestrebt wurden. Es war also für jeden. Und es war doch wahrhaftig ein literarisches Publikum,
2555 1648 3364 1717 schrieben, die jedes Milieu wie ein Stillleben,
477 1677 2519 1749 Ahnungsvollen bereits nach dem ersten ausverkauften das den Saal bis auf das letzte Plätzchen füllte. Den
2540 1695 3372 1764 Blumenstück behandelt. Er zeigt uns alle
477 1713 1489 1782 Bösendorfer=Saal vorauszusehen, daß die wackeren für
1521 1724 2522 1803 Vortritt hatte man dem Gaste gelassen, denn „Jung¬
2544 1745 3364 1807 Ganzen, soweit seine Handlung sie streift, er
484 1764 1482 1836 Humoristen, die sich zuerst zusammengethan hatten
1521 1774 3361 1850 Wien“ zählte einen Fremden in seiner Mitte; Georg jedes Detail, auch wenn es gar nichts zur
481 1803 2519 1886 um eigene Sachen vorzulesen, nicht die einzigen bleiben Hirschfeld ist bekanntlich ein Berliner. Schlank und
2544 1839 3379 1897 stimmung beiträgt. So wird die Aufmerksan
477 1847 1478 1919 könnten, die Autoren=Abende veranstalten. „Jung=Wien
1525 1868 2515 1948 schmächtig, mit völlig bartlosem, edel geschnittenem Gesicht
2540 1886 3386 1951 splittert und irregeführt. Einzelheiten, die nicht
473 1897 2515 1984 hat sich gemeldet und vorgestern Abends die Feindseligkeiten Bescheiden, ja schüchtern — gestern außerdem mit
2540 1937 3375 1991 ristisch sind, verwischen das Gesammtbild und
481 1948 2512 2024 auch bereits eröffnet. „Jung=Wien" besteht jedoch weder gewaltigem Lampenfieber. Hirschfeld las eine Novelle
2544 1977 3382 2038 Arbeit den großen Zug. Der Ballast der klein
481 2002 1489 2056 aus Nachahmern, noch aus Konkurrenten des köstlichen
1514 2009 2512 2074 „Bei Beiden." Er hatte wohl mit Ab¬
2540 2020 3372 2085 menden Natürlichkeiten beschwert das Gedächtniß
473 2045 1485 2107 Humoristen=Quintetts. Denn „Jung=Wien" will ernst
1511 2060 2512 2118 sicht etwas gänzlich Undramatisches gewählt, um
2537 2078 3375 2132 Einzelzüge zerflattern ohne einheitlichen kün
477 2089 1485 2157 sehr ernst genommen werden. Georg Hirschfeld, der
1514 2107 2512 2168 seine Begabung auch von der anderen, in Wien
2537 2110 3375 2179 Eindruck. Statt menschlicher Dokumente erhält ma
470 2132 1482 2197 jugendliche und schon mit Recht verhätschelte Dichter der
1511 2157 2512 2219 noch unbekannten Seite zu zeigen. Unmittelbare Wirkung
2537 2157 3368 2226 liche Protokolle. Der psychologische Theil is
473 2194 3372 2277 „Mütter", Hugo v. Hoffmannsthal, der kaum ist natürlich aus dramatisch geführten und bewegten Vor= und diskret herausgearbeitet; die Sprache durch
470 2233 1482 2291 minder jugendliche Renaissance=Moderne mit den Ge¬
1503 2241 3379 2316 gängen mehr zu holen. Hirschfeld schildert zwei Besuche, fältig gefeilt. Der Vorleser kam in Hirschfeld den
463 2277 1478 2349 danken, die den Weg über Nietzsche, und den Formen, die
1511 2295 2508 2360 Es hat Einer erfahren, daß sein bester Freund, sein
2533 2306 3368 2371 keineswegs zu Hilfe, denn jener sprach leise, fa¬
463 2324 1478 2389 ihn über Goethe genommen haben, Arthur Schnitzler
1503 2334 2504 2403 intimster Seelenkamerad, ein hochbegabter Musiker, der
2537 2349 3372 2414 ständlich und pointenlos in leichtem Berliner
466 2371 2508 2454 der die Tragik der Liebelei gestaltet hat und den es Bräutigam seiner besten Freundin, plötzlich, unmittelbar
2537 2400 3372 2461 dieser deutlich, klar und trefflicher in einer Spra¬
470 2418 2508 2493 geglückt ist, gerade dem Publikum den Spiegel vor¬ vor der Hochzeit, wahnsinnig geworden ist. Das er¬
2533 2443 3361 2504 hatte, die Allen gemeinsam ist. Das Publikum
466 2472 1464 2533 zuhalten, das sich darin auch erkennen kann, und schließli=
1503 2479 2497 2548 schüttert ihn, der soeben von einer größeren Reis
2526 2493 3372 2580 Hirschfeld, so weit es ihn überhaupt gehört hatte
470 2519 2497 2595 Hermann Bahr, der der Reifste und Abgeschlossenste sein zurückkommt, bis zur Fassungslosigkeit. Er sucht nur
2609 2548 3372 2595 Der Zweite war Hugo v. Hoffmannst
455 2559 1471 2624 müßte, wenn er davor nicht selbst den horror der echten
1503 2577 2493 2631 Beide auf. Erst sie in ihrem alten Mädchenheim
2530 2580 3379 2642 las sein schon bekanntes Dramolet „Der Th.
463 2609 1467 2671 Kampfnatur hätte — das ist das Jung=Wiener Quartett
1496 2616 3372 2696 dann ihn in einer Privatheilanstalt. Und er findet sie der Tod“. Warmherzig, kräftig und edel
463 2660 2501 2728 das vorgestern zum erstenmale zusammenklingen solltes Eine Beide ganz anders, als er gedacht hat. Sie hat sich eine
2526 2681 3364 2739 gelehrt, „sich an die Welt mit klammernden Or¬
463 2710 3361 2786 höhere künstlerische Einheit des ganzen Abends war nun merkwürdige, fast egoistische Art von Schmerz und Ent¬ halten und das Leben zu fühlen, indem man
455 2739 1471 2819 hier allerdings viel schwerer zu erzielen, als bei den
1500 2761 2483 2830 sagung zurechtgelegt und er gedenkt der todten Lieb¬
2519 2768 3372 2830 denn wenn wir das stets erfassen, was wir habe
466 2797 1464 2866 Humoristen. Chiavacci, Groß, Karlweis, Pötzl und
1492 2815 2490 2877 wie der fernen Geliebten ohne jede Spur von Erregung
2522 2815 3368 2887 ist das Leben lebenswerth und der Tod trifft
459 2848 1467 2905 Schönthan kann man wohl als Vertreter des Wiener
1492 2858 3162 2942 — und doch sind Menschenleben und Berge von Hinder zum Tode, so daß dieser sagen darf:
466 2895 1464 2952 Humors fast in allen seinen Spielarten gelten lassen. Si¬
1489 2891 2497 2963 nissen dazwischen gewesen, ehe sie so weit waren, einander
2587 2916 3220 2996 „Wirf dies ererbte Grauen von Dir,
452 2938 2493 3014 haben die Facetten geschliffen, aus welchen sich ein angehören zu dürfen! Alle Empfänglichkeit des Kranken hat
2591 2967 3346 3025 Ich bin nicht fürchterlich, bin kein Gerippe,
455 2985 2493 3057 großer Zerrspiegel zusammensetzt, in dem man lachend die sich seiner Kunst zugewendet. Er lauscht so den Harmonien der
2587 3014 3364 3083 Bin aus des Bacchus und der Venus Sippe
455 3046 2501 3104 Heimatlichen aus der großen Narrenzunft erkennt. Die Gestirne, die er hört, den Symphonien der Seewellen, die
2587 3046 3354 3119 Ein großer Gott der Seelen steht vor Dir.
455 3086 1724 3155 Formen, in denen der tragische Gehalt des Lebens ausgeschöpft er vernimmt
1792 3097 2512 3148 „verarbeitet, aber ohne den Versuch, das
2595 3086 3368 3205 Hoffmannsthal liest sehr leicht, sich
1160 3122 2837 3270 Hiezu Nr. 89 des „Wiener Familien-Journal" als Gratisbeilage.
