3344 4352
185 211 765 308 8. Freiwild
848 200 1285 320 box 14/4
1528 145 2726 213 zumeist nur sehr teure Sachen zu haben sind. Durch's zu späte
1528 197 2730 266 Kommen kann man wieder bei Schwänken oft den einzigen Witz
1527 242 2730 327 des Stückes versäumen. Auch die Nachtmahlfrage spielt hiebei eine
1525 292 2728 363 große Rolle. Denn so mancher geht nur in's Theater, um sich
1528 344 2730 410 auf das — Nachtmahl freuen zu können. Ein kleiner Historiker
1524 384 2726 459 des Theaterbeginn weist zu diesem Thema einige interessante Daten
1519 431 2726 499 beizusteuern. Im XVIII. Jahrhundert war in den Wiener
1525 479 2726 543 Theatern zwischen 5 und 6 Uhr die Stunde des Anfangs. Im
1519 522 2726 612 Burgtheater 3 Uhr. Auf einem Theaterzettel des Jahres 1816
1522 568 1850 636 heißt es wörtlich:
1640 591 2711 692 Wegen Länge des Stückes ist der Anfang um 6 Uhr.
1634 675 2720 739 Es handelte sich um die — „Räuber“. Kein Geringerer
1516 701 2725 783 als Ferdinand Raimund spielte damals — es war im Theater
1512 762 2725 819 in der Josefstadt — den Franz Moor. Ein witziger Kritiker der
1516 808 2725 894 damaligen Zeit schrieb: „Die Kanaille Franz gehört zu Raimund¬
1513 855 1972 923 anständigsten Leistungen.
1629 895 2716 973 Aber nicht nur der Theaterbeginn ist für das Publikum
1510 946 2713 1014 oft mit Schwierigkeiten verbunden, auch der Theabschluß wird
1507 1004 2719 1062 für die Schauspieler, die in entfernten Bezirken wohnen, geradezu
1510 1051 2717 1106 zur Tantalusqual. Die Darsteller, die im Schönbrunner Schloß¬
1507 1095 2714 1155 theater spielen, werden mit einem Omnibus ins Theater ge¬
1510 1138 2722 1198 bracht und auch nach Hause geführt. Die Schauspieler der
1501 1193 2716 1250 anderen Theater aber zittern während der letzten Szene; sie
1510 1239 2713 1305 fürchten die letzte Plane zu versäumen. Bei dieser Gelegen¬
1507 1288 2714 1340 heit sei hier eine kleine Anekdote wiedergegeben. Vor
1501 1333 2704 1389 vielen Jahren wohnte ein kleines Mitglied des Carl-Theaters
1501 1385 2704 1432 in der Gegend der Simmeringer Heide. Er lief von dort aus Er¬
1507 1427 2704 1490 sparungsgründen immer zu Fuß ins Carl-Theater zu den Proben,
1510 1478 2707 1532 Zurück tummelte er sich sehr, um bei der Stephanskirche den für
1501 1528 2704 1580 die Leidtragenden bestimmten üblichen Sammelomnibus zu er¬
1501 1568 2708 1634 reichen. Er setzte sich hinein, machte ein melancholisches Gesicht
1562 1622 2702 1680 auf seinem Hute hatte er überdies für diesen Zweck einen
1504 1662 2707 1729 Trauerflor — und gesellte sich einfach zu den Leidtragenden War
1498 1718 2705 1772 es ein blauer Sarg, so wußte er, daß es ein junges Mädchen
1510 1766 2697 1821 sei und trauerte sehr beweglich. Für solche Fälle hatte er stets
1498 1821 2705 1862 eine Träne im Auge, er zog auch ein mächtiges Taschentuch her¬
1498 1857 2697 1908 vor, das sehr dekorativ wirkte . . . War er bei be¬
1484 1906 2707 1968 sonderer Stimmung, so seufzte er drei bis viermal
1487 1948 2691 2013 ziemlich tief. Das machte einen so guten Eindruck,
1493 2003 2688 2056 Daß der ganze Omnibus rief: „Ach, so ein freundlicher Herr!
1493 2044 2704 2128 Und auf diese Art hatte der brave Komiker täglich seine
2202 2318 2720 2440 A
1987 2450 2205 2524 Nr. Vor¬
2824 2448 3028 2528 Samstag
1949 2509 3143 2595 Gratsfahrt. Der Verlagsdirektor des Theaters an der Wien
1952 2584 3080 2645 Herr Stininger, erzählte neulich diesen Scherz und meinte,
1952 2638 3133 2691 Herrn Tautenhayn gewendet, der weit draußen in Hietzing wohn
2047 2685 3136 2736 „Sie könnten, wenn Sie zu den Proben einer lustig
1952 2731 3140 2785 Operette fahren, ebenfalls einen Leichenomnibus beim Hietzing
1957 2774 3166 2843 Friedhof abwarten — einen Leidtragenden haben Sie ohnehin
1954 2818 2318 2892 noch nie gespielt!"
2069 2847 3169 2928 Manchmal spielt auch die Politik ins Theater hinein Zu¬
1955 2922 3172 2974 meist ist es Geschäftspolitik. Ein Fall aus der letzten Zeit
1958 2970 3173 3023 beleuchtet dies am besten. Bekanntlich zahlen die Bühnenleiter
1961 3022 3169 3072 jetzt fast durchweg zehn Prozent der Bruttoeinnahme als
1958 3066 3175 3117 Tantiente für die Autoren. Das ist eine Art Tradition. Hie und
1958 3112 3169 3163 da versucht ein Direktor, diese Tradition zu brechen und
1955 3159 3166 3224 listet dem Autor ein bis zwei Prozent ab. Meist
1961 3205 3166 3268 geschieht dies bei Anfängern. Da sprechen die Direktoren gerne
1965 3256 3164 3309 von „Experimenten, die beim Theater riskiert sind und ersparen
1961 3306 3166 3371 gerne durch die Entdeckung eines neuen Dichters Geld. Anders
1958 3354 3185 3409 wieder sind nobel. Gustav Kadelburg zum Beispiel erhielt von
1955 3401 3094 3476 Berliner Lustspielhaus stets 15% — die höchste Tantieme,
1958 3447 3159 3519 je bei uns bezahlt wurde. Ein eigenartiger Fall hat sich nur
1965 3496 3156 3582 heuer ereignet. In einem Vertrag mit einem bekannten Auto¬
1954 3539 2339 3617 hieß es ausdrücklich:
2358 3576 2641 3660 8% im Krieg,
2335 3634 2679 3713 10% im Frieden.
1958 3686 3179 3761 Der Autor war nun erstaunt, in seiner Abrechnung der
1958 3741 2694 3807 Tantiemensatz von bloß 3% zu finden.
2078 3762 3163 3863 Schnurstracks lief er zu dem ihm befreundeten Theater¬
1957 3808 3043 3903 direktor. In solchen Fällen läuft man immer schnur tracks.
2102 3886 3106 3944 Erlauben Sie mir, mit welchem Rechte zahlen Sie
1963 3923 3133 4015 8? Im Vertrag heißt es doch ausdrücklich: Im Krieg 8,
1955 3978 2283 4054 Frieden 100?"
2087 4004 3143 4107 Für mich ist das kein Friede ei¬
1949 4064 2563 4152 kaltblütig der sparsame Direktor.
2075 4097 3149 4178 Wiedernal passiert es einem Wien Stücke, daß
