3484 4256
849 231 1262 327 box 14/4
155 242 720 334 8. Freiwild
646 839 1024 909 Telefon 12801.
187 929 1478 1019 Alex. Weigls Unternehmen für Zeitungs-Ausschnitte
1199 996 1342 1047 Ausschnitt
1234 1042 1483 1155 Nr. 33
524 1024 1132 1149 „OBSERVER
138 1130 1545 1220 öst. u. behördl. come. Bureau für Zeitungsberichte u. Personalnachrichten
309 1218 1372 1315 Wien, IX. Türkenstrasse 17.
512 1312 1178 1384 Filia Budapest; Figele¬
148 1356 1547 1462 Vortretungen in Berlin, Chicago, Genf, London, Newyork, Paris, Rom, Stockholm.
143 1492 650 1575 Ausschnitt aus:
701 1508 1275 1598 Post (Berlin)
115 1647 613 1737 vom 100
2219 1769 3127 1857 zu bedauern, daß Friedrich Herrnals
1280 1787 2191 1877 ehre gelten soll, ist eine durch und durch verdorbene
572 1817 1045 1887 Schiller=Theater.
1285 1838 3127 1903 Natur. Der Mann, der die fremde Ehre nicht Rönning und Ferdinand Gregori als Leutnant
2216 1877 3116 1928 Karinski durch ihr Hochdeutsch die Wirkung ihres
424 1877 1252 1937 Freiwild von Arthur Schnitzler
1294 1893 2186 1942 schont, hat natürlich keine eigene; er fordert seinen
1285 1912 3118 1976 Gegner auch nicht zum Zweikampf, weil ihn sein vortrefflichen Spiels beeinträchtigten. Auch Erich
339 1914 1250 1976 ist dem Berliner Theaterpublikum nicht unbekannt.
2216 1946 3125 2006 Kaiser als Leutnant Rohnstedt wußte nicht immer
339 1963 1252 2011 Aber just heute ist das Problem, das der Verfasser
1289 1967 2186 2016 empörtes Gemüth dazu treibt, sondern weil er ohne
1287 1988 3120 2059 diesen Zweikampf dem Offizierstande nacht mehr den Versuchungen zu widerstehen und verfiel oft
348 2004 1252 2057 lösen will, durch die Duellinterpellation im Reichs¬
1289 2025 3132 2103 angehören kann. Stände nicht hinter ihm der Ab= unvermerkt wieder in den Berliner Jargon, der
346 2036 1250 2089 rag aktuell geworden. Wer will es da dem Kritiker
2219 2071 3130 2126 ihm natürlich besser gelang, als die Weiner
351 2078 1252 2126 der bisweilen auch einen Blick in den politischen
1289 2078 2186 2138 grund, dann würde er diese Ohrfeige still hinge¬
2219 2110 3130 2156 Sprochen. Fräulein Marianne Wulf als Schau¬
341 2115 1257 2163 Theil der Zeitung wirft, verdenken, wenn er etwas
1282 2117 2184 2166 nommen haben, das führt man aus allem, nament¬
2216 2136 3141 2196 spielerin Riedel hatte keine leichte Aufgabe, weil
341 2152 1250 2216 näher auf die Tendenz des Schauspiels eingeht
1280 2156 2184 2198 ch aber aus dem Angebot einer Schießkomödie
2219 2177 3118 2228 sie fast ohne irgend eine Unterbrechung und Er¬
424 2186 1252 2232 Schnitzler ist Gegner des Duells, das ihm ver¬
1285 2196 2184 2237 heraus. Das sind Connivenzen des Verfassers
1285 2216 3127 2292 gegenüber seinem eigenen Standpunkt. Er stellt holung das leidende Weib darzustellen hatte. Aber
387 2228 1250 2285 lich erscheint, weil es den sittlichen Empfin¬
2223 2253 3134 2315 sie wußte geschickt die Schwierigkeiten ihrer eintö¬
341 2267 1255 2320 dungen nicht immer gerecht wird und weil es vor
1285 2267 2184 2318 keine Figuren auf die Bühne, die Typen sind, son¬
1285 2288 3127 2357 dern er schafft sich Charaktere, wie er sie für seine nigen Aufgabe zu überwinden und entfesselte durch
346 2297 1252 2352 allen Dingen nicht als Strafe und ausgleiche de
2219 2329 3123 2382 die Darstellung einer selbstlosen, hingebenden
348 2339 1262 2398 Gerechtig wirkt. Derjenige, der im Recht ist,
1294 2343 2193 2405 Zwecke braucht. Das ist der eine Fehler. Der
2226 2366 3127 2422 Weiblichkeit den Beifall des Publikums. Auch die
341 2382 1255 2426 muß sein Leben ebensogut einsetzen, wie sein Geg¬
1292 2385 2189 2433 andere ist Poldi Grehlinger. Der Duellfrage ge¬
2954 2405 3086 2468 H. E.
2219 2415 2844 2479 übrigen Rollen waren gut besetzt.
355 2412 1259 2470 ner und unter Umständen wird gerade der Schul¬
1292 2419 2191 2472 genüber giebt es nur zwei Möglichkeiten. Wer
357 2452 1257 2516 die von Glück in diesem ernsten Würfelspiel
1285 2456 2196 2512 den Zweikampf verweigert, der immerhin für ge¬
355 2491 1259 2548 um einschenleben am meisten begünstigt.
1285 2495 2193 2548 wisse Kreise und Klassen eine Art Justiz darstellt,
353 2530 1257 2578 een der Thatsache wirbt der Zweitampf
1292 2535 2191 2588 der muß die strafende Gewalt dem Staate, der
613 2567 1252 2622 er im Kreise jener idealen Na¬
1292 2569 2191 2620 Gesellschaft, dem Gesetz überlassen. Poldi aber
351 2569 558 2625 die met
357 2608 1264 2657 turen, die bewußt dem Menschenthum und dem
1298 2604 2191 2664 übt Selostjustiz, indem er seinen Gegner ohrfeigt;
205 2615 327 2687 100
357 2641 1262 2698 Leben eine gewisse Vollkommenheit beimessen und
1292 2652 2196 2694 er maßt sich damit persönlich ein Recht an, das
348 2675 1259 2735 meinen, wo eine Schuld vorliege, müsse auch eine
1292 2687 2191 2738 ihm vom Standpunkt des Duellgegners aus, na¬
155 2712 1262 2772 Abonnem unfehlbare Sühne folgen. Allein das ist nicht der
1298 2724 2191 2774 türlich ebensogut versagt sein muß, wie ganzen
150 2749 1259 2818 Abonnent et des Zweikamer will die Gesell¬
1301 2758 2198 2827 Gesenschaftskategorien der Zweikampf untersagt
360 2788 1259 2857 schaft zur Ehrenhafter eben, indem er den
1303 2809 1464 2876 sein soll.
367 2823 1259 2883 einzelnen Menschen zwingt, daß er für die Ver¬
1368 2811 2196 2892 Und nun die Schlußszene! Nachdem der Mord
360 2864 1266 2922 letzung der fremden Ehre ein eigene Existenz
1298 2869 2193 2945 geschehen, sammelt sich das Publikum, das erstarrt,
161 2878 337 2940 Inhalts¬
355 2906 1266 2961 einsetzt; derjenige, der dies fordert, muß natur¬
161 2938 325 2987 blitt
364 2917 2198 3003 gemäß auch einen gleicher Werth in die Wagschaft aber ohne Entrüstung über den Mort den brutalen
1298 2954 2198 3019 Offizier veroriren läßt und sich so gewissermaßen
166 2968 325 3017 wodurch
360 2970 1271 3037 werfen. Wenn wir von dieser Voraussetzung aus
1298 2994 2205 3047 auch vor dem Klassenbewußtsein des Offizierstan¬
168 3014 316 3063 des In¬
369 3019 1266 3074 an die Prüfung des Schnitzlerschen Schauspiels
1298 3033 2196 3093 des beugt. Das ist die letzte Inkonsequenz des
166 3051 344 3109 werden in
364 3058 1268 3107 herantreten, müssen wir das Problem für unge¬
1298 3077 2202 3127 Verfassers. Will er das Duell und die Standes¬
364 3104 611 3173 löst erklären.
1303 3116 2207 3164 vorrechte verwerfen, so muß er dies durch das zu¬
438 3104 1268 3180 Leutnant Karinski hat die Ehre einer unbe¬
1303 3153 2202 3201 sammenströmende Volk, das hier gewissermaßen
371 3166 1275 3226 scholtenen Schauspielerin in einem Bekanntenkreise
367 3185 2196 3273 in einer unentschuldbaren Weise angegriffen und die Stelle des antiken Chors vertritt, bekunden
367 3233 1425 3300 wird dafür von Poldi Grehlinger geohrfeigt. Die¬ lassen.
1375 3240 2209 3333 Technisch ist das Schauspiel gut durchgeführt,
381 3284 1278 3351 ser verweigert aber die Annahme einer Forderung,
1315 3307 2205 3360 sodaß die Schwächen in der Durcharbeitung der
371 3323 1275 3376 dagegen tritt er dem auf Rache sinnenden Gegner
371 3342 2205 3434 muthig gegenüber und wird meuchlings von diesem Tendenz wenig fühlbar sind. An der Darstellung
1303 3383 2147 3452 ist die mangelnde Einheit auszusetzen.
371 3409 554 3469 erschossen.
1303 3404 2205 3478 Handlung spielt in Besterreich; dem entsprechend
452 3420 1275 3487 Der Lösung des Problems ist durch die In¬
1310 3455 2216 3510 müßten die Vertreter dieses Milieus auch den
367 3466 1271 3526 konsequenzen in der Charakterzeichnung und der
367 3489 2202 3565 Konflikte mitzungen. Leutnant Karinski, der dem berdeutschen Die prechen. Vor allem wäre
360 3531 2212 3648 Publikum gegenüber als der Träger der Officiers, des donneren zu fordern. Es war sicher
