3436 4128
76 60 177 155 8.
783 44 1176 139 box 14/2
244 57 526 155 Freiwi
2285 330 2735 421 Ausl. Vertreter des Verlages
2297 402 2722 453 Für Oesterreich=Ungarn: Herr
2301 428 2725 475 Dr. O. F. Erich, Hof= u. Ge¬
2304 456 2725 523 richtsadvokat in Wien, VII., Neu¬
330 434 795 523 Der Insertionspreis für An¬
2434 497 2608 539 stift=Gasse 5;
336 507 786 561 noncen beträgt für die dreige¬
2304 510 2731 574 für Schweden u. Norwegen:
333 548 789 608 spaltene Petitzeile 30 Pfennige und
2301 555 2731 624 Herr F. Hedberg in Stockholm.
2440 580 2636 631 belustan 35
336 583 786 643 nehmen solche die Expedition dieser
1588 564 2123 681 Sura
2307 608 2735 672 für Dänemark, Hr. Henrik Hen¬
1027 593 1505 694 an
339 631 789 681 Zeitung diert und auch sämmt¬
2304 643 2725 710 nings, Kgl. Hofmusikalienhänd¬
339 665 786 719 liche Annoncen-Bureaux von Rud
2326 675 2722 719 in Kopenhagen, Ostergade 2
2316 703 2741 770 für Amerika: Herr Engel
336 703 795 760 Mosse und Haasenstein & Vogler
2316 735 2712 808 Lederer in New-York, .
339 741 799 811 in allen Städten und zu jeder Zeit
2462 767 2621 827 2 Street
868 716 2234 871 Organ für dag dramatischer und musikalischer Werke.
361 786 773 859 ohne Kostenaufschlag entgegen
1020 824 2082 913 Fer. ch Anschluß, Amt, No. 1306.
2646 894 2788 966 66
2769 913 2877 995 -
1255 925 1816 1014 Berlin, am 8. November.
336 966 517 1039 No. 43.
415 941 2865 1103 Die Verlags=Firma A. Entsch (Inhaber Theodor Entsch, Berlin W. 8, Jäger=Straße 20, übernimmt den Ankauf, resp. Dra¬
298 1049 2842 1163 aller literarischen und musikalischen Erscheinungen im Gebiete der dramatischen Kunst, und steht in unmittelbarer Verbindung mit dieser
301 1106 2205 1223 Zeitung. Die Provision für den Verlag dramatischer und musikalischer Werke wird mit 10 Procent berechnet.
710 1261 1125 1363 Wochenbericht.
1927 1248 2529 1439 Freiwild.
311 1382 1562 1515 Aachen. (Saison-Th.) In Norb. Der Stellvertreter, Hotel
1689 1407 2741 1521 Schauspiel in drei Akten von Arthur Schnitzler.
393 1467 710 1540 zum Freihafen.
314 1483 992 1572 Berlin. (Kgl. Schauspielh.) Eine.
374 1546 865 1613 (Deutsches Th) Freiwild
383 1575 1077 1638 (Th. d. Westens.) Der dritte Mann.
1645 1578 2814 1711 Erst-Aufführung im Deutschen Theater zu Berlin,
377 1588 1565 1679 (Thalia-Th.) Der dritte Kopf. Eine freundliche Wohnung.
320 1654 1325 1717 Braunschweig, Holst=Th.) In Vorb.: Morituri.
1949 1651 2510 1749 den 3. November 1896.
320 1679 1353 1759 Bremen. In Vorb. Bocksprünge, Königskinder
320 1702 1572 1835 Bromberg. (Stadt=Th.) Fiddicke und Sohn. In Vorb.: Ein
402 1790 656 1841 Ehrenwort.
326 1797 979 1879 Budweis. Die officielle Frau.
1683 1784 2858 1901 Arthur Schnitzler, der schon mit seinem Schauspiel Liebelei einen
326 1825 1220 1911 Carlsbad. Liebelei. Der Hahn im Korbe.
1673 1870 2861 1936 großartigen anhaltenden Erfolg auf der Bühne des Deutschen
336 1904 913 1955 Celle. In Vorb.: Morituri.
1610 1882 2852 1977 Theaters errang, hat durch obiges Werk einen neuen großen Erfolg
339 1901 1229 1996 Cöln. (Stadt=Th.) In Vorb. Die Athenerin.
1616 1955 2861 2031 zu verzeichnen. Der anwesende Autor wurde nach jedem Akt hervor¬
326 1974 1153 2028 Crossen. In Vorb. Die officielle Frau,
1622 2003 2304 2088 gerufen. Nachstehend die Preßberichte:
336 1984 1309 2076 Dortmund. In Vorb. Das Glück im Winkel.
336 2025 1486 2110 Elberfeld. (Stadt=Th.) In Vorb. Madame Haus=Gene.
2022 2041 2453 2126 „Berliner Courier"
333 2085 1378 2164 Erfurt (Stadt=Th.) In Vorb. Die Manöverbraut.
1692 2085 2865 2180 Das „Deutsche Theater" schreitet von Erfolg zu Erfolg. Auf
333 2136 795 2205 Essek. In Pavillon.
1610 2136 2861 2205 Sudermann's „Morituri" folgte soeben eine kräftige dramatische Er¬
621 2136 1575 2237 Korb Marituri. Liebelei. Ein Rabenvater
339 2180 545 2243 nen.
1619 2174 2868 2259 örterung des Rechte und Willens zu leben. „Freiwild neunt sich
409 2202 897 2272 Das Glück im Winkel.
1619 2224 2874 2282 das neue Bühnenwerk, das gestern Abend hier in Berlin zuerst das
333 2209 1575 2307 Halle. Thalia-Th.) In Vorb. Hotel zum Freihafen. Madame
1619 2259 2871 2329 Lampenlicht erblickte, das Stück, von dessen Wesen und Inhalt vorher
415 2294 643 2351 Bonivard.
1619 2288 2874 2373 niches, gar nichts verlautet hatte. Der Verfasser, Arthur Schnitzler,
339 2288 1350 2405 Hamburg. (Stadt=Th.) In Vorb. Die Athenerin.
1622 2335 2877 2405 hat hier das sehr seltene Glück, mit dem zweiten Stück auch den zweiten
418 2367 1084 2424 (Thalia-Th.) Aus der Jugendzeit.
1616 2370 2874 2459 kräftigen Erfolg zu erzielen. Wer der Aufführung beigewohnt
349 2389 1309 2472 Herford. In Vorb.: Das Bild des Signorelli.
1622 2411 2890 2497 hat und die Entscheidung des Publikums nicht ausschließlich nach dem
342 2437 1138 2513 Kiel. (Stadt=Th.) In Vorb.: Morituri.
1613 2449 2874 2529 Kampf der Geräusche beurtheilt, die den Schluß begleiteten, der führte
377 2453 1420 2551 — (Tivoli-Th.) In Vorb. Herr und Frau Hans Gene¬
1619 2491 2877 2567 es, wie das Publikum im Banne der Dichtung stand und
349 2519 1030 2579 Kissingen. In Vorb.: Morituri.
1629 2522 2874 2602 wie die Gegnerschaft nicht eigentlich dem Bühnenwerke als
342 2525 1312 2617 Königsberg. (Stadt=Th.) In Vorb.: Morituri.
1629 2567 2874 2643 einem solchen, sondern in erster Reihe seiner Tendenz galt.
355 2605 1084 2671 Laibach. Noth kennt kein Gebot.
1619 2608 2871 2674 Ein Tendenz=Stück ist das dreiktige Schauspiel „Freiwild. Ein
580 2621 1144 2693 In Vorb. Die Romantischen
355 2652 551 2703 Landau.
1629 2640 2877 2719 kräftig ausgeführtes Lebensbild ist hier aufgeboten zum Kampfe gegen
583 2655 1245 2728 Stadt=Th.) Kaiser und Galiläer,
361 2693 542 2741 Leipzig.
1632 2687 2874 2760 das Duell. Die Frage des Zweikampfes ist schon sehr oft auf der
593 2712 1239 2782 In Vorb. Morituri. Die Erste
352 2728 564 2779 Liegnitz.
1635 2719 2874 2795 Bühne erörtert worden, in „Satisfaction" nahm sogar ein deutscher
599 2738 1359 2817 Ein armes Mädel. Bruder Martin.
358 2766 567 2817 Limbach
1638 2760 2880 2839 Officier das Wort gegen die Widersinnigkeiten des Duells. So hart ist
358 2788 985 2871 Lindau. In Vorb. Die Ehre.
1632 2801 2880 2887 indeß Anlaß, Durchführung und gewaltsame Lösung des Conflicts dem
358 2804 1347 2893 Linz. Die Schmetterlingsschlacht. Wettrennen.
1638 2839 2874 2922 Theaterpublikum noch selten vor's Auge gerückt worden. „Freiwild
368 2868 1103 2937 Magdeburg. (Stadt=Th.) Morituri.
1641 2877 2880 2953 — der seltsame Titel des eigenartigen Stückes, hat, so will uns scheinen,
428 2890 1258 2985 (Whelm=Th.) In Vorbe: Der Pumpmajor.
1638 2922 2874 2994 eine doppelte Bedeutung und betrifft die beiden Seiten der Handlung
361 2934 963 3017 Mainz. In Vorb.: Morituri.
1651 2966 2887 3039 (Folgt Inhalt.) Das Schauspiel ist spannend von Anfang bis
364 2947 1594 3052 Marburg. In Vorb. Ein Rabenvater. Das Glück im Winkel
1645 2998 2887 3080 zu Ende, ohne daß eine bulation auf Spannung erkenn¬
437 3039 650 3093 Morituri.
1641 3036 2877 3118 bar wird. Die Wirkung eine lebhafte. Im ersten Akt is
361 3039 1397 3121 Meiningen. (Hof=Th.) In Vorb.: Ein Königsidyll.
1638 3067 2884 3153 das österreichische Badeleben, der Verkehr der Officiere, Gigerl, Bade¬
539 3105 1090 3172 In Vorb. Der Pumpmajor.
368 3121 501 3172 Metz
1648 3121 2884 3191 gäste, insbesondere aber das Leben der Schmiere vortrefflich geschildert
536 3124 1312 3197 In Vorb.: Das Bild des Signorelli,
371 3162 497 3207 Mind
1654 3159 2890 3229 treu und echt in jedem Zuge. Die Darstellung der Theater=Misère in
539 3147 1607 3267 n. (Deutsches Th.) In Vorb. Eine tolle Nacht. Die
368 3200 475 3261 Mür
1645 3191 2893 3264 ihrer ernsten und lustigen Seite hätte in dem Stück wohl noch einen
529 3223 932 3289 loschen des Glücko.
1651 3229 2890 3315 breiteren Raum einnehmen können. Jedenfalls hat man überall das
523 3257 1068 3327 urg. In Vorb.: Morituri.
368 3267 447 3327 Na
1645 3273 2890 3337 Gefühl, daß der Verfasser echtes Leben das er gründlich kennt, einfach
520 3273 1264 3356 ed. In Vorb. Madame Haus=Gene.
1645 3315 2887 3387 und treu auf die Bühne bringt. So wahr berührt es, daß selbst der
513 3337 1423 3400 lausen. In Vorb. Das Bild des Signorelli.
1657 3353 2896 3422 lange erste Akt fesselte, obwohl er nur das Milieu schildert und die
507 3375 1426 3441 bach. In Vorb. Tilli. Madame Hans-Géne
1654 3391 2893 3482 spannende Handlung erst zum Schluß einsetzt. Das Werk fand im
561 3413 1382 3463 Der kleine Lord. Madame Hans Gene¬
1654 3419 2906 3520 „Deutschen Theater“ eine vortreffliche Verkörperung. Der Verfasser von
539 3448 1439 3524 (Deutsches Th.) Besonderer Umstände haber.
1660 3463 2896 3543 „Liebelei“ ist in dem neuen Werke überall zu erkennen. Eine besondere
539 3498 947 3562 In Vorb.: Morituri.
1660 3505 2893 3581 Aehnlichkeit bieten die beiden weiblichen Hauptfiguren: die leichtfertige,
491 3511 1410 3593 ck. In Vorb.: Jenseits von Gut und Böse.
1654 3543 2899 3619 kokettirende Soubrette, die von Fr. Gisela Schneider mit dem frischesten
478 3571 1226 3650 verin. (Hof=Th.) In Vorb. J'y pense.
1667 3581 2903 3657 Leben dargestellt wurde und die ernste, strenge Anna Riedel. Herr
453 3587 1619 3698 en. (Deutsches Volks=Th.) In Vorb. Die sittliche Forderung,
1660 3622 2903 3695 Rittner war als Paul Rönning völlig in seinem Elemente: offen,
440 3654 1217 3707 iesbaden. (Residenz=Th.) Wettrennen.
1660 3660 2899 3739 frei, warm und natürlich in jeder Gemüthsregung, jedem Wort. Den
425 3695 1071 3777 Würzburg. In Vorb. Morituri.
1667 3704 2906 3777 etwas wüsten Oberlieutenant Karinski stellte Herr Sauer voller Tempe¬
1657 3739 2899 3818 rament dar und wahr genug im Wesen, obwohl norddeutsch in der
1664 3777 2903 3853 Sprache. Auch Herr Nissen verzichtete sehr kluger Weise aufs Oestreicheln
1648 3822 2909 3929 und wahr doch überaus lebenswahr als sympathischer verständiger
