3436 4224
903 139 1309 245 box 14/3
211 137 747 250 8. Freiwild
2492 648 2593 732 682
907 663 2281 747 30. April. DEUTSCHE LITTERATURZEITUNG 1898. Nr. 17.
624 675 720 764 681
1637 763 2588 845 reicher durchgebildet als Gerhart Hauptmanns
632 780 1599 838 machen; leider lassen nur viele der Autotypieen
1643 816 2586 886 ungefähr gleichzeitig entstandener Typus Johannes
634 833 1596 898 gerade das nicht erkennen, worauf es ankommt,
1650 867 2593 936 Vockerat in den „Einsamen Menschen“. Anatol
701 883 1582 955 Buch III endlich ist der Deutung und der
1640 924 2588 985 ist der junge Wiener aus reichem Hause, der
632 936 1587 997 Grundlage des Verständnisses der Bilder gewid¬
1635 967 2591 1028 angeblich studirt, in Wahrheit aber bummelt und
634 985 1592 1044 met und findet den Schlüssel zur Lösung aller
1638 1009 2589 1085 herumliebelt und über das Verhältniss zu den
632 1037 1592 1088 Räthsel in der ausschliesslichen Bestimmung aller
1643 1057 2584 1124 Frauen vor Allem ganz eigenthümliche Grund¬
632 1081 1590 1145 bemalten unteritalischen Vasen für den Todten¬
1643 1109 2588 1172 sätze offenbart. Er selbst bezeichnet sich als
634 1128 1587 1206 kult. Vermuthlich wird der vom Vf. so ge¬
1650 1160 2586 1224 „leichtsinnigen Melancholiker. Sein nüchtern
632 1184 1594 1248 schmähte Skeptizismus der deutschen Wissen¬
1647 1203 2589 1266 verständiger Freund Max (der in allen Einaktern
634 1244 1594 1294 schaft auch vor den acht für diese Auffassung
1643 1251 2588 1337 gleichzeitig mit ihm auftritt, wirft ihm vor:
639 1273 1596 1342 vorgebrachten Hauptgründen nicht die Segel
1643 1299 2591 1373 „Deine Gegenwart schleppt immer eine ganze
638 1326 1596 1381 streichen. Die Beziehungen zum Todtenkult wer¬
1643 1345 2595 1417 schwere Last von unverarbeiteter Vergangenheit
632 1369 1596 1433 den nicht etwa von italischen religiösen Vor¬
1640 1397 2596 1470 mit sich ... Das Gewesene wird für Dich keine
636 1422 1592 1505 stellungen aus gewonnen, sondern haben aus¬
1640 1441 2591 1517 einfache starre Thatsache, indem es sich von den
644 1470 1596 1541 schliesslich griechische Begriffe und deren wie¬
1650 1489 2596 1558 Stimmungen loslöst, in denen Du es erfahren —
638 1522 1596 1585 der in griechischem Sinn durchgeführte Umdeu¬
1638 1541 2598 1604 nein, die Stimmungen bleiben schwer darüber
644 1568 1599 1626 tungen zur Grundlage, während doch Stämme,
1643 1594 2603 1659 liegen, sie werden nur blässer und welken und
646 1618 1599 1702 die selbst im Formalen der Kunst so viel Selb¬
1647 1638 2596 1707 sterben ab.“ Anatol ist also ein Decadent.
650 1671 1592 1751 ständigkeit zeigen, an ihren nationalen Vorstel¬
1655 1702 2607 1757 Wahrheit, Wirklichkeit, Adel liegen nur im
646 1715 1601 1779 lungen von der Götterwelt und vom Jenseits
1655 1745 2598 1810 Gefühl, das Gefühl heiligt auch die Sünderin.
650 1767 1607 1842 erst recht festgehalten haben werden: hier kann
1647 1796 2598 1858 Im Grunde liebt Anatol jedoch mehr die Liebe,
644 1813 1607 1887 man P. den Vorwurf zurückgeben, den er der
1647 1835 2596 1909 als die Geliebte; er liebt sein Traumbild von
650 1873 1609 1942 deutschen Forschung macht, das italische Element
1652 1890 2596 1950 ihr und ist empört, wenn es ihm zerstört wird.
644 1919 1606 1978 nicht genügend zu berücksichtigen. Vieles, wie
1659 1935 2601 2009 Er ist ein naiver Egoist und ein Schwächling,
644 1971 1602 2034 z. B. die Phlyakenvasen, fügt sich nur sehr künst¬
1655 1985 2601 2058 der seine eigenen Grundsätze nicht durchzuführen
650 2017 1606 2079 lich und auf Umwegen der Beziehung zum Todten¬
1652 2036 2605 2116 vermag. Darum wachsen ihm die Verhältnisse
653 2060 1613 2132 kult, und die für seine Theorie unbequemen
1652 2087 2605 2151 mit den Frauen, in die er sich so gern einlässt,
653 2115 1607 2182 Fischteller scheint P. überhaupt zu vergessen;
1652 2140 2607 2199 über den Kopf. Beim Anfang einer Liebschaft
650 2170 1609 2231 sie allein schon könnten, wenn es eines Beweises
1650 2178 2598 2245 denkt er schon ans Auseinandergehen; er be¬
658 2209 1613 2272 bedürfte, beweisen, dass auch in Süditalien wie
1652 2231 2605 2290 dingt sich's aus, stets selbst wahr sein zu dürfen
658 2264 1613 2327 überall die zur Grabausstattung verwendeten
1662 2274 2605 2353 und von der Geliebten immer nur die Wahrheit
656 2326 1604 2372 Gefässe im Wesentlichen nur Wiederholung der
1652 2332 2612 2410 zu hören. Aber wenn es darauf ankommt, ein
656 2363 1613 2435 zur Ausstattung der Wohnung der Lebendigen
1659 2392 2610 2463 Ende zu machen, ist er weder das eine zu thun,
656 2406 1616 2483 dienenden sind, und dass man eine mühsam dem
1662 2427 2601 2497 noch das andere zu leiden im Stande. Dieser
662 2459 1613 2524 Ausland abgelernte Technik in ihrer Anwendung
1667 2478 2612 2559 weiche, liebenswürdige Mensch kann sogar recht
662 2502 1611 2571 nicht eigensinnig in die Gräber verbannte, son¬
1662 2529 2615 2598 roh und verletzend werden, wenn er sich von
656 2552 1607 2634 dern zunächst zur Erheiterung des eigenen Da
1664 2588 2615 2646 einer überdrüssig gewordenen Geliebten befreien
662 2613 968 2675 seins benutzte.
1664 2643 2608 2704 will. Das also ist Anatol. In den sieben
1246 2636 1572 2720 H. Winnefeld.
704 2665 848 2742 Berlin.
1667 2672 2610 2745 Einaktern stellt ihn der Dichter in sieben ver¬
1664 2727 2615 2793 schiedenen Liebesverhältnissen dar, und so wenig
1667 2773 2612 2840 Schnitzler die Frauen idealisirt, so tont doch aus
922 2769 1359 2865 Moderne Dichtung.
1664 2829 2615 2888 seinem Buch das innigste Lob des weiblichen
662 2862 1619 2932 Arthur Schnitzler, Anatol. 3. Aufl. Berlin, S.
1664 2867 2612 2960 Herzens. Es ist eine Anklage der herrschenden
708 2907 1448 2990 Fischer, 1898. Vu 138 S. 8°. M. 2,50.
1736 2927 2619 3006 nicht der geschriebenen, sondern der faktisch
1895 2970 2608 3047 Moral der jungen Männer im Ver¬
662 2958 1625 3045 Derselbe, Freiwild. Schauspiel in 3 Akten. Ebenda,
1669 2984 1863 3050 geübten
716 3025 1165 3104 1898. 158 S. 80. M. 2.
1667 3014 2613 3093 kehr mit dem weiblichen Geschlecht. Wohl ist
1667 3066 2613 3134 das reiche Weib von heute, die „Mondaine,
740 3076 1621 3145 Die sieben Einakter, welche das Buch „Ana¬
1664 3116 2615 3191 nicht mehr werth als Anatol; sie sündigt nur aus
670 3133 1628 3203 tol“ vereinigt, sind eine der schönsten Blüthen
1671 3172 2607 3244 Feigheit nicht; sie beneidet das süsse Mädel“
675 3189 1626 3256 der modernen deutschen Poesie überhaupt und
1671 3230 2622 3282 das sich bedenkenlos seiner Neigung hingeben
668 3234 1621 3313 der Jung=Wiener Dichtung im Besonderen, der
1676 3266 2624 3347 darf. Aber jener Hochmuth der Männer, die
668 3285 1619 3347 erste Wurf eines begabten Dichters, überspru¬
1679 3313 2619 3374 vom Weibe mehr sittliche Energie als von sich
667 3335 1628 3392 delnd von dichterischen Ideen, reich an werth¬
1671 3376 2625 3424 selbst verlangen, und das Weib verachten zu
680 3380 1628 3453 vollen Keimen, die erst in der Folge zur völligen
1671 3407 2622 3472 dürfen glauben, das sie selbst zu Falle brachten,
668 3438 1633 3498 Reife gedeihen konnten. Anatol, der gemeinsame
1673 3458 2624 3523 empört den Dichter. Er selbst steht jenseits
677 3482 1633 3551 theils liebenswürdige, theils satirische Held dieser
1674 3511 2120 3601 aller Geschlechtsmoral.
674 3537 1635 3594 kleinen Lustspiele, deren überaus anmuthige Form
1736 3541 2622 3618 Die erste Auflage des „Anatole erschien 1892.
674 3580 1633 3640 den Vergleich mit Mussets Proverbes sehr wohl
1674 3613 2625 3678 Schnitzler war damals dreissig Jahre alt und
682 3626 1631 3690 vertragen kann Anatol ist ein Typus der
1674 3654 2625 3757 schon längere Zeit als praktischer Arzt thätig.
686 3676 1637 3760 Vertreter einer ganzen Generation, und noch
