3436 4448
196 194 299 272 8.
340 194 679 268 Freiwil
891 200 1297 292 box 14/3
459 1175 1136 1258 „Gar nichts. Warum frägst Du denn?
453 1198 1552 1281 „Weil Du nicht so heiter bist wie auf unserem Wege zum Bahn¬
382 1263 1552 1317 hof und die Pferde in Deiner Zerstreutheit nach einer anderen
382 1314 1556 1370 Richtung lenkt. Du bist so still und nachdenkend — ist etwas ge¬
382 1353 522 1416 schehen:
461 1380 581 1443 „Nein.
465 1404 787 1488 „War Besuch da?
459 1464 734 1523 „Mr. Everleigh.
459 1470 1556 1555 „Ah!“ rief Valentin mit komischem Ernst aus. „Mein gelehrter
385 1532 1555 1586 Nebenbuhler. Er gab Dir hoffentlich in seiner Unterhaltung keine
391 1574 1553 1634 Ursache zur Reue, einen einfältigen Soldaten geheirathet zu haben,
382 1610 1540 1660 der Insekten, besonders Gelsen, als eine unnöthige Plage betrachtet.
468 1637 1559 1717 „Sei nicht thöricht," rief Dorothe halb ärgerlich, halb belustigt.
468 1701 1555 1753 „Und was erzählte er Dir?" fragte Valentin in ernsterem Tone.
467 1725 1565 1800 „Die traurige Geschichte seiner Schwester. Vielleicht ist sie es, die
382 1770 656 1833 mich verstimmt.
480 1779 1558 1862 So wiederhole sie nicht, lassen wir das, ich möchte Dich nicht
382 1851 623 1917 traurig sehen.
474 1860 1562 1937 Dorothea bemühte sich, den Druck, der ihr Gemüth belastete, ab¬
384 1916 1567 1973 zuschütteln und ihre Stimmung zu heben, aber es ging nicht. Wenn
397 1952 1567 2012 sie sonst kaum Zeit fand, die Fülle der Gedanken, die auf sie ein¬
400 1994 1561 2059 stürmten, in Worte zu kleiden, so dachte sie heute verwundert nach,
394 2039 1562 2109 was sie früher so sehr belustigt hatte, um dasselbe Thema anzu¬
394 2089 546 2157 schlagen.
1201 2090 1519 2175 (Fortsetzung folgt.)
765 2149 1199 2247 Thalia-Theater.
847 2212 1100 2288 „Freiwild.
543 2239 1419 2319 Schauspiel in 3 Akten von Arthur Schnitzler.
471 2279 1561 2366 Die Hauptmann's und „Sudermann's", vor allen Ibsen und
403 2340 1561 2397 Björnson haben doch mit ihren Bühnenerfolgen die Urtheilskraft des
409 2382 1570 2438 Publikums abzuschwächen verstanden oder sagen wir seinen Sinn dahin
403 2414 1570 2480 suggerirt, daß es sich nur sehr schwer Bühnenarbeiten anderer Drama¬
409 2456 1567 2513 tiker zuneigt, viel weniger Geschmack daran findet. Nun hat jedoch
402 2494 1564 2554 Arthur Schnitzler bei den gegnerischen Kritikern über realistische dra¬
403 2528 1570 2598 matische Arbeiten mit seinem Schauspiel „Liebelei keinen Erfolg
406 2577 1570 2634 gehabt, sie wurden durch seinen süßlichen Dialog abgestoßen, seine
409 2610 1567 2676 Detailmakerei fesselte nicht das Interesse der Zuschauer. Dennoch
403 2659 1570 2711 wurde ihm für seinen ersten Versuch eine aufmunternde Anerkennung
406 2697 1568 2741 und der zweiten dramatischen Schöpfung Schnitzlers, welche Donnerstag
408 2723 1570 2795 Abend vor dem Hamburger Publikum erschien, wurde dieselbe Ehrung
415 2760 1567 2823 zu Theil, da sie aber ein aktuelles Interesse besitzt, nämlich die Duell¬
409 2799 1568 2878 frage behandelt, so war die Anerkennungsspende eine eius reichlichte.
483 2838 1567 2897 Der Verfasser nennt sein neuestes Schauspiel „Freiwild, als
406 2876 1567 2939 welches er die weiblichen Mitglieder einer Bühne unweit Wien von
411 2917 1570 2978 den Offizieren der kleinen Garnison bezeichnen läßt. Des Theater¬
415 2957 1568 3016 direktors Einnahmen hängen von dem mehr oder minder frivolen Auf¬
391 2999 1603 3066 treten und dem mehr oder minder freundschaftlichen Verhältnisse der
1598 1159 2762 1221 Schauspielerinnen zum Offizierskorps ab. An der ersten Liebhaberin
1601 1210 2763 1261 Anna Riedel (Fr. Doré) prallen alle Liebenswürdigkeiten der
1595 1246 2760 1305 Lieutenants ab, sie liebt einen jungen, reichen Kavalier Paul
1594 1285 2760 1347 Könning (Herr Nhil), der sie wieder liebt, obgleich sich Beide es
1604 1327 2763 1382 noch nicht gestanden. Oberlieutenant Karinsky (Herr Witt)
1598 1368 2763 1418 rühmt sich Paul Könning gegenüber, die Novize in der Schauspielkunst
1598 1406 2760 1455 doch noch an seinen Siegeswagen bringen zu können. Könning ver¬
1595 1440 2763 1497 theidigt die Ehre seiner Geliebten und aus dem dabei entstehenden Wort¬
1601 1485 2760 1535 wechsel erfolgt schließlich eine Forderung zum Duell, welche Könning
1604 1523 2763 1573 hartnäckig nicht annimmt, so daß sein Gegner sich gezwungen hält,
1601 1564 2760 1616 ihn niederzuschießen. Anna Riedel stürzt an der Leiche nieder und be¬
1595 1600 2768 1651 weint ihr verlorenes, erträumtes Glück. Die Motivirung der Duell¬
1601 1634 2760 1693 ablehnung ist eigentlich unberechtigt, übrigens ist auch die Nichtan¬
1601 1672 2763 1728 nahme einer Forderung schon früher als Sujet für Bühnenstücke miß¬
1607 1717 2765 1764 braucht worden. Der Konflikt in der Handlung stößt wiederum ab,
1604 1756 2762 1803 im Dialog hat sich der Verfasser schon etwas muthiger bewiesen und
1601 1789 2775 1848 dafür sagen wir ihm unsere Anerkennung. Die Darstellung war eine
1604 1833 2768 1884 recht erfreuliche Frau Doré spielte lebendig und gab der Anna Riedel
1604 1871 2763 1919 einige schöne Charakterzüge, Herr Nhil und Herr Witt machten aus
1601 1908 2763 1956 ihren Rollen, was irgend möglich war, auch die Herren Hallen¬
1612 1947 2769 1996 stein (Rohmstedt) und Homann (Vogel) eiferten ihnen darin nach.
1609 1984 2763 2033 Anerkennung verdienen auch die Herren Bozenhard und Flashar,
1607 2024 2766 2077 sowie die Darsteller der Schauspieltruppe, Herr Brahm als Direktor,
1612 2060 2763 2119 Herr Gönner, Regisseur Finke, Fräulein Engl, Pepi Fischer, und
1607 2099 2250 2173 Fräulein Schäffer, Käthchen Schütz,
1678 2130 2768 2194 Herrn Direktor Steinert's Regieführung bewährte sich wiederum
1601 2161 1943 2241 in rühmlicher Weise.
1941 2253 2688 2336 Wissenschaft und Litteratur.
1687 2256 1877 2349 Kunst,
1947 2315 2775 2385 alles gut. Dieses Sprichwort findet in weitesten
1735 2327 1916 2391 Ende ge¬
1947 2373 2774 2422 dung auf die uns vorliegende Nr. 53 des „Häus¬
1607 2370 1895 2428 Sinne seine An¬
1947 2411 2774 2455 welcher mit derselben nicht nur einen Jahrgang,
1615 2413 1887 2468 lichen Rathgeber
1941 2450 2763 2497 ium seines Beslebens abschließt. In dieser Num¬
1604 2450 1865 2510 sondern ein D
1949 2486 2768 2531 auch der versöhnlich ausklingende Schluß des
1604 2489 1832 2543 mer befindet
1947 2522 2766 2581 Trystedt „Schatten der Vergangenheit", der Leser
1615 2531 1824 2581 Romans von
1947 2563 2763 2613 Häuslichen Rathgebers" während der Dauer eines
1606 2565 1839 2622 und Leserinne
1935 2602 2757 2653 erhalten hat. Dem bereits mit Nummer 1 des
1618 2608 1824 2661 Jahres in
1926 2638 2769 2688 eginnenden, figurenreichen Original=Roman „Schloß
1615 2647 1806 2706 Jahrganges
1920 2679 2766 2723 der berufenen Feder von Julius Rasch, wird von
1610 2683 1800 2742 Lichtenegg
1908 2718 2766 2765 günstigeres Prognostikon gestellt. — Das der Nr. 53
1621 2723 1815 2774 Kennern ein
1893 2751 2766 2802 Verzeichniß des verflossenen Jahrganges beweist die
1618 2762 1804 2810 beigegebene
1878 2790 2760 2841 Nützlichkeit dieses Blattes zur Evidenz Es enthält,
1612 2789 1811 2858 Reichhaltigt
1893 2828 2760 2884 herauszugreifen, 67 Rezepte für Getränke, 205 Koch¬
1607 2838 1809 2885 um nur
1878 2864 2765 2935 für Backwerk, Hunderte von Handarbeiten und Mode¬
1615 2873 1786 2927 rezepte, 78
1905 2905 2766 2962 Probenzimmern gratis und franko vom Verlage;
1612 2917 1794 2963 beschreibun
1827 2944 2691 3022 weiß, Berlin W. 30, Elsholzstraße 19, zu beziehen.
1612 2954 1795 3021 Robert St.
1999 3108 2850 3272 re
