3392 4224
873 145 1277 249 box 14/3
312 127 706 272 Freiwild
170 145 451 267 8.
2613 1274 3097 1377 a europäische Konzert
1090 1319 3090 1414 sonderte Herr v. Burow meine, es liege ja Das hat dabei gar nichts zu thun, Deutschland
843 1319 1067 1416 n
2107 1449 3105 1501 Aus schwerer Krankheit genesen, ist in ihm der Wille zum
1085 1449 2070 1524 seine Umgebung verwickelt wird, für den aufmerksamer
406 1454 701 1559 „Freiwild.
2102 1494 3105 1546 Leben in aller Freudigkeit erstarkt. „Mein lieber Freund,"
1085 1494 1444 1554 Beobachter gestalten.
167 1516 1052 1601 piel in drei Akten von Arthur Schnitzler. Erste Aufführung
1177 1516 2077 1596 Es ist in der Natur der Sache begründet, daß die
2107 1539 3107 1606 sagt er zum Badearzte Wellner, „lieg' Du nur einmal
284 1589 825 1653 im Carl-Theater am 4. Februar 1898.)
1085 1584 2082 1648 Dichter, die alles Leben nachzugestalten beflissen sind, sich
2107 1594 3102 1643 wochenlang da, wie ich, schon ganz bereit, mit Allem
1090 1638 2075 1693 immer wieder angeregt fühlen, gerade diese beiden Themata
2112 1638 3100 1696 abzuschließen, und wache dann auf wie ich — und sieh,
152 1623 1055 1716 insere Gesellschaftsmoral hat von altersher einige
2107 1681 3105 1738 ob Du noch was anderes empfinden kannst, als die
1085 1686 2080 1738 auf die Bühne zu bringen — sie umfassen ja so viel, daß
165 1688 1052 1741 se aufgestellt, gegen deren Berechtigung sich der klare,
1085 1728 2080 1781 sie in jeder Beleuchtung blendende Facetten zeigen, und sie
2105 1728 3105 1788 Seligkeit, wieder da zu sein, wieder dazuzugehören, zu
162 1733 1052 1791 de Menschenverstand sträubt, die aber so lange als
2105 1781 3100 1833 Allem, was a met, was blüht, wieder von einem nächsten
165 1778 2075 1843 ltig betrachtet wurden, daß sie dem Allgemein- bieten einen ungemein dankbaren Stoff, da sie in Jedem,
1085 1825 2075 1873 so oder so, eine versönliche Saite mitschwingen machen.
2105 1818 3100 1875 Tag reden zu dürfen, wie die anderen Menschen. Ich will
160 1830 1055 1880 den als unantastbare Wahrheiten erscheinen, im
1085 1870 2080 1925 So haben wir mit der Zeit eine ganze, stetig weiter an¬
2105 1873 3100 1930 jetzt nur leben, gar nichts anderes, und spüren, daß ich
165 1870 1050 1925 n Sinne unhaltbare Axiome, unter welche sich jedoch
1087 1915 2075 1970 wachsende Kameliendamenliteratur zusammenbekommen, die
2107 1918 3097 1968 lebe, das ist mir genug." Diese Stimmung, die den
162 1923 1052 1980 beugen muß, und wider die der Einzelne nicht verstoßen
1085 1963 2075 2025 jede Möglichkeit einer Lösung zeigt, vom tragischen Aus¬
2107 1965 3097 2017 Schlüssel für sein späteres Handeln bietet, wird noch
160 1968 1055 2022 wenn er innerhalb seiner Klassengemeinschaft ein voll¬
1090 2007 2075 2067 gang bis zur rosenrothen Heirat mit nachfolgendem haus¬
2105 2010 3100 2085 erhöht durch die halb unbewußte Neigung zu einem
162 2012 1057 2077 ges Mitglied bleiben will. Dazu gehört für den
1087 2057 2075 2112 backenen Glücke, und die Zahl der bereits vorhandenen
2105 2052 3095 2107 lungen, reinen Menschenkinde, der naiven Naiven Anna
172 2062 1055 2117 unter Anderem das Verbot, eine Gestrauchelte zur
1085 2102 2067 2157 Säbel= und Pistolenstücke wird alljährlich erheblich ver¬
2105 2105 3095 2182 Riedel. Es ist wie der Frühling, so klar und schön und
150 2105 1052 2172 zu nehmen, und die Verpflichtung, mit der Waffe in
1085 2142 2080 2204 mehrt. Und das wird so lange der Fall sein, bis die voll¬
2107 2152 3102 2204 gedankenlos. Aber nicht lang . . . Lieutenant Karinsky ist
165 2152 1050 2204 und die persönliche Ehre zu vertheidigen und der
1085 2199 2080 2264 ständige Umwerthung unserer Moralbegriffe vollzogen
2107 2202 3097 2249 da, von dem es heißt, er ist au fond ein guter Kerl, ein
165 2194 1055 2254 kten fremden Genugthuung zu geben. Die Auf¬
1080 2239 1257 2317 sein wird.
2102 2249 3090 2302 famoser Kamerad, es muß nur halt Alles geben, wie er
165 2249 1052 2297 ben von heute, einer besseren Einsicht folgend und
1175 2284 2065 2347 Arthur Schnitzler, dessen Schauspiel „Liebelei
2102 2294 3105 2344 will, sonst ist der Teufel los" und „Was fängt so ein
180 2294 1052 2349 durch Kontroversen und Erfahrungen, sind in
1082 2337 2077 2392 das erstere Thema in der leichten Spielart des „süßen
2107 2339 3097 2396 Mensch in ewiger Friedenszeit mit seinem Temperament
177 2339 1052 2404 Fällen über manch Unsinniges schon hinaus, dem
2107 2387 3092 2436 an? Es ist ja wahr, solche Leute, wie der Karinsky sollen
172 2379 2077 2441 und der Theorie nach und soweit es die eigene Mädels" gestreift hat, wählte sich die Duellfrage zum
1090 2434 3095 2486 Vorwurf für sein neues Bühnenwerk. Er trat seiner heiklen Soldaten sein, aber für solche Soldaten gehört der Krieg,
167 2429 1062 2491 betrifft. Allein, wenn Einer sich allzu schroff gegen
1085 2476 2080 2531 Aufgabe als Poet gegenüber, in ruhiger Objektivität, jeder
2105 2479 3095 2531 sonst haben sie überhaupt keine Existenzberechtigung." Er
162 2481 1047 2541 hergebrachte auflehnt, nach freiem Gutdünken handelt
1085 2526 2070 2579 Parteinahme fern, und schuf so tendenzlos nach, was ihm
2102 2524 3097 2579 kaprizirt sich auf die Riedel. und da diese standhaft seine
167 2531 1052 2581 verschmäht, die tolerirten Mäntelchen zu benützen,
2107 2574 3092 2621 Einladung zu einem Souper ausschlägt, wendet er, in
175 2569 2070 2628 sind Alle entrüstet, denn neben der beschränkten, die Wirklichkeit zeigte und wie unter den gegebenen Be¬
1077 2618 2075 2668 dingungen die Ereignisse ja thatsächlich kommen mußten.
2107 2618 3092 2671 seinem Selbstbewußtsein verletzt und durch eine provokante
157 2618 1045 2681 rlichen Ueberzeugung erheben sich die Stimme
1082 2668 2060 2718 Wenn trotz der ehrlichen künstlerischen Absichten „Freiwild
2105 2668 3087 2716 Bemerkung des spöttisch vergnügten Paul aufgestachelt, auf
192 2668 1052 2718 die aus bewußter oder unbewußter Heuchelei an
1077 2713 2067 2763 blos ein Theaterstück und keine Dichtung geworden ist, so
2097 2708 3092 2766 sie ein unzulässiges Wort an. Paul schlägt ihn ins Gesicht
162 2713 1050 2783 en das verdammen, was sie unter ähnlichen Um¬
160 2756 2065 2813 in vielleicht selbst gethan hätten. Und je verständ¬ mag die Ursache vielleicht darin liegen, daß es ihm durch
2097 2761 3095 2818 und da Karinsky, auf Urlaub im Badeorte, keinen Säbel
1085 2805 2075 2865 Anlage und Temperament versagt war, gerade hier mit
2102 2800 3097 2868 trägt, und die Freunde sich dazwischen werfen, ist die
167 2810 1052 2865 je menschlich einfacher das Vorgehen des kühnen
165 2848 2070 2905 verächters ist, um so größer wird der Gegensatz sein, den Augen der Seele zu schauen, vielleicht aber auch im
2102 2855 2576 2923 Affaire vorläufig abgethan.
162 2898 2067 2985 chem er sich zu den Uebrigen seiner Schichte befindet, Stoffe selbst, den ohne Rest zu bezwingen, noch Keinem
2187 2875 3095 2960 Von einem Duell wie Paul nichts wissen. Den Se¬
2090 2943 3095 3005 kundanten Karinsky's sagt er: „Er hat sich benommen wie
162 2945 1307 3007 esto merkwürdiger und interessanter werden sich die gelungen ist.
1167 2995 3097 3050 Paul Rönning ist der sogenannte Held des Stückes, ein Bube und ich habe ihn behandelt wie einen Buben,
162 2992 1077 3047 in und die seelischen Konflikte, in welche er und
798 3040 2379 3140 Hiezu Nr. 40 des „Wiener Familien Journal als Gratisbeilage.
