3392 4096
163 74 695 156 8. Freiwild
858 64 1263 168 box 14/4
1653 265 1812 370 eis.
2005 274 2515 381 Preis 20 Heller für Wien
2271 498 2621 591 36. Jahrgang.
1705 644 2669 717 wunderbare Neuaufgabe sie endlich dem Lese¬
1711 712 2676 775 publikum vollständig vermittelt, und an die
1704 755 2676 816 Fulda sich sogleich heranmachte, um sie zu
1697 796 2667 847 übersetzen. Aus dem klassischen Mittel¬
1697 842 2668 896 hochdeutsch in das weniger klassische Berliner¬
1702 893 2675 953 Tiergartendeutsch. Die Cohns, Meyerheims u.
1694 943 2669 1001 s. w. sollten auch des Pfaffen Werner — im
1697 988 2670 1046 Mittelhochdeutschen hatte das Wort noch seine
1697 1031 2673 1101 durch liberale Blätter nicht getrübte Bedeutung
1774 1080 2674 1150 Werk genießen. Also schon damals ein
1696 1135 2674 1192 starker Sinn für das Aktuelle, eine feine
1708 1177 2669 1244 Witterung für die Marktkonjunktur. Indes die
1704 1221 2676 1284 Wissenschaft wies Fuldas Liebeswerben ziem¬
1694 1275 2676 1328 lich kühl zurück, die Cohns u. s. w. lasen
1700 1319 2675 1385 lieber den Kurszettel als den Heimbrecht, und
1704 1369 2674 1429 wenn sie von Bauern etwas wissen wollen,
1704 1411 2670 1469 wandten sie sich lieber an Auerbach, der
1694 1462 2675 1517 nicht so der zufahrend war wie der weniger
1689 1508 2676 1573 zimperliche Werner. Mit der Wissenschaft
1704 1560 2674 1627 was also nicht und wandte sich zurück
1697 1602 2674 1684 zu eigener Produktion, die er so glück ver¬
1694 1649 2675 1731 heißend begonnen hatte. Das Wort „eigen“
1694 1697 2676 1764 maß dabei weniger in besitzanzeigendem
1694 1744 2676 1812 Sinne verstanden werden, sondern ist eher als
1699 1814 2675 1861 „eigenartig aufzufassen. In den achziger
1694 1844 2683 1906 Jahren des 19. Jahrhunderts interessierte man
1694 1890 2681 1950 sich bereits für einen gewissen Henrik Ibsen,
1697 1937 2674 1993 dessen Werke allmählich in Mode kamen.
1694 1983 2675 2053 Namentlich ein Problem, das er rücksichtslos
1700 2035 2676 2102 und mit elementarer Gewalt behandelte, das
1694 2081 2675 2134 der Wahrhaftigkeit, fesselt die Leute. Wahr¬
1704 2130 2674 2178 heit unter jeder Bedingung oder Wahrheit mit
1706 2178 2665 2231 Vorbehalten, Notlüge unter besonderen Be¬
1694 2223 2621 2301 dingnissen oder ihre unbedingte Verwertung
1700 2276 2675 2335 Darum dreht sich der Streit. Ein altes Thema,
1694 2325 2676 2377 das nicht nur von jedem Theologen anders
1700 2364 2681 2421 behandelt wurde, sondern auch schon oft als
1694 2411 2675 2475 dramatische Unterlage gedient hatte. Nun war
1694 2464 2675 2533 die Frage durch Ibsen neu angeregt, die Dis¬
1694 2512 2670 2565 kussion über Zweckmäßigkeitslügen und be¬
1694 2560 2683 2631 kennen der absoluten Wahrheit unter allen
1700 2608 2633 2655 Umständen ward von Tag zu Tag erregter
1694 2653 2675 2714 da sollte der Mann mit dem Sinne fürs Aktuelle
1691 2706 2668 2763 zückbleiben? Nein, auch er warf sein ge¬
1694 2751 2675 2805 wichtiges Wort in die Wageschale, auch er
1689 2795 2680 2858 mischte sich in die Schar derer, die Wahrheit
1694 2843 2670 2909 um jeden Preis nicht gutheißen. Diese Ten¬
1694 2893 2676 2944 denz mußte für Herrn Fulda von vorneherein
1697 2944 2674 3014 feststehen und ihr blieb er bis heute treu.
2032 2993 2359 3071 (Fortsetzung folgt.)
1953 3151 2427 3260 Wiener Premièren.
1794 3230 2662 3317 Deutsches Volkstheater. „Freiwild“
1694 3300 2675 3374 Schauspiel von Arthur Schnitzler. (Zum
1697 3354 2674 3411 erstenmale aufgeführt am 28. Jänner). Sieben
1694 3403 2665 3458 Jahre mußte „Freiwild“ als Freiwild im Buch¬
1697 3450 2670 3510 handel umherirren, bis es endlich in Wien die
1697 3502 2676 3572 gesuchte — Gefangenschaft fand. Vorerst mußt
1689 3548 2670 3607 allerdings die löbliche Direktion des Volks¬
1694 3590 2676 3647 theaters bei der hochlöblichen des Burgtheaters
1694 3643 2669 3701 die nötige Courage zum Kampf gegen den Zwei¬
1694 3686 2676 3756 kampf holen, dazu noch die Gewißheit, daß
1694 3737 2676 3793 auch der Lohn für diese gute Absicht: das
1700 3784 2669 3846 Publikum nicht ausbleiben wird. Nachdem aber
1689 3832 2680 3916 im Burgtheater Hartleben und sogar Eugen
