3436 4256
143 210 237 296 8.
832 202 1244 311 box 14/3
286 206 679 307 Freiwild
756 1154 1511 1246 lag der Straufrage her¬
435 1198 1507 1296 zustellen. Für die Entschließung der Regierung ist
441 1275 1511 1330 gewiß die am 1. Mai abgegebene Erklärung des ver¬
664 1385 1286 1496 Kunst und Wissenschaft.
504 1488 1507 1624 Residenztheater. — „Freiwild, Schauspiel in drei
433 1559 1446 1654 Akten von Arthur Schnitzler. (Zum ersten Male.)
506 1635 1509 1689 Mitten in den plötzlich eingetretenen heißen Sommer¬
437 1670 1502 1746 tager bringt das Residenztheater eine ernsthafte dramatische
435 1727 1498 1788 Neuigkeit „Freiwild", in der es schwül genug hergeht
445 1763 1509 1830 De sehr talentvolle Verfasser, der schon in seinem Drama
439 1820 1507 1868 Liebelei" die Kunst zeigte, eine Fülle wirklicher Lebens¬
433 1866 1498 1910 züge in einen Akt zusammenzudrängen und ein energisches
435 1900 1490 1958 Losschreiten auf den eigentlichen Kern der Handlung durch
433 1939 1504 2011 höchst belebte Einzelheiten fesselnd zu machen, bewährt
435 1981 1498 2053 diese Situationskunst wiederum im ersten Akt des düstern
433 2028 1504 2097 Schauspiels „Freiwild". Wir werden in eine kleine
435 2070 1507 2137 österreichische Stadt geführt, in der ein Sommertheater
439 2116 1500 2181 floriert und die Offiziere der Kavalleriegarnison die Schau¬
445 2171 1507 2221 spielerinnen des bewußten Theaters als ihnen gehörige
427 2213 1502 2271 Beute, als „Freiwild" betrachten, wobei sie von dem ver¬
433 2248 1504 2318 ehrlichen Schmierendirektor Schneider allen Vorschub ge¬
427 2288 1498 2351 leistet erhalten. Ein wüster Gesell, der Oberlieutenant
427 2337 1496 2393 Karinski, der wegen Schulden, Händeln und Exzessen schon
439 2379 1490 2440 so ziemlich vor dem einfachen Abschied steht, versteift sich
427 2423 1500 2486 darauf, die eine Schauspielerin dieses Sommertheaters
433 2469 1498 2528 Anna Riedel, die die Leichtlebigkeit und Leichtfertigkeit
427 2511 1498 2572 ihrer Kolleginnen nicht teilt, in seinen Vergnügungskreis
433 2555 1504 2624 hereinzwingen zu wollen, stößt bei dieser Gelegenheit mit
427 2606 1504 2662 einem jungen Zivilisten Paul Rönning zusammen, der
435 2641 1498 2706 sich für die Schauspielerin interessiert. Und als sich der
427 2692 1498 2757 bei Anna Riedel abgeblitzte Karinski in frechster Weise
422 2734 1498 2801 über das Fräulein äußert, wird Paul Rönning von Er¬
429 2774 1498 2832 bitterung über dies Bubenstück und vom Drang seiner
420 2820 1502 2883 ihm selbst noch unbekannten Neigung für Anna Riedel
420 2868 1496 2923 übermannt, ohrfeigt den Verleumder des Mädchens in
420 2914 1496 2975 einem öffentlichen Garten. Das Duell aber, das nach
424 2950 1509 3041 dem Urteil seiner Umgebungen, unvermeidlich geworden
376 3076 1362 3198 s
517 3171 859 3316 6
2711 1091 3282 1196 Zur Reichstagsersatzwahl
1708 1118 2610 1238 . Jnfanteriebrigade Nr. 45 seinen An¬
2639 1164 3280 1238 ostpreußische konservative Verein
1542 1166 1788 1269 fang nimmt.
2648 1217 3293 1284 berg eine Erklärung veröffentlicht,
1620 1212 2612 1315 Der Durchlauchtigste Prinz wird auf der Reise
2656 1267 3272 1328 Partei, um weitere Zersplitterung
1542 1280 1637 1347 nach
1666 1296 2608 1355 England von Höchstseinem Hofmarschall, dem
2650 1305 3288 1362 Aufstellung eines eigenen Kandidat
1540 1395 2612 1460 ist, verweigert Paul Rönning, da er nach seiner Auf¬
2652 1406 3303 1465 heit, mit der Paul Rönning jede
1549 1433 2612 1496 fassung, nur einem Buben die gebührende Züchtigung hat
2654 1441 3293 1502 an sich se begreiflichen Thuns von
1553 1486 2599 1544 zu teil werden lassen und gar nicht einzusehen vermag
2654 1490 3309 1542 von der Welt gleichsam ertrotzen me
1549 1523 2610 1582 daß er für diesen Gebrauch seines vermeinen guten Rechtes
2656 1536 3286 1584 umdrehen seine Anschauungen teile
1555 1563 2597 1620 sein Leben aufs Spiel setzen soll, das ihm schon erst se¬
2654 1578 3288 1628 seines Auftretens schütze, hat bei¬
1544 1610 2606 1670 köstlich erschien, und nun, nach der im zweiten Akte er¬
2654 1624 3293 1683 Die Frage, ob man mit den We¬
1551 1652 2603 1710 folgenden Verlobung mit Anna Riedel, doppelt lebenswert
2654 1664 3272 1719 oder müsse, kann doch wahrhaftig
1542 1696 2603 1755 dünkt. Er lehnt, als ihm klar gemacht wird, was für
2648 1706 3288 1761 beantwortet werden, daß die Wölf
1542 1744 2599 1801 Karinski auf dem Spiele steht, jede Verantwortung für
2713 1752 3301 1820 Aus der unorganischen Verbind¬
1542 1786 2599 1845 den Untergang und Selbstmord des Offiziers mitleidslos
2656 1778 3265 1853 schilderungen und halbabstrakter
1542 1841 2612 1883 ab, er will mit einem so sinnlosen Ehrbegriff, wie ihn der
2641 1845 3291 1897 „Freiwild“ wohl ein interessantes,
1542 1868 2603 1929 brave Oberlieutenant Rohnstedt und eine eignen Freunde
2645 1891 3309 1948 matisch ergreifendes, seelisch üb¬
1544 1914 2597 1971 Dr. Wellner und Grehlinger vertreten, ein für allemal nicht
2652 1929 3286 1988 Die vortrefflichen Einzelheiten,
1542 1969 2603 2026 zu thun haben. Die gleiche Selbstgerechtigkeit aber, die
2650 1975 3288 2026 Charakteristik, der tiefe Ernst, dem
1544 1998 2606 2055 den blutlosen Helden in diesem peinvollen, mit viel Scharf¬
2660 2019 3309 2070 ja sein Bemühen, das einmal aufge¬
1549 2047 2603 2114 sinn und Debattierkunst spannend gemachten zweiten Akt
2641 2063 3280 2112 den verschiedensten Seiten her zu
1544 2099 2603 2150 erfüllt, hindert ihn im dritten, den einzigen Ausweg zu
2641 2099 3293 2171 den Mangel einer vollen, ergreifen
1542 2131 2603 2198 betreten, der ihm bleibt und schleunig abzureisen. Rönning
2639 2150 3303 2215 reißenden Handlung, zu der immer
1540 2181 2603 2234 erfährt, daß der Oberlieutenant, der nur noch den Tod
2650 2190 3303 2242 dem wir zu fühlen und zu leiden
1536 2223 2606 2280 durch eigne Hand vor sich sieht, vom wildesten Rachegefühl
2650 2234 3293 2301 schädigen. Nichts destoweniger hät
1536 2276 2606 2322 gegen ihn, seinen Verderber, erfüllt ist, und nun erscheint
2645 2280 3295 2347 besseres Schicksal verdient, als vor
1532 2320 2603 2366 es ihm als Feigheit, dieser Bedrohung auszuweichen, er
2648 2322 3160 2385 Hause dargestellt zu werden.
1540 2353 2606 2412 trotzt den Bitten der Freunde und der Braut, tritt
2700 2343 3288 2421 Leid muß es gesagt sein, daß
1534 2400 2597 2469 Karinski waffenlos gegenüber und wird von dem Wüten¬
2645 2385 3295 2477 die drei Aite im vollen frischen Zug
1530 2440 1902 2503 den niedergeschossen.
2645 2456 3288 2507 wärtigen am Residenztheater üblic
1603 2448 3291 2549 Den Selbstmord, der dem Morde folgen muß, be¬ rationspausen zu spielen. Das En
1534 2532 2599 2582 kommen wir nicht mehr zu sehen. Aber auch so ist der
2641 2534 3288 2589 war vortrefflich. Die Herren Ce
1542 2572 2603 2629 Mißlaut, mit dem das Stück schließt, grell und schrill
2650 2580 3293 2633 Friese (Pold Grehlinger), Dr. Ma
1536 2620 2606 2669 genug. Und was schlimmer ist: für den Träger der An¬
2677 2631 3286 2690 Janda (Theaterdirektor Schneid
1544 2664 2597 2725 schauung, die der Dichter versicht, vermögen wir uns nicht
2648 2675 3293 2730 (Pepi Fischer) zeichneten sich in leb
1544 2713 2603 2763 zu erwärmen. Mags sein, daß der „Coder", von dem
2641 2715 3291 2765 ihrer Rollen besonders aus. Hr.
1536 2755 2606 2801 Pold Grehlinger mit so komischem Pathos spricht, voll¬
2641 2759 3238 2822 Rönning) und Frl. Garnow
1538 2793 2606 2858 kommen überlebt und sinnlos ist, gleichwohl fühlt jeder
2635 2799 3295 2866 mit der etwas unklaren, monotonen
1540 2839 2599 2898 Zuschauer, daß unter allen Umständen ein anderer Codex
2639 2845 3280 2910 dargestellten Gestalten, gewannen
1532 2883 2603 2946 an seine Stelle treten müßte und keine Gesellschaft
2641 2885 3291 2940 das Möglichste ab und halfen den
1534 2925 2599 2982 dabei bestehen könnte, wenn jeder allein Thäter, Prüfer
2635 2938 3284 3013 das Schauspiel trotz aller seiner
1536 2965 2606 3057 und Richter seiner eigenen Thaten wäre. Die Unbefangen¬
2639 2980 2830 3057 hinterläßt.
