3436 4256
115 213 217 306 8.
803 217 1217 303 box 14/3
252 217 650 306 Freiwild
2890 1498 2998 1555 me
742 1568 1545 1660 Kunst und Wissenschaft.
1705 1545 3008 1641 Zügen aus, das man froh war, den verdienstvollen Künstler am Ort und
1701 1635 3021 1676 wieder in Thätigkeit zu wissen. Die Herren Dr. Manning (Arzt and
338 1593 2903 1740 Residenztheater. Zum ersten Male „Freiwild, Schau=Wellner), Martini (Husarenlieutenant Vogel), Janda (Theater
468 1679 1265 1743 spiel in 3 Acten von Arthur Schnitzler.
1705 1705 2899 1759 director), Päts (Regisseur), Hungar (Komiker), waren durchwe¬
548 1711 2903 1797 Arthur Schnitzlers „Liebelei“ hat im vorigen Jahre am hiesigen vorzüglich. Selten hatten wir eine Aufführung mit einem derartig
472 1762 2909 1835 Residenztheater einen starken Eindruck gemacht. Auch das gestern ge=guten Zusammenspiel. Die weiblichen Kräfte standen diesmal mu¬
478 1813 3008 1877 gebene Stück erbringt den Beweis, daß wir in dem Autor ein starkes ihren Collegen nicht auf gleicher Höhe. Namentlich entbehrte die An¬
468 1851 1676 1896 dramatisches Talent kennen gelernt haben, mit dem unsere Bühnen
1701 1858 3008 1934 Naive des Fräulein Flora Garnow jeglicher charakteristischen Dir
472 1883 1874 1950 in Zukunft zu rechnen haben werden, wenn auch „Freiwild“ nicht Färbung.
468 1921 1682 1979 die Höhe der Tragik in „Liebelei“ erreicht. Das liegt einmal daran
1781 1909 2903 1991 Besonderes Lob verdient die Regie Alexander Rotters, der nament
468 1963 1679 2020 daß das letzte Stück im wesentlichen Tendenzstück ist und ferner daran
1705 1966 2903 2055 lich in der Inseenirung des 1. Actes wieder eine Musterleistung der
468 1998 2014 2077 daß die Tragik im „Freiwild“ sich um einen imaginären Begriff Regiekunst darbo¬
2539 2020 2877 2077 Max Wundte.
468 2042 1679 2122 dreht, während in „Liebelei" die Katastrophe sich aus dem Rein¬
1807 2033 3001 2112 Residenztheater. „Freiwild" bleibt bis Sonnabend auf dem Neu¬
468 2074 883 2135 Menschlichen entwickelt.
1701 2100 2944 2163 Spielplan. Sonntag beginnt Herr Wilhelm Wilhelmi ein Gastspie¬
548 2097 1676 2167 Den Anlaß zu dem Stück hat zweifellos die sattsam bekannt
1695 2141 2619 2221 in dem Volksstück „Annas Traum“ von L'Arronge.
468 2148 1679 2208 Brüsewitz=Affaire gegeben. Im Vordergrunde des Interesses steht
1819 2160 2903 2249 Eine Gesangs=Prüfung der Schülerinnen von Frau
468 2195 1676 2246 die Duellfrage, die natürlich eine Lösung nicht findet. Es wird sehr
1698 2211 2899 2291 N. Falkenberg fand gestern Dienstag Abend im Saale des „Musen
468 2240 1676 2291 viel pro et contra gesprochen, leider zu viel; die Handlung tritt sehr
1698 2253 3001 2307 hauses" statt und hatte sich hierzu eine zahlreiche distinguirte Zuhörer¬
468 2272 1676 2326 zurück. Paul Rönning verweigert das Duell, zu dem ihn Oberlieute
1705 2300 2998 2348 schaft eingefunden. Das etwas sehr umfangreiche Programm
468 2323 1679 2367 nant Karinski gefordert hat und wird, da Karinski keine Möglichkeit
1711 2345 2903 2399 (17 Nummern mit je 2 bis 8 Liedern) fand in allen seinen Theilen
478 2351 1676 2402 mehr sieht, sich für die ihm (allerdings auf seine Provocation hin
2922 2371 3008 2441 gen¬
1701 2387 2998 2460 die vortrefflichste Erledigung und bekundeten namentlich diejenigen
472 2396 1682 2444 angethane Schmach Genugthuung zu verschaffen, einfach wie Freiwild
1701 2425 2899 2473 Damen, welche zum ersten Male in dieser Prüfung auftraten, mit
475 2434 2899 2517 niedergetnallt. Ob dadurch nun die capute Ehre wieder zusammen-welcher Gründlichkeit an ihrer Ausbildung gearbeitet worden ist
478 2473 1676 2520 geleimt ist, darüber schweigt das Stück sich aus, jedenfalls hat der
1698 2488 3001 2539 Besondere Anerkennung verdienen die Damen Fräulein H. Schmidt,
468 2508 1679 2587 See gerast, er hat sein Opfer erhalten und Oberlieutenant Karinsk
2925 2524 3008 2578 schi¬
1698 2539 2899 2594 Miß Garswell, Fräulein Pfützner, Fräulein Sonntag, Frau Hofrath
468 2539 707 2600 ist befriedigt.
1701 2584 2899 2632 Gurlitt, Fräulein Jahn, Frau Dr. Böhm und Fräulein Klotz (sämmt¬
548 2559 1676 2645 Nebenbei setzt es noch einige hübsche Streiflichter auf Theater¬
2919 2590 3001 2654 alte,
1698 2616 2896 2667 lich Gesang), sowie Herr Illgen (Flöte). Aber auch alle übrigen
459 2606 1644 2683 zustände hinter den Coulissen, die sehr treffend und illustrativ sind.
545 2657 2893 2705 Wie bereits angedeutet, reicht „Freiwild" an „Liebelei" nicht Mitwirkenden ernteten den uneingeschränktesten Beifall der aufmerk
1698 2696 2899 2750 sam lauschenden Zuhörerschaft und darf Frau N. Falkenberg gewiß
472 2692 1673 2756 hinan. Es sind nicht allein die beiden oben angeführten Mängel
1692 2740 2893 2785 mit großer Genugthuung auf die wohlgelungene Veranstaltung
462 2743 1670 2794 die unser Urtheil bedingen. Das ganze Stück ist flüchtiger gearbeite
1695 2775 2903 2845 blicken. Die Clavierbegleitung führe in bekannt vorzüglicher Weise
472 2785 1673 2833 und läßt die feinsinnige psychologische Vertiefung vermissen, die den
1695 2817 2170 2877 Herr Clemens Braun aus.
472 2823 1670 2874 Schauspiel „Liebelei“ seinen unbestreitbaren Werth verlieh. Sehr un
478 2858 1437 2909 sicher und zerfahren ist auch die dramatische Exposition.
1768 2823 2995 2928 Bei Charlotte Wolter trat Herzbeutelentzündung und
548 2880 1666 2947 Das Spiel war gestern durchaus gut. Jeder stand auf seinen
1692 2903 2998 2963 auf. Die Künstlerin macht unbeschreibliche Qualen durch, ihre Auf¬
475 2915 2020 2986 Posten und gab sein Bestes zum Gelingen des Ganzen. Herr Carl lösung steht bevor.
472 2979 1670 3027 Witt aus Hamburg, der Bonvivantliebling unseres Publikums, der
1800 2954 2899 3036 Eine Verschwörung der Kritiker. Der Mailänder „Corriere
468 3001 2903 3081 voraussichtlich den Sommer über bei uns bleiben wird, gab den della Sera“, ein sonst ganz vernünftiges Blatt, ließ sich unterm
465 3036 2995 3119 Oberlieutenant Karinski mit sicherem, charakteristischem Spiel. Herr 23. Mai aus Berlin telegraphiren: Tamagno ist hier endlich „an sein
468 3097 2995 3158 Fritz Burmester hat sich (als Rönning) in unseren Augen wieder genommen worden, sogar von der Königlichen Intendanz. Er wird von
462 3142 3001 3193 völlig rehabilitirt. Das war gestern eine Leistung, auf die der Künstler morgen Abend im Opernhause als Prophet auftreten. Die Berliner hier
468 3177 3005 3237 stolz sein darf. Herr Carl Treptow bot als Freund Karinskis Kritiker bereiten sich darauf vor, ihn zu vernichten", aus Rücksicht And,
465 3221 3005 3279 eine liebenswürdige, tiefangelegte Figur. Herr Carl Friese stattete auf die Coterie der deutschen Sänger, die in Wirklichkeit fast sämmt¬ Fra¬
465 3256 2982 3355 sein echtes Wiener Gewächs, den Poldl, mit so viel charakteristischen lich mittelmäßig oder noch geringerer Gattung sind. — Das nimmt des
