3436 4192
199 121 314 216 8.
891 104 1297 205 box 14/2
467 118 709 219 wil-
2750 920 3367 1018 nach dem Austrie der genau
404 925 1361 1015 bildung und die mangelhafte Wirthschaftliche
412 931 2733 1055 Richtungen bedeutet die Novelle einen Fortschritt, und man müsse astronomisch meteorologischen Observatorium und
2767 994 3355 1049 und Mähren, sowie nach dem
1588 1015 2727 1075 fragen, ob der Minister nicht eine nachträgliche Creditforderung zur
412 1041 1559 1110 daher im Allgemeinen für sie einstehen. Das Fortbildungsschulwesen
2770 1035 3347 1101 Kärntner Abgeordneten Ghon
424 1052 2735 1147 ei eine der schönsten Blüthen der Organisation der Neuschule. Redner gedeihlichen Lösung dieser Angelegenheiten zu beanspruchen gedenke.
2773 1133 3367 1208 sich zu opfern, und stellt sich
1591 1144 2735 1222 zeichnet, und was uns vor Allem an dem Stücke gefiel, sie
424 1156 1562 1239 gebracht wird. Dorthin folgt ihnen auch der beleidigte Gatte.
2773 1179 3364 1254 Zweikampfe, als die Lösung
424 1190 2733 1274 Ueberrascht erkennt er in dem wirklichen König dessen ver= gehören alle zur Sache. Da sind keine Episoden=Figuren,
2776 1225 3375 1286 herbeigeführt wird. Dieser, ein
1594 1239 2733 1309 keine verzögernden Nebenscenen, es wird nicht ein Wort ge¬
412 1260 1557 1352 meintlichen Begleiter, der ihn, als er die Klage des Grafen
2773 1274 3375 1332 Arzt von Ruf, hat sich zuerst an
1606 1288 2741 1358 sprochen, das nicht zum Fortgang der Handlung oder zur
424 1300 1559 1381 vernommen, in Gnaden aufnimmt. In dem Augenblicke,
2770 1326 3373 1392 punkt des zweiten Freundes ge¬
1594 1337 2318 1421 Kennzeichnung der Personen beitrüge.
424 1346 1557 1424 da der Graf von Castañar den Beleidiger als einen Mann
2773 1369 3375 1430 wirklichen Sachlage gegenübersi
1689 1355 2741 1459 Wir befinden uns mitten in den Kreisen der bürger¬
438 1401 1562 1473 seines Standes erkannt hat, senkt er ihm den Dolch in die
2773 1412 3355 1476 kampfe verwundet und seelisch
1603 1433 2738 1502 lichen Gesellschaft, welche im Duell das Mittel zur Wieder¬
429 1444 1565 1528 Brust; denn, so ruft er wild und stolz, beleidigen darf ihn
2773 1464 3375 1533 verheirateten Freundin des jun
1600 1484 2738 1562 herstellung der Ehre erblicken. Aber hier steht das Duell in
429 1496 1574 1565 unter dem König Keiner: „Unter — nicht, wie hie und
2779 1510 3381 1580 der Kampf entstanden ist, lei¬
1600 1519 2735 1606 zweiter Linie; der Kampf um die Ehre wird durch eine zweit
432 1536 1571 1626 da falsch übersetzt wurde, außer — dem König Keiner" ist
2779 1557 3367 1623 niß preis. Er selbst hat
1608 1574 2738 1649 Frage verwickelt. Ein Mann sieht sich in seiner Stellung
432 1580 1571 1657 auch der eigentliche bezeichnende Titel des Originals: „Del
2779 1600 3384 1678 die durch seine Schuld die Frau
1606 1620 2744 1692 und in der Aussicht auf die Hand eines angesehenen Mäd¬
429 1629 1574 1706 Rey abajo ninguno. So unerfreulich für unsere heutige
2776 1643 3384 1721 wurde, einen Treubruch auf de
1606 1666 2735 1735 chens bedroht durch einen einstigen Freund, der mit zwee
432 1678 1577 1750 Anschauung die Voraussetzungen waren, so wirkte das
2784 1706 3390 1758 ihn durch einen Wortbruch, der
1614 1709 2735 1781 Anderen Mitwisser schimpflicher Handlungen seiner Jugend
435 1730 1574 1804 Drama, welches uns erst den Charakter der spanischen
2776 1744 3396 1810 aus seelischer Bedrängniß rettet
1614 1758 2735 1828 ist. Sie gaben einander damals, als der Schaden, den sein
435 1773 1565 1853 Despotie der Philipps verständlich macht, doch packend, und
2787 1787 3381 1851 führt. So wie Sudermann in
1611 1804 2747 1885 Unredlichkeit angerichtet hatte, gutgemacht war, zu seinen
435 1819 1577 1905 der leidenschaftliche Castañar Matkowsky's, die reizvolle
2790 1839 3387 1897 Arten Ehre gibt, so beweist Ho
1617 1856 2756 1926 Gunsten das Ehrenwort, jene Dinge für immer begraben
444 1868 1571 1949 Blanca der Frau v. Hochenburger, welche den abweisenden
2784 1879 3390 1957 pfändung der Ehre ihre verschie¬
1620 1902 2744 1975 sein zu lassen. Jener Eine von ihnen, eine tief edle Natur,
444 1914 1574 2000 Stolz und die Anmuth der Spanierin trefflich zu vereinen
2782 1934 3378 2000 dabei ein bedeutendes Wort ein,
1614 1951 2750 2021 ist empört darüber, daß dieser Mensch, den er trotz des
450 1975 1415 2058 pußte, sind erwünschte Bereicherungen der Bühne.
2782 1980 3378 2041 Teja sagen läßt: „Für das, wo
1611 2000 2753 2078 gegebenen Ehrenwortes verachtet, der Gatte des Mäd¬
2782 2026 3384 2093 was aus mir werden kann, das
536 2006 1580 2087 In die moderne Sphäre führte uns Otto Erich
1614 2041 2750 2116 chens werden soll, dem er selbst früher eine reine
2782 2075 3373 2139 übernehmen". Die Charaktere
447 2064 1585 2145 Hartleben's vierartiges Schauspiel „Ein Ehrenwort" im
1617 2093 2756 2173 und, wie er meint, selbstlose Neigung widmete.
2796 2116 3384 2176 sind eben Menschen des wirkli
447 2113 1574 2188 Schiller-Theater, unseres Erachtens eines der besten Dramer
1620 2139 2750 2208 Er beschimpft den Nebenbuhler vor der Familie,
2790 2162 3384 2222 Gutem und Schlimmen zusamm
453 2159 1582 2234 der letzten Jahre, von dem es kaum zu verstehen ist, daß
1611 2185 2750 2254 in welche dieser eintreten soll, sieht sich aber durch sein
2787 2211 3387 2271 der ethischen Schablone die Wirkl.
447 2205 1585 2277 der Verfasser jahrelang vergebens damit an die Thüren
1617 2240 2756 2326 Ehrenwort gehindert, die Gründe seines Verhaltens aufzu¬
2784 2263 3387 2338 kennen lehrt. Im Schiller-Theate
447 2254 1585 2329 der hiesigen Theater geklopft haben soll. Nichts ist darin,
1620 2280 2759 2349 klären. Der Andere pocht dagegen höhnisch auf das Wort,
2793 2312 3373 2367 dargestellt, ganz besonders war
450 2294 1585 2375 was etwa Sitte oder Anstandsgefühl im entferntesten ver¬
1620 2323 2750 2392 welches seine früheren Freunde zu seinen Gunsten binder
2787 2352 3393 2410 respectirende Assessor des Herr
447 2352 1585 2421 letzen könnte. Hartleben, ein junger Mann von 32 Jahren
1629 2384 2756 2444 Hier läßt uns nun der Dichter einen Blick in das Seelen¬
2796 2398 3387 2473 Figur aus Einem Guß, wie ma
455 2390 1580 2476 gilt zwar als eines der Häupter unserer Naturalisten und
1626 2418 2756 2490 leben dreier Männer thun, die Alle durch das gleiche Wort für
2799 2444 3381 2514 sieht, der richtige „Commang
453 2441 1568 2519 er hat in seinen ersten Dramen, besonders in „Angèle
1626 2465 2767 2542 einen Unwürdigen gebunden sind, ohne daß es jedoch für
2793 2493 3390 2554 Semester in meiner Nähe sich
455 2485 1594 2560 und „Hanna Jagert" gewagte Stoffe behandelt und eine
1623 2514 2761 2577 Jeden von ihnen die gleiche bindende Kraft hat. Derjenige,
455 2534 1594 2606 tecke Sprache geführt, aber stets kennzeichneten ihn ein über¬
2885 2542 3361 2620 Sudermann's „Fritzchen"
453 2560 2759 2661 legener, satirisch angelegter Humor und eine kühle Herr, der die edelsten Motive hat und den Kampf zwischen sein
2796 2577 3381 2658 actiges Drama „Freiwild", der
1623 2606 2764 2678 Worte und der Gefahr, welcher ein geliebtes Wesen dadurch
455 2626 1594 2701 schaft über Form und Stoff. Diese Eigenschaften beweist er
2796 2643 3390 2701 Theaters, haben manches Ver
1626 2649 2761 2724 ausgesetzt ist, am ehrlichsten kämpft, muß sich doch ge¬
453 2678 1606 2747 auch in seinem neuen Stück, in welchem er aber auf alle
2796 2692 3393 2753 einmal thätlich beschimpft, oh
1637 2698 2761 2779 stehen, daß neben der Verachtung für den niedrigen Geg¬
458 2721 1594 2802 gepfefferten Beimengungen verzichtet. Es spielt in der
1626 2733 3398 2813 ner der selbstische Beweggrund der Liebe sein Verhalten nicht weiter leben kann, spielt in
461 2770 1600 2851 besten Gesellschaft, und seine Personen sprechen eine gehalt¬
2793 2784 3370 2857 liche, aber zugleich in jedem
1629 2796 2764 2874 leitet. Ihm sicht als der zweite Mitwisser ein junger Be¬
467 2816 1600 2894 volle und gebildete Sprache, die sogar stellenweise nicht ganz
2799 2828 3390 2894 In „Fritzchen" liegt die Beschi¬
1629 2839 2764 2908 amter, der Mann strengster Form und peinlichster Correct¬
461 2865 1603 2932 von Papierstyl frei ist. Der Conflict, den es behandelt, die
1629 2874 3390 2957 heit, gegenüber, der bei allen Sympathien für den Freund vor dem Drama selbst. Der
467 2908 1603 2983 Gestalten, welche seine Träger sind, gehören dem wirklichen
2796 2920 3390 3015 Aufgabe gestellt, die furchtbare
458 2937 2767 3076 Leben an, sind mit wahrem psychologischen Scharfblick ge¬ dessen Verhalten verurtheilt. Schon ist dieser im Begriff,
