3436 4448
215 193 748 307 8. Freiwild
904 207 1326 319 box 14/3
2133 815 2974 915 -
504 800 1689 933 Die Entscheidung des Appellationsgerichtshofes in Alexandrien
3004 859 3337 941 durch den Vertrag
1711 863 2974 978 nehmenden Action behufs Lösung der türkischen Krise zu versagen.
400 878 1685 978 sachen der für die Dongolaexpedition verwendeten Reservegelder
3007 922 3344 985 lische Handel werd
1715 937 2970 1007 Die russische Regierung kann demnach erst nach einer allseitig be¬
3011 970 3348 1030 schreibt: „Während
422 956 3359 1126 it is een een der sie angelegenheit daran denken sal stand eine ge=
911 1074 1189 1178 Lobetheater.
1707 1093 2974 1163 durch ihr Beklatschen der Ohrfeige eine Demonstration gegen den Mili¬
3011 1100 3344 1174 schlechteren Natur
1715 1137 2974 1204 tarismus zu insceniren glaubten, fällt es schwer eine parlamen¬
763 1122 1341 1207 „Freiwild." — „Opus I."
3004 1152 3344 1222 Natürlichkeit des
1711 1185 2974 1270 tarisch zulässige Bezeichnung zu finden. Den Dichter und sein
3011 1204 3352 1267 zwanglos und fr
500 1167 1678 1278 Zum zweiten Male bereits in dieser Spielzeit ist Dr. Arthur
1707 1230 2970 1311 Werk soll man dafür nicht verantwortlich machen. Den bei der
3019 1244 3330 1315 süchtigen Spieler
400 1226 1678 1322 Schnitzler, der jüngste und erfolgreichste der wiener dramatischer
1715 1278 2974 1348 Aufführung von „Liebelei" ihm nachgerühmten Vorzug, daß er die
3007 1300 3352 1352 spielerisch schwäch
404 1293 1682 1374 Dichter, nun auf der Bühne des Lobetheaters zu Wort gekommen.
1711 1322 2974 1415 Verschuldung auf beiden Seiten gerecht vertheile, zeigt auch sein
3007 1344 3348 1411 Kameraden zur
400 1341 1682 1426 Das Auftreten der gleichen Schauspieler in den nahe verwandten
1707 1370 2085 1452 neuestes Schauspiel.
2996 1389 3348 1463 Vogel, der an He
404 1389 1682 1463 Rollen von „Freiwild“ und „Liebelei“ fordert den Vergleich zwischen
1800 1400 2967 1493 Oberlieutenant Karinski — der deutsch-österreichische Dichter
3007 1437 3348 1500 der Oberlieutena
404 1433 1678 1507 den beiden dreiactigen Schauspielen noch stärker heraus, als er
1696 1456 2967 1548 hat wohl nicht ohne Absicht grade für diese Gestalt einen slawischen
3000 1489 3352 1552 seiner Gerechtigket
404 1489 1682 1563 ohnehin durch manche Parallele in der Dichtung begründet ist.
1704 1515 2963 1593 Namen gewählt — ist wegen mancher Dinge, die er auf dem Kerb¬
2996 1530 3352 1596 und Mensch das
404 1533 1678 1604 Die Gegenüberstellung der beiden Mädchencharaktere, der tief empfin¬
1696 1567 2967 1637 holz hat, bereits auf dem Sprunge, als er wegen einer jungen
2993 1585 3359 1644 Regimentskamerade
393 1574 3367 1693 denden Unglücklichen (Frl. Niedt) und des leichtfertigen Alltags=Schauspielerin, die ihn zurückweist, einen Streit mit dem Beschützer über kann man
407 1630 1670 1704 geschöpfes (Frl. Jurberg), wie der beiden Männer, des trotz seiner
1700 1659 2959 1722 der kleinen Anna Riedel vom Zaune bricht. Wenn dieser Beschützer
3004 1670 3352 1733 füglich nicht reden.
393 1678 1667 1748 ernsteren Anlage zur Liebelei Verleiteten und des oberflächlichen
1707 1700 2967 1785 Paul Rönning, nun aber meint, die Sache sei mit der Ohrfeige
2993 1722 3352 1778 Abweisung Rönnin
396 1722 1663 1793 heiteren Genußmenschen (Herr Höfer), kehrt in beiden Stücken nu¬
1700 1759 2963 1826 abgemacht, er brauche sich mit einem so schlechten Menschen wie
2996 1774 3348 1837 rein menschlich k.
396 1770 1667 1844 unter geringer Verschiebung wieder. Es ist eine bestimmte technische
1696 1793 2963 1870 dieser Karinski nicht zu schießen, so wirft der Dichter wohl eine
2993 1811 3337 1885 Beifall bei offenen
393 1819 1663 1893 Grundlage, auf welcher der bühnenkundige Dichter beide Male das
1693 1841 2959 1919 Frage auf, er nimmt aber nicht Partei. Es ist gewiß sehr schlimm
2993 1863 3337 1930 keineswegs leichte
393 1867 1659 1944 Gerüst seines Dramas aufrichtet. Aber in seinem zweiten Schau
1696 1889 2959 1959 daß ein Vertheidiger des Rechtes wegen seiner ehrenwerthen Hand¬
2985 1911 3352 1974 wahr durchgeführt
407 1911 1663 1985 spiele zeigt sich alles voller und reicher ausgebildet. Die Absichten
1696 1941 2956 2011 lung von einem frivolen Raufbolde bedroht werden kann. Aber
2978 1956 3344 2019 manchen Guten,
393 1959 1670 2033 des Verfassers sind hier auch fest und bestimmt durchgeführt. Aus
1700 1989 2959 2052 wenn dieser Karinski nicht k. k. Offizier, sondern mit seinen Tem¬
2985 2000 3344 2070 lungen ist. In der
393 2007 1663 2085 den einzelnen Personen sind Gruppen geworden, in denen eine
1685 2033 2963 2100 peramente ein Arbeiter oder Hausknecht wäre, so würde er die
2996 2048 3356 2107 Herr Botz erst im
396 2056 1663 2126 Reihe verschiedener Charaktere, alle mit gleicher Lebenswahrheit ge¬
1689 2082 2956 2152 Beschimpfung, die er durch die körperliche Züchtigung erlitten hat,
2989 2096 3356 2163 da gelang ihm abe
396 2100 1663 2170 zeichnet, hervortreten. Die komischen Scenen wechseln nicht nur
1693 2130 2952 2204 ganz gewiß ebenso zu rächen suchen, dem Vertheidiger der Unschuld
2985 2152 3356 2219 Marx wird sich hüt¬
396 2159 1656 2219 geschickt und ungezwungen mit den ernsten ab, sondern bilden wirk¬
1689 2185 2956 2256 auflauern und ihn mit einem Knüttel niederschlagen oder mit einem
2974 2185 3363 2256 zufragen; sein am
393 2200 1656 2270 lich den unentbehrlichen Hintergrunde der Handlung selbst. Die
1689 2219 2952 2296 Messer niederstechen. Das liegt, man mag es noch so sehr bedauern,
2978 2237 3348 2304 komische Charakter
389 2241 1130 2304 Satire über das Theaterwesen birge
1189 2256 1659 2322 humor voll lustigen
1693 2270 2956 2337 in der menschlichen Natur, und es scheint doch äußerst fraglich, ob es
2978 2285 3348 2356 Rönning's Freund¬
393 2274 1648 2367 Einkleidung eine scharfe Spitze. Der Dichter versieht es, innerhal¬
1685 2315 2952 2389 jemals gelingen wird, diese Natur so weit zu veredeln, daß
2985 2333 3352 2407 so steht der ernster
393 2337 1648 2407 der einer Dichtung gezogenen Grenze die socialen und künstlerischen
1682 2367 2944 2441 derartige traurige Vorkommnisse sich nicht mehr ereignen. Wenn das
2978 2382 3352 2441 über. In der Un
389 2382 1652 2456 Uebelstände unseres Bühnenwesens zu verurtheilen. Vorgänge wie
1696 2411 2952 2478 Gigerl Poldi (Herr Marx) ein sehr naher Verwandter des duell¬
2974 2430 3344 2493 hammer ein weni¬
389 2430 1648 2507 die in dem Stücke geschilderten, daß der Director des „Kunst
1693 2459 2915 2533 süchtigen Reservelieutenants aus Sudermann's „Ehre", den „Codex
2978 2474 3344 2548 vortrefflich gespielt
389 2482 1656 2556 instituts eine junge Schauspielerin als unbrauchbar entläßt, um
1685 2507 2941 2578 nach dem Streitigkeiten ordnungsmäßig geschlichtet werden, der
2985 2526 3307 2593 Freundes versetzt.
385 2526 1648 2607 sie dann für das halbe Geld für die gleichen Rollen wieder an
1693 2552 2952 2622 Selbsthülfe gegenüber als Sicherungsmittel anpreist, so klingt das
2978 2570 3319 2637 gemein hat, das
389 2582 1648 2648 zunehmen, sollen durchaus nicht nur in Sommertheatern kleinen
1678 2607 2941 2670 aus diesem Munde sehr komisch. Aber wenn man mit Pau
2974 2615 3348 2682 leidigung als unver
389 2626 2944 2722 Badeorte sich abspielen. Der Dichter hat auch den Titel seines Rönning das Zuschlagen für nothwendig und selbstverständlich an¬
2978 2667 3348 2733 bleibt, wenigstens
385 2674 1648 2748 Stückes weiter gefaßt, als die tendenziöse berliner Kritik erkennen
1693 2696 2941 2767 sieht, so muß man sich doch auch sagen, daß der Geschlagene das
2978 2719 3326 2778 zusetzen. Freilich
381 2719 1648 2793 wollte. „Freiwild“ ist nicht nur der dem Offizier das Duell ver¬
1678 2741 2944 2811 in irgend einer Weise zurückzugeben suchen wird, und da ist eine
2974 2759 3341 2815 treffen seines unkle
381 2767 1648 2844 weigernde Civilist, als „Freiwild" für das freche Begehren der
1682 2800 2911 2863 gewisse Regelung von Schlag und Gegenschlag durch den „Code
2970 2811 3344 2885 Rächer seiner beleit
374 2807 2933 2915 Herren aus der „Gesellschaft“ und des Herrn Theaterdirectors vielleicht doch nicht so ganz lächerlich. Der Dichter läßt, und dami
3063 2859 3344 2926 Den Ueberga¬
378 2870 1652 2956 erscheinen auch die jungen Mädchen, die von der Noth gezwungen
1678 2889 2944 2959 verfährt er eben als Dichter, die Gründe für und wider Rönning's
2967 2878 3341 2974 Theater völklein ver
370 2911 1589 2982 werden, durch Auftreten auf der Bühne ihr Brot zu verdienen.
1678 2933 2933 3004 Ablehnung des Zweikampfes ganz aus den Personen und der
2967 2948 3341 3022 leidigung durch K
470 2963 1644 3026 Es ist ein für die künstlerische Beurtheilung leicht störenden
1678 2982 2926 3052 Handlung heraus sich entwickeln. Und er läßt seinen Helden, de
2963 3000 3341 3063 letzten Scene, in
374 2978 1644 3089 Uebelstand, wenn auch ein glücklicher Zufall für den Kassenerfolg
1674 3030 2933 3100 kein Duell eingehen, aber doch dem wüthenden Gegner mit der
2967 3044 3333 3107 liebten zum Verlas
378 3052 1637 3119 des wirklich bedeutenden Stückes, daß manches darin herte als un
1682 3074 2922 3148 Pistole entgegentreten will, echt menschlich inconsequent handeln
2970 3096 3341 3148 Niedt etwas leider
374 3107 1641 3178 mittelbare Anspielung auf den beklagenswerthen Vorgang in
1670 3119 2933 3200 Das verleiht dem Stücke in der That eine so große Anziehungskraft.
2974 3141 3341 3207 Scenen ließ sich ka¬
378 3152 1637 3219 Karlsruhe wirken muß, obwohl Schnitzler's Drama bereits vorher
1778 3170 2933 3241 Fragen und Verhältnisse, die heute nun einmal überall vor¬
2970 3196 3330 3263 als die junge, t.
374 3200 1652 3270 vollendet worden ist. Nicht gegen die interessante, bis zuletzt
1674 3200 2933 3304 handen sind und die Gemüther aufs heftigste bewegen, tauchen in
2963 3233 3333 3293 ging wirklich ein
378 3241 1637 3319 fesselnde Dichtung richtete sich das vereinzelte Zischen beim Schluss
1674 3263 2930 3337 den ernsten wie in den komischen Scenen fortwährend vor uns
2963 3289 3333 3352 Rönning uns von
367 3300 1633 3367 des ersten Aufzugs, sondern gegen den widerlichen Parteifanatismus
1670 3315 2937 3396 auf. Aber es werden dabei nirgends von der Bühne herab
2974 3330 3341 3393 schuld ergriffen fühl
374 3341 1648 3415 mit dem ein Theil des hiesigen Premièrenpublikums seiner Freude
1670 3367 2926 3433 Tendenzreden ins Publikum gehalten, wie Graf Trast, Fulda
2967 3378 3337 3452 seine Ehre kämpft
370 3389 1644 3459 Ausdruck gab, als Oberlieutenant Karinski (Herr Kühns) von
1685 3407 2926 3474 „Sclavin", und wie sonst die verschiedenen Sprachrohre ihrer Ver¬
2967 3422 3341 3493 sucht, steht die fes¬
370 3437 1648 3504 dem Civilisten Paul Rönning (Herr Botz) einen Schlag ins
1682 3463 2926 3526 fasser sich nennen, gethan haben. Nein, es sind lauter wirkliche,
2967 3470 3344 3544 Frl. Jurberg's un
378 3485 1644 3548 Gesicht erhielt. Die That ist im Gange der Handlung durchaus
1682 3504 2926 3570 selbständig ohne Ziehen am Draht sich bewegende Menschen, von
2959 3519 3307 3582 ähnlichen Rollen
367 3533 1644 3615 begründet. Aber für den Geschmack und Takt jener Zuschauer, die
1670 3541 3344 3644 denen jeder nach seinem Empfinden, aus seiner besseren oder Tone zu halten wur
622 3648 1667 3822 Jener /
