3484 4256
185 214 687 307 8. Freiwil¬
874 217 1293 320 box 14/4
641 1167 1060 1261 Die Bühnen.
664 1242 1024 1316 Schiller=Theater.
364 1266 1409 1351 Aus dem älteren Bestande des Deutschen Theaters hat
276 1323 1411 1390 das Schiller=Theater Arthur Schnitzlers wohlbekanntes
286 1376 1406 1434 Schauspiel „Freiwild“ übernommen und gestern zum ersten
288 1424 1418 1480 Mal zur Darstellung gebracht. Man schlug einen ruhigen Ton
279 1461 1413 1521 des bürgerlichen Lebens an, wie denn auch Schnitzler in präciser
286 1503 1415 1565 Kürze und ohne den Kraftverbrauch des üblichen Ueberzeugungspathos
286 1549 1415 1607 das kniffliche Duell=Thema den Zuschauern zurecht legte. Nicht
286 1590 1418 1650 auf eine Sensation, sondern auf die nüchterne Klarheit
238 1637 1415 1719 des besten Lebens sind die dichterischen Absichten dirigirt
286 1681 1413 1742 und in diesem Sinne ging die gestrige Darstellung auf richtigem
263 1704 1581 1800 „Wege, wenn auch nicht überall die Gestalten und feingezeichneten clusive
1445 1752 1556 1798 Porto.
258 1770 1568 1837 „Charakter ihrem vollen Inhalt nach erschöpft wurden. So wenig aber
261 1812 1418 1883 „laut und aufdringlich Schnitzler operirt, so sehr eindringlich
1457 1826 1590 1892 Voraus.
288 1856 1418 1916 und haarscharf beobachtend betreibt er seine Aufgaben,
1468 1900 1609 1969 ist das
207 1897 1424 1964 Abonund dazu bedarf es stellenweise eines intensiveren Stu¬
201 1948 1620 2008 Abondiums, als es in diesem Falle aufgewandt wurde. Das Frei¬ t es den
291 1991 1461 2052 wild sind bekanntlich die Damen einer Sommerschmiere, auf.
295 2033 1432 2089 welche die Herren Offiziere Jagd machen. Die neuangeworbene
201 2054 1613 2128 Inha jugendliche Naive will sich nun nicht mit auf die leichtlebige Altend die
205 2125 1609 2174 du Seite legen, der Korpsgeist hat sie noch nicht angesteckt, weil eine Orgen¬
205 2153 1611 2227 ernsthafte Liebe in ihrem Herzen keimt. Natürlich, je spröder sie Zeitung")
306 2188 1604 2268 thut, um so eifriger wird sie aufs Korn genommen und da geschieht die Leben
1450 2225 1609 2296 heilungen
201 2245 1427 2316 der Zusammenstoß des frech pürschenden Offiziers und des
304 2287 1436 2349 Beschützers der naiven Dame. Der Civilist verweigert dem Offizier
304 2342 1432 2395 das Duell, auch dann noch, als ihm in einer merkwürdigen Szene
306 2383 1431 2444 dargethan wird, daß seine Weigerung eine Cavalier=Existenz total
306 2437 1436 2487 vernichte. Es kommt kein Kompromiß zu Stande, so muß denn die
318 2469 1438 2531 fatale Situation gewaltsam explodiren, der Civilist bleibt als
316 2515 1438 2579 schmählich todtgeschossener Mann auf dem Platze. Das ist ein
304 2552 1436 2621 wenig hart gebüßt, aber er wollte auf die Warnungen nicht hören.
313 2600 1443 2662 Herr Peschke stellte diesen starrsinnigen und querköpfigen Todes¬
309 2642 1439 2713 kandidaten als einen bläßlich abgedämpften und unartikulirten
313 2688 1439 2754 Schemen auf die Bretter. Man hat bei ihm das Gefühl,
313 2745 1457 2787 als ob er aus bornirter Indolenz zu keinem klaren Gedanken
1353 2773 1448 2837 hatte
314 2771 1288 2840 komme. Marianne Wulf, die spröde Naive,
316 2810 1445 2890 sichtbarlich eine Ahnung, mit wie diskret zarter
318 2863 1443 2932 und zierlicher Feinheit eine Schnitzler Figur zu
316 2905 1445 2966 erfassen ist, aber auch sie blieb auf halbem Wege stecken, weil sie
316 2955 1447 3010 vielleicht nicht in die Rolle hineinkünsteln möchte, was ihr von
316 2996 1447 3063 Natur aus nicht bequem liegt. So ein halbes Spielen
316 3038 1439 3105 und Andeuten ist auf jeden Fall klüger und künst¬
321 3084 1447 3151 lerischer als ein eigensinniges Erzwingenwollen. Ferdinand
321 3126 1445 3197 Gregori dürfte an der interessanten und vom Dichter
321 3169 1452 3239 tieferfaßten Persönlichkeit des Oberleutnant Karinski
327 3216 1452 3280 nichts schuldig geblieben sein. Der vulkanische, dämonisch¬
325 3268 1447 3321 soldatische Untergrund, der in der faulen Friedenszeit mangels
325 3305 1457 3370 kriegerischer Bethätigung allerlei Eruptionen und Unarten hoch¬
330 3352 1452 3414 stößt, war an dem gestrigen Karinski ausgiebig vorhanden, aus
330 3398 1462 3465 diesem nicht unedel talentirten Naturell ging der leidenschaftlich
330 3439 1455 3499 gewaltsame Ausgang der Affaire ganz natürlich und zwanglos
330 3480 1459 3540 hervor. Unter den übrigen Darstellern mag noch der dreifach in
330 3529 1466 3585 Nichtswürdigkeit gesalbte Sommertheater=Direktor des Herrn
330 3564 1470 3637 Pategg und der trottelhaft gemüthliche Husarenleutnant des
330 3614 1461 3691 Herrn Patry erwähnt werden, in beiden Gestalten pulsirte das
1302 3653 1418 3718 M.
321 3658 1258 3743 echte Leben, gesehen durch das Prisma des Humors.
1870 2137 2812 2247 Theater, Kunst u. Wissenschaft.
2199 2234 2764 2305 Berlin, Dienstag, 15. Januar.
1922 2263 2833 2354 el. Die Duelfrage, die heute die Herren im stolzen
1862 2333 2831 2393 Reichstagsbau beschäftigt, wurde gestern im Schiller¬
1862 2381 2828 2448 Theater behandelt, wo man Arthur Schnitzlers
1862 2427 2835 2490 „Freiwild“ zum ersten Male aufführte. Vermochte
1862 2478 2833 2538 man auch auf der Bühne in der Wallnertheaterstraße
1870 2526 2840 2582 nicht die seinen intimen Wirkungen herauszubringen, wie
1727 2568 2835 2648 Für 50f. Z. im Deutschen Theater, so war die zahlreiche Zu¬
2897 2589 3064 2667 inclusivo
1807 2611 2833 2678 100schauerschaar nicht minder gefesselt. Der chen Maler
2909 2651 3040 2694 Porto.
1750 2660 2833 2727 „ 200 Paul Rönning, der wegen eines von ihm als falsch ge¬
2893 2688 3050 2739 Zahlbar
1745 2701 2833 2769 „ 500 haltenen Ehrbegriffs sein Leben nicht aufs Spiel setzen
2879 2718 3080 2787 im Voraus.
1747 2747 2831 2801 „ 1000 will und doch voller Muth und Entschlossenheit ist, gab
1819 2784 3093 2854 Im Herr Georg Paschke. Es lag etwas Verträumtes in mitte ist das
1703 2838 3098 2920 Abonneme, einem Wesen, so daß man an seinen Kampf gegen steht es den
2856 2883 2950 2934 dern.
1701 2886 2830 2941 Abonnent, Standesehre nicht recht glauben kann. Frei¬
1883 2930 2828 2996 lich fällt dieser Fehler der Darstellung wesent
1703 2941 3100 3049 Inhaltsanlich auch dem Dichter zur Last, der seinen Duellenthaltend die
2886 3010 3096 3059 Morgen-
1703 3031 2833 3091 blütte gegner mit einer gewissen Halbheit belastete. Der Ober¬
2858 3047 3077 3096 ner Zeitung
1701 3064 3091 3130 wodurch eleutnant Karinski des Herrn Ferdinand Gregori sah aftliche Leben
1701 3123 3098 3176 des In- gar zu sehr nach einem theatermäßigen Intriganten aus; Mittheilungen
1701 3160 2847 3218 werden in man vermißte das unüberlegte, aber im Grunde nicht
1874 3213 2842 3278 bösartige Draufgängerthum, das seine Kameraden an ihm
1874 3252 2840 3315 rühmen. Frl. Marianne Wulf war als die Naive Anna
1874 3298 2845 3366 Riedel, die dem anmaßenden Oberleutnant als Freiwild
1874 3344 2847 3405 gilt, in ihrer sprüchen Tugend von einer Zurückhaltung,
1879 3386 2851 3449 die an Beklommenheit grenzte. Auch ihre Liebe für
1883 3432 2844 3497 Rönning, der ja schließlich um ihretwillen erschossen wird,
1872 3481 2845 3547 wagt sich nur sehr schüchtern hervor. Nicht übel waren
1874 3527 2840 3593 die Nebenfiguren, so Herr Erich Kaiser als Ober¬
1872 3573 2849 3646 leutnant Rohnstedt und Herr Albert Patry, in dessen
1876 3616 2845 3684 Händen auch die treffliche Regie lag, als Husarenleutnant
1872 3665 2852 3723 Vogel. Seinen Sommertheaterdirektor Schneider stattete
1876 3706 2851 3785 Herr Pategg mit drolligem Humor aus. Die Kollegen
1874 3752 2854 3817 von der Bühne — die Herren Schmasow, Zollin
1874 3801 2854 3888 und die Damen Ernst und Storm - waren von herz¬
1879 3857 2314 3928 erfrischender Natürlichkeit.
