3484 4384
148 168 457 254 8. Fre
836 133 1250 254 box 14/2
324 172 680 258 d
379 945 875 1027 Breslau versetzt worden.
1750 953 2867 1043 Homburg v. d. Höhe, 4. November. (W. T. B.) Der Vor¬
2938 977 3246 1066 Meldungen
148 984 355 1059 die
1645 1023 2859 1082 stand der Tennis=Turniere der aktiven Offiziere der Armee und
492 1016 1609 1082 Karlsruhe, 2. November. [Die ärztliche Be¬
152 1039 344 1102 reten hat
3008 1043 3246 1102 Saarbrücke
1633 1062 2863 1125 Marine hat beschlossen, das nächstjährige Turnier wieder in Bad
375 1066 1605 1137 handlung des Großherzogs wird, wie die „Karls
266 1086 348 1141 al
2875 1074 3250 1176 zesse des Hofpredi
379 1105 2805 1184 ruher Zeitung" mittheilt, von dem Professor Dr. Fleiner aus Homburg abzuhalten. Der Beginn ist auf den 20. Juli festgesetzt.
156 1117 242 1195 ihre
2891 1230 3227 1301 sind zwei fertig,
1645 1238 2871 1312 gerade versagt unser Glaube an die Wahrheit des Vorganges, so daß
383 1250 1613 1328 ist, um seinen Abschied einzukommen. Der Maler Rönning ist ein
2891 1277 3277 1340 in allen Theilen
391 1297 2262 1363 reicher, gebildeter, lebensfroher Mann, dem das Leben doppelt schön der Verfasser seinen Zweck verfehlt.
1754 1301 3250 1387 Doch genug davon. Die meisten Zuschauer hielten das Schau= bereits ausgeführt,
387 1344 1613 1395 erscheint, da er eben von einer schweren Krankheit genesen und ver¬
1648 1355 3266 1430 spiel für ein Tendenzstück, das gegen das Duell und gegen den Offi¬ hofe der Brüder Glas
141 1387 1625 1445 von Arthur liebt ist. Er will sein Leben nicht aufs Spiel setzen und lehnt ein
141 1398 3262 1480 mil Lessing. Duell mit jenem Nichtswürdigen ab. Er habe nur einen Buben zierstand gerichtet sei. Zum Schluß schrie die Galerie: „Karlsruhe! Eisenschienen in ei¬
2891 1434 3266 1488 Seiten des Posame
391 1441 2867 1520 wie einen Buben gezüchtigt, und ihm seine Ehre wiederzu= Karlsruhe!" Nun ist das Stück ja viel älter, als der Fall Brüsewitz
148 1477 367 1531 de Fragen
2898 1473 3254 1539 eines geräumigen.
1648 1480 2875 1539 und eine Aehnlichkeit mit diesem liegt nicht im entferntesten vor. Auch
398 1496 1613 1562 geben, dazu fühle er keine Verpflichtung. Als ihm dann ge¬
2895 1512 3262 1570 reits gegossen. Die
141 1512 371 1570 zusicht nach:
1641 1520 2867 1578 hat der Zivilist seine Freunde vom Zivil gegen sich, der Offizier sein
395 1535 1617 1598 sagt wird, Karinski wolle mit dem Duell nur der Forn
156 1555 367 1605 parteilichkeit
1645 1551 3262 1621 Kameraden. Aber für so seine Unterscheidungen hat die Galerie kein „Wilhelm der Groß
387 1574 1617 1637 genügen und werde an ihm vorbeischießen, — ich weiß nicht
145 1590 359 1645 schlichen ent
1652 1598 3273 1656 Organ. Sie sah vielleicht nicht einmal die kleine Pistole in der Hand bis 1888. Darunte
141 1609 1621 1680 tritt er aus ob hier österreichische Sitten geschildert werden, — wird er sarkastisch
1645 1637 3250 1695 des Zivilisten. So wird denn Herr Schnitzler nicht verhindern können, Ordens. Die auf
398 1648 1625 1707 und bleibt bei seiner Weigerung. Ein Freund will ihn nun überreden,
1645 1652 3277 1734 daß er unter die Sensations=Spekulanten gerechnet wird — und daran Worte: „Aus Dank¬
402 1691 1621 1750 schnell abzureisen. Der Maler ist naiv genug, erst noch zu fragen
2902 1699 3273 1777 Inschrift ist die Kett
152 1699 371 1762 neues Stück
1652 1715 2879 1777 ist der zweite Akt Schuld, der nur eine Abhandlung in Dialogform,
398 1730 1625 1785 warum. Als er erfährt, daß Karinski ihn unter allen Umständen
3020 1750 3273 1816 — Professo
156 1762 367 1812 deln, aber
395 1762 2035 1844 tödten müsse, sucht er selbst mit ihm zusammenzutreffen, um nicht als kein Stück Drama ist
141 1797 371 1852 einfach zu¬
1766 1770 3270 1848 Neben der Duell=Geschichte läuft eine kleine Handlung her, der seit Jahren als
398 1809 1629 1863 Feigling vor sich selber dazustehen. Er hat eine Pistole zu sich gesteckt,
137 1832 367 1895 n ein noth¬
1652 1828 3273 1891 deren Milieu das Personal eines Sommertheaters bildet. Ihr Zweck Schulen des Vereins
145 1848 1625 1918 das kleinere denn er will sich vertheidigen. Die Begegnung findet statt, Karinsk
1652 1867 3273 1930 ist nur, die Spannung gelegentlich zu unterbrechen und dadurch zu amt aufgegeben und
410 1883 1621 1945 fordert dreimal Genugthuung, und als ihm diese verweigert wird, er
2906 1902 3273 1969 gegründet. Er gehö=
145 1906 371 1969 men, den
1652 1910 2879 1977 mildern. Das Talent Schnitzlers für solche Genre Bildchen ist
410 1918 1629 1977 schießt er den Gegner. Er selbst geht dann nach Hause, um sich das
2902 1945 3270 2004 „Sezession"; sein ne
273 1949 371 1996 zuzu¬
145 1949 227 1996 seen
398 1957 1805 2047 Leben zu nehmen, — aus Gründen, die mit der Handlung des Stückes bekannt.
141 1988 238 2039 diese¬
270 1988 371 2039 Miß¬
1762 1957 3262 2047 Die Darstellung war vorzüglich. Bedeutende Rollen hat das letzten Sezessions¬
406 2012 980 2066 in keinem Zusammenhang stehen.
2906 2027 3258 2086 Pinakothek erworben
148 2023 379 2086 sem letzteren
1652 2020 2879 2082 Stück ja nicht. Aber Künstler wie Rittner, Nissen, Hermann
508 2023 1625 2102 Man wird aus dieser knappen Erzählung erkennen, daß die Ab¬
3074 2062 3266 2121 Die
152 2062 371 2125 sen zugesellt
1656 2062 2871 2125 Müller, Reicher, Thielscher, Gisela Schneider gebe
398 2086 1633 2152 sicht, Licht und Schatten in moralischem und logischem Sinne gerecht
