3436 4256
141 146 236 227 8.
288 137 651 241 Freiwil
835 132 1236 231 box 14/3
2024 142 2768 250 Theater= und Kunstnachrichten.
2590 222 2926 295 Wien, 4. Februar.
1922 241 2971 344 Carl-Theater.] Das dreiactige Schauspiel „Freiwild“
1821 295 2966 380 von Arthur Schnitzler, das heute zum erstenmale aufgeführt
1820 337 2964 422 wurde, ist ein Stück, das mit resolut zugreifender Hand einen
1818 391 2966 462 empfindlichen und gefährlichen socialen Conflict vorführt. Es be¬
1823 429 2962 500 handelt die Frage der Verpflichtung zum Duelle mit der Ver¬
1818 467 2962 547 schärfung, daß es sich um die Forderung eines beleidigten, und
1823 521 2960 594 zwar thätlich insultirten Officiers handelt. Der Schimpf war em
1820 564 2966 642 Officier für die Verdächtigung der Tugend eines anständigen
1823 596 2960 677 Mädchens widerfahren, und der Beleidiger weigert sich, die Satis¬
1823 639 2960 727 faction zu geben, weil er nur eine verdiente Züchtigung ertheilt
1811 677 2957 762 habe. Das Schauspiel flößte starkes und anhaltendes Interesse ein,
1811 722 2959 797 der zweite Act rief, wie dies selten vorkommen mag, immer und
1811 764 2953 852 immer wieder lauten Beifall, zuweilen wol auch Opposition hervor;
1813 816 2950 891 Zustimmung und Widerspruch aber galten weniger dem Stücke,
1809 861 2950 929 als den gewechselten Reden. „Freiwild" spielt in einem kleinen
1844 899 2946 978 adeorte und zeigt uns in sehr gelungener Schilderung das leicht¬
1811 929 2950 1012 fertige, fröhlich harmlose Bühnenvölkchen eines Sommertheaters.
1800 978 2943 1064 Die jungen Actricen sind nicht allzu spröde und nehmen gerne die
1804 1021 2948 1111 Einladungen der Officiere an, die ihren Urlaub dort zubringen;
1794 1052 2898 1129 diese erscheinen in deutscher Uniform, wiewol einer von ihnen
1799 1103 2941 1179 der liebenswürdigste — man weiß nicht recht warum, mit unga¬
1799 1148 2938 1222 rischem Accent und einem Anfluge wienerischer Ausdrucksweise
1797 1189 2938 1262 spricht. Nur eine der Schauspielerinnen, die Naive, lebt zurück¬
1794 1238 2941 1307 gezogen, hält auf Ehrenhaftigkeit und Anstand. Aber gerade diese
1795 1283 3099 1356 Eine will Lieutenant Karinski, ein Officier, über dessen Ver¬ inclusive
2986 1342 3092 1380 Porto.
1790 1321 2926 1401 gangenheit wir nichts Günstiges hören, besitzen. Seine Annäherung
2971 1370 3103 1408 Zahlbar
1735 1342 3125 1446 wird zurückgewiesen, und im Aerger darüber verdächtigt er im Voraus.
1766 1398 2924 1481 ihre Gründe, spricht die Meinung aus, daß sie doch
1771 1455 3165 1511 nicht besser sein werde, als die Anderen. Der Maler Paul tte ist das
1780 1498 3170 1573 Rönning, der eine warme Neigung für das geschmähte Mädchen steht es den
1785 1530 3078 1623 Anna Riedel hegt, vernimmt diese in einem Gasthausgarten Indern.
1788 1582 2924 1658 gesprochenen Worte und schlägt in seiner Empörung den Officier,
1761 1601 2922 1693 der ihn auch gehänselt hatte, ins Gesicht. Dieser ist, wie seine bei¬
1785 1660 2920 1743 den anwesenden Kameraden, ohne Waffe und wird von ihnen,
1781 1696 2920 1783 damit ein weiterer Scandal vermieden werde, hinweggedrängt. Im
1783 1745 2920 1835 nächsten Acte wird Rönning gefordert. Seine beiden Freunde
1769 1788 2922 1866 erscheinen bei ihm, um ihm als Secundanten zu dienen, aber er
1774 1833 2917 1915 lehnt den weikampf ab. Er habe Jemanden, der ihm in den Weg
1778 1873 2900 1950 gelaufen sei gebührend gerächtigt, das sei aber kein Grund, sie
1774 1920 2913 1997 vielleicht erschießen zu lassen. Die Freunde machen ihm Vor¬
1771 1957 2919 2031 stellungen, sie bezeichnen die Annahme des Duells unter den gegen¬
1769 2007 2915 2082 wärtigen Umständen als eine Ehrenpflicht, sie drohen ihm mit
1773 2042 2912 2123 ihrer Mißachtung — umsonst, er beharrt bei seiner Weigerung.
1773 2084 2912 2162 Die Stimme der Vernunft stehe ihm höher als alle conventionellen
1774 2130 2903 2209 Ehrenregeln. Er erhält den Besuch des Rittmeisters Rohnstedt,
1764 2182 2896 2248 eines Ehrenmannes, welcher das Verhalten des Lieutenant
1768 2209 2898 2294 Karinski mißbilligt, aber in Rönning vom menschlichen Stand¬
1768 2261 2901 2342 punkte aus, wie er sagt, dringt, das Duell einzugehen, da
1768 2299 2898 2373 der Lieutenant sonst schimpflich quittiren, ja sich erschießen
1757 2334 2917 2415 müßte. Er bietet endlich dem Maler, wenn er sein Leben nicht in
1766 2379 2903 2455 Gefahr bringen wolle, ein Scheinduell an, nur damit Karinski
1757 2455 2887 2512 gerettet werde. Rönning weist auch diese Comödie ab; er mag sich
1762 2500 2898 2552 nicht begnadigen lassen. „Nicht dadurch," ruft er dem Rittmeister
1762 2540 2898 2589 zu, „daß er den Schlag erhalten, sondern dadurch, daß er den Schlag ver¬
1757 2580 2896 2634 dient hat, ist seine Ehre verloren," und ein Beifallsbanner aus
1757 2622 2903 2688 dem Publicum begleitet diese Worte. Mit einer schwach verhüllten
1762 2660 2898 2719 Drohung entfernt sich der Rittmeister. Der Maler, der sich in¬
1757 2710 2896 2766 zwischen mit Anna Riedel verlobt hat, erhält den Rath, abzureisen,
1762 2754 2901 2799 aber er bleibt, obwol er die Gefahr kennt, die seiner harrt. Die
1757 2794 2896 2847 Katastrophe läßt nicht lange auf sich warten. Lieutenant Karinski
1757 2830 2894 2886 will den Rath des Rittmeisters, sich einer andern Lebenssphäre zuzu¬
1755 2875 2894 2938 wenden, nicht befolgen. Gedemüthigt und moralisch vernichtet,
1762 2915 2898 2971 schießt er Rönning nieder. — Das Schauspiel ist geistvoll geschrieben
1754 2966 2898 3019 und hält die Spannung bis zum Schlusse fest; trotzdem ist
1754 3005 2896 3052 es in seinem Aufbau verfehlt, denn es ruft die Wirkung
1750 3051 2894 3104 nicht ganz hervor, die der Autor beabsichtigte. Man ruft
1757 3089 2910 3148 allen Sentenzen, die Rönning ausspricht. Bravo! zu, ver¬
1759 3139 2896 3193 mag aber doch nicht ihm die Sympathien ungetrübt
1759 3177 2894 3229 zuzuwenden. Die Motive seines Verhaltens sind keine zwingenden.
1757 3221 2893 3273 Es war nicht zwingend für ihn, sogleich zur äußersten thatlichen
1750 3252 2886 3318 Beleidigung des Officiers zu schreiten. Theoretisch vollkommen in
1747 3299 2891 3361 Rechte, erscheint er uns doch, der junge und unabhängige Mann,
1745 3353 2891 3403 unbarmherzig gegenüber dem zur Verzweiflung getriebenen Officier,
1747 3391 2884 3443 welcher sich von dem schmachvollen Untergange durch die Preis¬
1752 3424 2884 3481 gebung des Lebens retten möchte. Auch unvernünftig ist seine
1755 3472 2887 3533 starre Haltung, da er ja weiß, daß ihm als Rache der Tod und
1745 3512 2891 3573 vielleicht noch Schlimmeres, die gemeine Mißhandlung drohe. So
1750 3556 2891 3617 het seine eiserne Consequenz etwas Schrullenhaftes; er ist, im
1747 3599 2896 3651 günstigsten Sinne genommen, ein Michel Kohlhaas. Der Dichter
1750 3650 2891 3700 hat eben die Bedingungen für die Entwicklung seines Problems nicht
1747 3691 2894 3738 günstig gewählt. Trotzdem wußte das Werk, wie schon gesagt, sehr zu
1757 3733 2887 3780 fesseln, und wird diese Wirkung gewiß auch in den künftigen Vor¬
1759 3771 2891 3827 stellungen üben. Es ist ein Drama voll Leben und Actualität.
1747 3818 2887 3867 Herr Klein, das künftige Mitglied dieser Bühne, spielte als
1750 3856 2887 3919 Gast den Maler Rönning mit Wärme und schöner Beredsamkeit;
1750 3907 2893 3953 man könnte sich aber die Gestalt aus härterem und gedrungenerem
1754 3943 2889 4002 Stoffe denken. Fräulein Sangora, die Herren Reusch,
1745 3981 2882 4039 Meyer=Eigen, Tewele, Korff und alle anderen Dar¬
1750 4025 2521 4098 steller bildeten ein rühmenswerthes Ensemble.
