3484 4384
351 1388 429 1451 ver¬
333 1526 433 1591 ensur
338 1578 431 1638 egriff
342 1627 439 1705 haft
341 1815 446 1886 tung
358 1871 439 1935 liche
353 1918 433 1978 lung
345 1967 444 2023 der
360 2013 442 2079 daß
347 2065 441 2134 ollen
338 2161 445 2221 dern
354 2208 442 2268 ossen
346 2264 437 2337 stens
354 2403 445 2466 die
366 2454 444 2514 und
359 2504 439 2570 Ver¬
368 2553 452 2618 oder
354 2600 446 2661 hen¬
362 2651 448 2711 Ver¬
363 2724 455 2804 lichen
357 2796 453 2863 eisen
363 2884 448 2956 nen
360 2942 457 2999 einer
376 2990 476 3051 den
368 3037 457 3094 utzes
363 3085 455 3146 wort
373 3133 454 3197 aber
358 3182 458 3241 de
360 3230 457 3305 mehr
363 3468 453 3550 t
372 3564 455 3624 ichts
376 3607 467 3654 von
371 3647 457 3706 Bild
364 3697 453 3752 tung
371 3737 461 3797 auch
385 3784 463 3831 nur
362 3824 467 3878 der
368 3865 465 3918 ck in
373 3941 459 4004 Herr
375 3996 466 4051 istler
371 4043 471 4094 edem
376 4087 467 4137 ngen
381 4130 478 4186 ektor
933 730 1114 820 1043 —
476 805 1504 900 schaffen könnte, als die immerhin recht mangelhafte
472 886 1499 941 Literatur zu seinem Bilde, er würde keinen Kenner zu
476 932 1504 988 überzeugen vermögen, daß Rafael auch nur eine Hand daran
472 972 1502 1033 gelegt, geschweige denn, daß es das Original oder auch nur
475 1015 1509 1074 der erste Versuch zu seinem schönsten Madonnenbilde sei.
479 1055 1499 1118 Die Assomptione della Madona ist eine ältere, ziemlich
479 1114 1508 1172 schwache Kopie des Dresdner Bildes, die durch eine
479 1146 1506 1217 umfangreiche Uebermalung soviel an Werth verloren,
479 1189 1506 1258 als sie an oberflächlicher Aehnlichkeit mit dem Meister¬
481 1232 1509 1296 werke Rafaels gewonnen zu haben scheint. Herr
479 1275 1504 1340 Badrutt besitzt die feurige Begeisterung für den Werth
488 1330 1506 1386 seines Eigenthums, die man so häufig bei den Besitzern
479 1373 1509 1420 alter Bilder beobachten kann, und sie entschuldigt seinen
481 1408 1508 1472 Eifer, mit dem er die Dresdner Galerie um ihren
484 1456 1167 1522 größten Schatz ärmer machen möchte.
954 1485 1447 1580 Hans Rosenhagen.
539 1558 1511 1638 Kleine Mittheilungen. Das soeben aus¬
481 1625 1512 1694 gegebene Novemberheft der im Verlag von E. S.
481 1672 1508 1737 Mittler u. Sohn erscheinenden „Marine=Rund¬
506 1711 1517 1771 chau" bringt einen fesselnden Bericht über die
488 1768 1519 1822 Fahrten, Leistungen und das tragische
485 1807 1521 1861 Ende des Kanonenboots „Iltis" aus der Feder
491 1849 1515 1905 des Wirkl. Admiralitätsraths Koch. Eine Anzahl Ab¬
485 1886 1513 1954 bildungen führt uns den schaurigen Anblick des Wracks
491 1934 1513 2000 vor Augen. „Mit aufgerissener Steuerbordseite und
491 1971 1517 2040 geborstenem Kiel liegt das Vorschiff auf dem bei Ebbe
485 2017 1513 2075 trocken gefallenen Riff, das Hinterschiff aber ist ganz
494 2061 1517 2126 zerschmettert und ohne Zusammenhang. Hier ragt ein
494 2108 1521 2168 Theil des Hecks aus dem Wasser heraus, dort liegen
491 2152 1513 2208 auf dem Felsen noch mit dem Schiffsboden zusammen¬
497 2193 1517 2254 hängende Ueberreste des Maschenfundaments, dort
496 2238 1517 2293 Bruchstücke, die sich als Oeltanks und dergleichen er¬
488 2282 1522 2350 kennen lassen, und dazwischen zeigt sich überall der
502 2321 1522 2386 spitze, scharfe Fels, an dem Schiff und Mannschaft mit¬
500 2368 1515 2429 leidlos zerschellen mußten. Welches Deutschen Herz
506 2423 1515 2475 sollte aber nicht höher schlagen, wenn er hört, daß der
500 2466 1519 2517 Vater eines Matrosen, der draußen den Tod fand,
497 2498 1520 2557 dem schweren Schlag mit ernster Fassung sich fügte und
494 2544 1529 2605 an den kommandirenden Admiral folgenden
497 2605 804 2656 Brief richtete:
563 2606 1524 2692 „Trotz meines großen Verlustes und Schmerzes bin ich
500 2674 1528 2729 weit entfernt, es zu bedauern, daß ich meinem in der Blüthe
502 2717 1522 2778 der Jahre heimgegangenen einzigen Sohne die Genehmigung
502 2768 1528 2821 zum Eintritt in die kaiserliche Marine gegebe habe. Er
497 2795 1526 2864 hat sich glücklich in dem frei gewählten Berufe gefühl, Hätte
500 2847 1530 2907 ich das Glück, noch einen Sohn zu besitzen, so würde ich
502 2895 1519 2956 auch diesem, soweit an mir läge, den Eintritt nicht ersagen."
563 2933 1530 3002 Mit freudiger Genugthuung erfüllt es, so heißt es
509 2990 1532 3037 zum Schluß des Aufsatzes, die Angehörigen der Marine,
509 3032 1524 3087 sei es, daß sie berufen sind, draußen auf See der
511 3067 1529 3128 Flagge schwarz=weiß=roth zu folgen, sei es, daß sie sich
501 3107 1530 3184 bescheiden müssen, vom Schreibtisch aus ihr Interesse
502 3150 1530 3231 zu fördern, daß sie die Männer vom „Iltis Brüder
502 3195 1529 3258 und Kameraden nennen durften, sie, von denen man
506 3238 1529 3305 reden und deren Namen man preisen wird, wo immer
502 3290 1532 3362 Diejenigen genannt werden, die wie Helden zu sterben
506 3343 669 3404 wußten!
635 3340 1533 3431 Frithjof Nansen hat, wie gestern kurz mit¬
511 3414 1524 3481 getheilt wurde, mit der Schilderung seiner Nordpolreis¬
506 3470 1535 3528 im „Daily Chronicle" begonnen. Auf die dort ge¬
511 3499 1530 3565 machten Mittheilungen näher einzugehen, erscheint
1459 3547 1535 3591 von
1145 3546 1412 3606 der Verlag
506 3554 1110 3614 überflüssig, da gleichzeitig
511 3595 1541 3653 F. A. Brockhaus in Leipzig das Erscheinen der
509 3638 1538 3706 deutschen Ausgabe des Nansenschen Werkes in
510 3673 1539 3738 nahe Aussicht stellt. Es führt den Titel „In Nacht
506 3722 1543 3783 und Eis. Zwei Lieferungen davon werden noch
509 3765 1539 3831 vor Weihnachten vorliegen. Mehrere Tausend Photo¬
518 3818 1541 3879 graphien hat Nansen zurückgebracht, von Gletschern
511 3858 1546 3922 und Torossen, vom Leben an Bord und in
515 3901 1538 3956 den Schneehöhlen seines Winterquartiers und
509 3940 1541 4004 von allerhand Thieren, darunter die eines
518 3984 1535 4053 ihn angreifenden Eisbären, den er drei Mal photo¬
509 4030 1537 4087 graphirte, bevor er ihn schoß! Etwa 200 Abbildungen,
510 4068 1545 4131 theils Photographien, theils Zeichnungen des Malers
515 4108 1547 4172 Sinding, werden dem Buch beigegeben, außerdem zwei
563 4157 1524 4212 ne
1548 818 2565 881 die uns beim Frühimbiß von den lieben Zeitungen dar¬
1554 878 2565 932 gerei, wird, neuerdings eine reichliche Abenddosis
1556 920 2573 975 hinzukommt, deren Beschaffung die Theater freundlich
1552 964 2576 1023 übernommen haben. Das Theater wird mehr und
1554 1008 2587 1063 mehr zu einer gespielten Zeitung, einer Rundschau in
1556 1051 2576 1105 lebenden Bildern, einem in Rede und Gegenrede zuge¬
1559 1092 2576 1152 stützten Tageblatt; die holde Donna Kunst zieht
1563 1141 2580 1198 sich scheu zurück, die Hexe Politik erfüllt nun
1554 1178 2576 1227 auch, wie andere Tempel, den Musentempel mit
1556 1222 2583 1278 Pech= und Schwefelgeruch und die Poesie weicht
1556 1267 2576 1321 bebend der „brennenden Tagesfrage!" Das ist keine
1556 1309 2583 1364 Uebertreibung, denn wenn innerhalb weniger Wochen
1560 1356 2583 1408 die eine Tagesfrage „Duell und Ehre" drei oder
1556 1398 2580 1465 viermal auf unseren ersten Bühnen zur Verhandlung
1554 1446 2582 1511 komme, dann hat die Kunst verlorenes Spiel. Wie da¬
1563 1483 2587 1535 Aesthetische mit seinen feineren Reizen den brutalen
1563 1533 2584 1582 Wirkungsmitteln des Tagespolitischen erliegt und er¬
1554 1568 2583 1634 liegen muß, dass bot die Aufführung des Dramas
1563 1614 2588 1684 „Freiwilo von A. Schnitzler, die am Dienstag im
1575 1658 2588 1703 Deutschen Theater" stattfand, ein lehrreiches
1560 1694 2597 1751 Beispiel. Das Drama hebt an, als ob es ein
1572 1750 2588 1811 seelisches Problem künstlerisch gestalten wolle. In reiz¬
1559 1784 2595 1845 voller Weise führt es zunächst einige Szenen aus dem
1565 1828 2592 1893 österreichischen Bade= und Bühnenleben vor. Wohin
1560 1872 2587 1932 wir blicken, nichts als Leichtfertigkeit und Oberflächlich¬
1560 1918 2596 1973 keit, leichtsinnige Männer, leichtfertige Weiber. Unter
1569 1958 2592 2016 den Weibern ist nur Eine, die sich rein und stark er¬
2289 1999 2604 2061 „öffentliche
1560 2007 2256 2057 hält, sie will auch als Künstlerin
1569 2034 2596 2107 Person den „Schild der Ehre blank erhalten, in
1565 2092 2595 2142 Brunhilbengleicher Abgeschlossenheit verharren. Aber
1575 2135 2597 2194 sie merkt bald, daß sie als Schauspielerin von allen
1560 2178 2604 2251 Mannsen für Freiwild angesehen wird; Jeder lockt
1565 2219 2595 2275 und drängt sie auf den breiten Pfad, den sie „Alle,
1565 2269 2600 2329 Alle wandeln, jedes Mittel wird angewandt, jedes für
1565 2310 2606 2375 berechtige gehalten, die Widerspenstige aus ihrer Aus¬
1572 2349 2601 2410 nahmestellung zu verdrängen. Das Problem, das diese
1578 2394 2602 2453 Einleitung bietet, ist nicht sonderlich neu, aber es hätte
1572 2441 2595 2506 sich doch anziehend und eigenartig gestalten lassen,
1565 2480 2592 2540 wenn der Verfasser statt eines weiblichen Typus
1575 2532 2599 2584 eine Frau von besonderer seelischer Art ge¬
1586 2567 2596 2635 schaffen und den Hauptwerth auf die Charakteristik, die
1581 2614 2604 2671 innere Entwicklung gelegt hätte, wenn es ihm vor
1572 2655 2606 2714 Allem darum zu thun gewesen wäre, die einzelnen
1581 2709 2602 2763 Stadien des Kampfes zwischen Verführung und Abwehr
1575 2743 2601 2804 eingehend und mit feinem Stift zu zeichnen. Aber
1572 2787 2601 2843 darum war es Schnitzler leider nicht zu thun. Er
1578 2833 2606 2891 führt das Problem, das der Titel andeutet, überhaupt
1572 2873 2601 2932 nicht weiter durch, und statt eines individuellen Seelen¬
1572 2913 2606 2981 dramas erhalten wir vom zweiten Akt an ein ganz ge¬
1578 2958 2616 3012 wöhnliches Spannungsdrama, eine Art Kriminalgeschichte,
1585 3005 2606 3068 deren theatralische Darlegung das Talent eines tüchtigen
1578 3049 2612 3105 und begabten Reporters, keineswegs aber einen Dichter
1578 3092 2605 3154 und Künstler verräth. Der „Fall", den Schnitzler
1581 3133 2608 3193 erörtert, ist folgender. Die vielumworbene Dame, von
1581 3178 2608 3235 der oben die Rede war, hat nur einen wahren Freund,
1578 3224 2612 3282 der sie in ihrer Zurückhaltung und Strenge zu schätzen
1584 3266 2606 3326 weiß, den ebenso modern gesinnten wie kapitalkräftigen
1577 3312 2613 3366 Jüngling Paul Rönning. In einer Gesellschaft, in der
1584 3357 2608 3408 Paul anwesend ist, wagt es der als Spieler und Roué
1581 3398 2606 3456 berüchtigte Oberlieutenant Karinski, in verletzendster
1578 3439 2601 3491 Weise den Ruf der geliebten Schauspielerin anzutasten.
1586 3494 2604 3541 Paul ohrfeigt ihn, und da der Oberlieutenant un¬
1578 3529 2612 3581 bewaffnet ist, so kann er nicht alsbald mit dem Degen
1584 3572 2614 3630 den Schimpf rächen, sondern schickt am anderen Morgen dem
1584 3612 2610 3670 modern gesinnten Paul seine Sekundanten. Aber Paul
1584 3658 2610 3714 lehnt das Duell ab mit der Erklärung: der Herr Ober¬
1584 3705 2606 3763 lieutenant hat sich gemein benommen, ich habe ihn ge¬
1586 3744 2614 3805 züchtigt; wir sind quitt. Im Uebrigen bin ich erst jüngst
1584 3792 2606 3843 von schwerer Krankheit genesen und finde das Leben so
1590 3830 2606 3889 heiter, daß ich keine Lust habe, es leichtsinnig aufs
1940 3874 2610 3928 Er geht von dieser Erklärung auch
1584 3880 1882 3938 Spiel zu setzen.
1584 3927 2608 3973 nicht ab, als ihm bedeutet wird, daß der Oberlieutenant,
1589 3958 2610 4018 wenn er sich nicht schlagen könne, als Offizier ruinirt
1582 4000 2613 4068 und weiterhin gleichsam zum Tode verurtheilt sei, da er
1590 4046 2618 4105 zu den Menschen gehöre, die ohne Uniform nicht leben
1584 4090 2618 4144 könnten. Paul beharrt auf seinem Standpunkt, der
1584 4143 2618 4187 trotz aller Beschönigungen der Standpunkt eines Feig¬
