3436 4448
1266 39 2270 131 .
2810 19 3293 151 -
243 104 1486 166 an dem Director, das liegt nicht an den Schauspielern, das liegt
1602 120 3285 185 Schnitzler geht mit einer außerordentlichen, theatralischen Kraft, die daß die Baumeister weiter an
251 143 2775 208 auch Komödien haben ihre Geschicke! — am Ende auch nicht an den in ihm seit der „Liebelei" in ungeahnter Weise gewachsen ist, beiden of
251 178 768 239 Stücken, das ist einfach Pech
2798 178 3300 235 mäßig viel Geld verdienen
1521 197 2779 255 aber auf dem Theater meist schüchtern behandelten socialen Fragen energisch
2872 208 3296 262 Und so lange ferner der
320 197 1505 266 Auch der Sonnabend, der im „Theater des Westens“ schon wiede
1532 228 3304 301 zu Leibe und beleuchtet sie mit einer wunderbaren, rückhaltslosen Kühn= Wolken vollhängen wird, wa
247 239 2779 328 eine Première bot, war in dem eben erläuterten Sinne einheit. In dieser Hinsicht gemahnt „Freiwild“ mehr als einmal an
2806 293 3289 340 so lange wird das Publikum
243 290 3293 374 verlorener Tag. Gegeben wurde Joseph Ruederer's dreiactige Fudermanns „Ehre", besonders in der durchdringenden Schärfe, mit der Fragen des Tages in mehr
247 324 3308 417 Komödie „Die Fahnenweihe". Literarisch genommen war diese Schnitzler den Wahn gebilden eines bis zur Verrücktheit unvernünftigen werden, auch Stücke verlange
243 363 3304 452 Première die bedeutsamste, welche die Bühne an der Kantstraße Sittengesetzes entgegentritt und dafür mit klaren, hellen Worten das der Menschheit verschont wir
247 398 3304 486 bisher zu verzeichnen hatte. Der junge Münchener Autor ewige, immer währende Recht der Vernunft etablirt. Der dramatischen gutmüthige Onkels mit schn
247 436 3296 525 ist ein Talent. Dafür spricht die Schärfe seiner Charakterzeichnung. Er Wirkung nach und in seiner Bedeutung für die Lösung jener wichtigen dann durch einen jungen Ma
243 475 3308 567 ist aber noch kein reises Talent. Das beweisen die vielen Schwächen im Probleme, in denen Zukunft und Vergangenheit, Menschenthum und biederen Rede beigelegt wer
239 510 3308 598 Aufbau seines Werkes. Die „Fahnenweihe ist bereits vor vierzehn Tradition mit einander den wild wogenden Kampf der Gegenwart wickelungen, die nach bewährt
239 544 1502 606 Tagen von den Mitgliedern eines Vereins, der „Dramatischen Gesellschaft
1525 571 2764 625 fechten, ist „Freiwild entschieden ein Fortschritt gegen „Liebelei
2787 594 3312 641 helfen, werden ebenso im geei
239 591 3308 676 und zwar an derselben Stätte und von denselben Kräften aufgeführt Als Dichtung aber halte ich das ältere Werk für stärker, denn gelöst werden, um den ang
239 625 3300 710 worden. Der Erfolg, der dem Stücke bei dieser Première beschieden war, les lebt nicht von den Abfällen des Tagesstreites, sondern schöpft zwischen dem Sohn vom „Ri
239 664 3289 760 ist am Sonnabend bei der eigentlichen Première nicht ganz bestätigt seine Kraft aus dem ewig fruchtbaren Grunde der menschlichen einerseits und dem lieblichen
235 699 3192 784 worden. Die beiden ersten Acte langweilten, weil es ihnen an Handlung Liebe, während „Freiwild“, wenn einmal die Mauern gefallen sind, und Sitte vorschreiben.
232 749 1502 795 gebricht; der dritte, bewegte, an schlagenden Pointen reiche Act dagegen
1525 760 2768 811 gegen die es anrennt, nichts mehr sein kann, als ein Theaterstück vo
2860 772 3235 830 Gespielt wurde das
232 780 3296 865 gefiel. Die „Fahnenweihe ist, wie bereits erwähnt, ein neue, eine gestern. Aber noch ragt die Zwingburg, die Kastengeist und Ritterdünkel machte den tragikomischen Vi
235 818 3296 899 realistische und naturalistische Behandlung des Themas, für das Sardou errichtet haben, trotzig in die Lüfte. Noch ist der Lump, der rauflustig guten Onkel, Herr Stria
235 849 3308 930 den dramatischen Titel gefunden hat: „Unsere guten Landleute, auf's Terrain tritt, in den Augen der „Cavaliere besser, als der Ehren=Studienreise, und Herr Bar¬
228 880 3296 988 Ruederer schildert bayerische Bauern, wie sie sind, will sagen, wie manche mann, der seinem Gewissen mehr vertraut, als dem zweifelhaften Aus wiederhaben wollte, Fräulein
235 926 3304 1023 sind, und er thut dies mit einer Treue, Genauigkeit und Unerbittlichkeit, gange des modernen Gottesgerichtes. Und da wohl noch eine geraume lichen Humor des östlichen Zu
232 965 3308 1054 kurz mit einer Wahrheit, die als Gegenstück zu den verlogenen Dorf=Zeit vergehen dürfte, ehe die Vernunft den Wahn besiegt haben wird, so stellte den fidelen Berliner Ba
235 1004 3293 1116 geschichten und Doricomödien verflossener und überwundener Perioden sei uns das neue Schauspiel Schnitzler's herzlich willkommen als muthiger, In diesem lustigen Ensemble
235 1042 1949 1108 kraftvoll, gesund und heilsam genannt werden muß. Daß diese Wahrheit starker Helfer im Streit¬
2787 1073 3296 1131 brau ihre Pflicht, und es erst
235 1081 1505 1131 oft abstoßend berührt, ist nicht Ruederer, sondern der Landleute Schuld
1586 1089 3281 1162 Ja, „Freiwild“ ist ein Tendenz-Drama, aber ein gutes Drama mit einer Vorstellung nachsagen
344 1116 1509 1204 Fahnenweihe wird im Theater des Westens“ vortrefflich gespielt.
1567 1123 3296 1216 ter guten Tendenz, im übrigen keineswegs ohne dichterische Qualitäten sondern alle an ihrem Platze
791 1158 3061 1231 oberhaupt, wenn in diesem Stücke die Tendenz die Kunst bisweilen über Au ab
556 1181 3304 1293 die Neueina Götzensperger, das wuchert, so liegt das weniger am Wollen oder Können des Autors, als Hauptperson in und
328 1216 2613 1305 lebenswarme Gestalten, an denen man auch nicht einen Zug vielmehr an dem Stoffe, den er sich nun einmal erwählt hatte.
2787 1258 3293 1324 Lachsalben unterbrachen met
286 1243 1498 1320 issen möchte. Erwähnung verdient noch ein Zwischenfall, der di
1586 1285 3304 1351 An diesem Stoffwahl kann man so recht die Wahrheit des Wortes Spiel eine kleine Pause einer
278 1297 2764 1378 altung des Publikums zu gewissen, die Gegenwart bewegenden Fragen erkennen, daß Dichter oft Propheten sind. Jeder, dem die Thatsache nich
2783 1332 3304 1382 ein brausender Beifall, der au
251 1343 3300 1432 kennzeichnet. Der Großhändler Rettinger hat im dritten Art zu sagen: vertraut ist, daß „Freiwild“ längst vor dem berüchtigten Brüsewitz= wie seine Ursachen dem Publi¬
239 1382 2768 1455 „Ich hab' doch Ehre, ich muß doch Ehre im Leibe haben, ich bin ja Ereignisse six und fertig war, mußte denken, daß Schnitzler aus
224 1409 2768 1490 Reserveoffizier. Als Herr Bonn diese Worte, nicht etwa zugespitzt, diesem charakteristischen Vorkommnisse für sein neuestes Werk inspiri¬
2849 1428 3312 1517 Concordia=Theater.
224 1455 3293 1559 sondern ungezwungen, ganz im Geiste seiner Rolle vorbrachte, brach ein war. Wer freilich die „Liebelei" und Schnitzlers persönliche Vornehmheit Töchter, Posse mit Gesang
228 1490 1343 1548 Beifallssturm los, der den Darsteller zum Innehalten nöthigte.
1505 1502 3304 1598 kennt, weiß ihn außer Stande zu solchem Thun. Die „Actualität" des Schott, Musik von G. Stef
301 1517 3296 1637 Glücklicher, weit Glücklicher als das „Theater des Westens“ am Schnitzler'schen Dramas, die seiner Bühnenwirksamkeit noch weiter zu Hilfe nahen Weihnachtsfestes ein
220 1556 3308 1671 Sonnabende, war das „Thalia-Theater" am Freitage. Diese im kommi, verdankt lediglich dem Zufalle ihr Entstehen, der es wollte, daß sollen Stück gespendet wurde.
232 1606 3304 1722 Herzen eines betriebsamen, durch Handel und Gewerbe hervorragenden wenige Wochen, nachdem ein Dichter ein Brüsewitz=Stück erdacht hatte, friedigend verlies. Vonden män
224 1644 2208 1729 Stadttheils gelegene Bühne war, als sie noch „Adolf=Ernst=Theater ein Brüsewitz sein Bubenstück vollführte
224 1679 1494 1741 hieß, in der letzten Zeit zu einem Orte ödester und plattester Unterhaltung
2779 1691 3304 1733 Dr. Schumann), Herr Wink
1575 1675 3312 1776 Die rabiaten Gegner, die Schnitzlers „Freiwild" aus politischen sowie Herr Sand (der Gele=
220 1714 3304 1806 herabgesunken. Kein Scherz war so dumm, daß er hier einer geduldigen Gründen sicherlich finden wird, sollten übrigens die Unparteilichkeit des hatte, vortheilhaft aus. Von
224 1760 3296 1841 Zuhörerschaft nicht verabreicht worden wäre. Als „Thalia-Theater" und Autors anerkennen. Dem Lumpen im Offiziersgewande, dem Spieler, höhere Tochter Lilli durch
216 1799 3296 1903 unter W. Hasemann's geschickter Leitung ist jetzt diese Unterhaltungs=Mädchenjäger und Raufbolde Karinski stellt er den harmlos gutmüthigen Darstellung. Frl. v. Frank¬
220 1834 3293 1942 stätte bestrebt, Lustiges und Gefälliges in literarischem Gewande zu Lieutenant Vogel und den wackeren, menschlich empfindenden Rohnstedt als durch ihr Spiel Erfolg,
220 1868 3293 1969 bieten. Das von einem Schauspieler=Ensemble, welches für diese Zwecke zur Seite. Schnitzler will eben keinesfalls den Offiziersstand als solchen Spiel und Gesang ziemlich
232 1911 2760 1984 fast nichts zu wünschen übrig läßt, getragene Bestreben ist durch einen angreifen, sondern lediglich dessen kastenhafte Sonderrechte und Ehrbegriffe
224 1945 2760 2023 Treffer erster Güte belohnt worden, durch den vierartigen Schwank „Goldene unter deren Schutz ein Elender, wie dieser Karinski, sich Achtung erzwingen
224 1988 2764 2084 Herzen" von C. Karweis, der am Freitage einen der unbestrittensten kann, wenn er nur immer rasch bei Pistole und Säbel ist, in ihrem ganzen
3215 2003 3308 2069 An
220 2023 1915 2084 Erfolge errang. Karlweis ist, wie bekannt, ein liebenswürdiger Wiener, Widersinne kennzeichnen
2845 2034 3304 2127 In der Privatklage de
224 2057 1494 2119 der im gewöhnlichen Leben Karl Weiß heißt und dem Amte eines Eisenbahn¬
1579 2054 3293 2150 Das Werthvollste in „Freiwild“ ist übrigens nicht diese Geschichte mann gegen den Verfasser der
220 2100 3281 2208 Inspectors vorsteht. Auf dem Gebiete des Wiener Volksstücks hat Karlweis mit ihren persönlichen Consequenzen für den Duellweigerer und ihren Paul Blumenreich, stand
224 2146 3304 2227 gegenwärtig keinen ebenbürtigen Rivalen. Für seinen „Kleinen Mann“, allgemeinen Ausblicken in die unerquicklichen Verhältnisse der Gegenwart, Berliner Schöffengerichts Ter¬
224 2181 3300 2277 der vor einigen Jahren auch in Berlin in Scene ging, ist ihm vor sondern die mit der Haupthandlung geschickt verknüpften Schilderungen zur Verhandlung nicht komm
212 2216 3316 2304 Kurzem der „Raimund=Preis" verliehen worden. Auch „Goldene Herzen aus dem Theaterleben. Hier ist jeder Strich echt, dem Leben abgelauscht umfangreicher Schriftsatz eine
224 2258 3308 2339 ist in seiner Art ein gutes Werk; gut, weil angenehm erheiternd von und mit sicherer Künstlerschaft zu einem Bilde verwerthet, das bei allem des Klägers, sprach seine Vern
212 2289 3293 2385 ersten bis zum letzten Augenblick. Eines größeren Lacherfolges haben sich Humor mancher Details einen in seiner Wahrheitstreue niederdrückenden Klage schon vor länger als zu
216 2331 1776 2382 auch die ausgelassensten französischen Schwänke nicht rühmen können. Eindruck macht.
2764 2362 3281 2432 der Angeklagte angeblich ein¬
220 2370 1490 2428 Der Karlweissche Schwank hat aber vor diesen Schöpfungen etwas sehr
1571 2370 3289 2470 „Freiwild wurde hier, wenn auch nicht in jeder Rolle gleich vor=er erst im letzten Augenblicke
212 2401 3300 2505 Löbliches voraus: einen hübschen, leitenden, folgerichtig durchgeführten trefflich, so doch verdienstlich und in fest geschlossenem Zusammenspiele daß er beabsichtige, die auch
212 2443 3300 2532 Gedanken. „Goldene Herzen" ist eine humoristische Satire auf die sprüch= Herr Regisseur Niedt) vorgeführt. Der einzige Vorwurf, den man der Agenten A. Rosenthal angest¬
205 2490 3296 2575 wörtliche Wiener Gutmüthigkeit und Opferwilligkeit, die in Wahrheit Regie machen kann, betrifft die steife Theilnahmlosigkeit, mit der sich die binden, so erklärte sich R.-A.
212 2521 1475 2578 erst dann und auch dann oft nur zu Reclamezwecken sich geltend mach
1502 2536 3293 2606 Gäste des Baderestaurants im Hintergrunde gruppirten und verhielten. Die Angriffe der Broschüre
212 2559 1475 2609 wenn es bei dem Hilfsbedürftigen sozusagen „Matthäi am Letzten" is
1571 2578 3293 2640 Von den Einzelleistungen möchte ich am höchsten den gutherzigen auf die Finanzoperationen de
208 2598 3293 2679 wenn der schon lange Hilfsbedürftige durch irgend eine verzweifelte That Lieutenant Vagel des Herrn Höfer und die fesche, freche Pepi des alleweil aber nichts zu thun; dieser war
208 2633 3293 2729 die Aufmerksamkeit auf sich lenkt. Karlweis kennt seine lieben Wiener keck zugreifenden Frl. Jurberg bewerthen. Beide waren von einer nicht des schon begründet gewesen¬
208 2671 1478 2729 von Grund aus. Die Beobachtungsgabe, die ihm eigen ist, bildet in
1505 2698 3285 2756 zu übertreffenden, typischen Echtheit. Herr Botz gab dem wackeren Vorwürfe beziehen sich auf
208 2706 3281 2795 Verein mit frischem, keckem Humor seine Stärke. Um die Entwickelung Könning eine sympathische Männlichkeit, war aber nicht immer durchaus Der Vertreter des Verklagten
212 2748 3293 2829 der Handlung macht er sich nicht viel Sorge. Da schreitet er munter sicher im Text. Herr Schady wirkte als tüchtiger, einsichtiger Offizier weil er Herr Shering als we
208 2787 3296 2868 einher, unbekümmert darum, ob er auf neuzeitlichen Wegen oder auf den mit ruhiger Distinction sehr erfreulich. Frl. Niedt fand für die ideal Kaufmann benutzen wolle. D
208 2826 3300 2934 Pfaden des seligen Rührstückes wandelt. Die köstliche Hauptfigur des gesinnte Kunstbeflissene innige, warme Töne, ohne den Gehalt der Rolle tagen und von einer Verbindu
212 2864 2748 2957 neuen Schwankes ist ein heruntergekommener, verbummelter Maler, überall auszuschöpfen. Störend wirkte das kurze Backfischkleidchen, in
2833 2903 3312 2961 Am Dresdener Hofthe
208 2903 3293 2984 Leonhard Ballester, der dadurch nach vielen Jahren des Entbehrens dem die Riedel“ einberging. Ein Grund für diese Costümirung ist zufolge das Musikdrama „D
208 2937 3296 3030 plötzlich zum Gegenstande öffentlicher Beachtung und Mildthätigkeit wird, weder im Stücke, noch in der Persönlichkeit der Darstellerin gegeben, Bungert einen so starken Er¬
208 2976 3296 3065 daß einer seiner Bekannten, ein Redacteur, gleichfalls eine gelungene Herr Marx nahm sein Giger wieder überscharf, so daß er sich bisweilen mit Generalmusikdirector Scho¬
212 3015 2744 3092 Figur, die Nachricht verbreitet und glaubhaft erscheinen läßt, Ballester selber über seinen „Hamur amusirte, aber es war doch Virtuosität in
2829 3049 3289 3103 Sarah Bernhardt ist
212 3053 1475 3111 habe sich durch Kohlendunst ersticken wollen. Thatsächlich ist der betäubt
1502 3076 3273 3134 seiner Darstellung. Aus der farblosesten Gestalt des Stückes, einem worden. Beim Festmahle im
212 3092 3289 3173 Maler, den die zu Hilfe eilenden Nachbarsleute auffinden, nicht vom Gas jungen Arzte, versuchte Herr Bayrhammer erst gar nicht, etwas Besonderes saß sie auf erhöhtem Sitze un
212 3134 1471 3181 umnebelt, sondern von ungewohntem Weingenuß bezecht. Herr Leopol
1498 3157 3296 3223 zu machen, und that damit das Rechte. Unter den männlichen Stützen Auftreten und Abgang erfolgte
212 3169 2737 3239 Deutsch, ein Schauspieler von bedeutender komischer Kraft, staltete diesen des Badetheaters ragte Herr Steinrück hervor, der den Director diese
2760 3204 3296 3250 Stockwerke in den Saal führt.
201 3200 3304 3293 Maler mit einer Fülle humoristischer Einzelheiten aus. Es wurde, wie „Kunstinstituts", ohne jene Uebertreibungen gab, zu denen die herbe weißes goldgesticktes Seidenklei=
208 3246 3266 3320 gesagt, von der ersten bis zur letzten Scene unbändig viel gelacht. Allen Charge leicht verführen könnte. Herr Kunstadt spielte den melan des Festes stehen, grüßte
205 3285 3293 3362 Breslauern, die um die Messezeit nach Berlin kommen — und ihrer sind scholischen Komiker gewandt, nur um einige Grade zu rabiat. Aus Wirkungen eines aus den Wo
201 3327 3289 3412 eine große Zahl — kann der Besuch des „Thalia=Theaters“ aufrichtig der winzigen Episode des Kassirers Kohn, der zu einer der hübschesten Tischrede hielt Sardou, der an
212 3362 3285 3447 empfohlen werden. Bequem liegt das Theater; nicht weit vom Meß= Bemerkungen des Stückes Anlaß gieht, hätte mehr gemacht werden wischte. Die erste Strophe
201 3397 896 3466 palast. Auch das ist eine Empfehlung.
1270 3401 1417 3470 St.
1490 3416 3289 3478 können, als es Herr Scholz vermochte, der zudem sehr ungünstig placirt sungen und orchestral begleitet
1486 3459 3281 3513 war. Die nicht gerade angenehme Aufgabe, den Brüsewitz=Karinski auf Leyer auf Deinen Lippen und
282 3462 3296 3555 Lobe=Theater. Sonntag, 13. December. „Opus I." Plauderei seine Schultern zu nehmen, genügte Herr Kühns besser im ersten, denn mit dem Siegernamen, deren
201 3520 899 3567 von P. Linsemann. „Freiwild.
965 3532 3281 3578 Schauspiel von Arthur im dritten Acte, wo sein säbelrasselnder Unmuth gar zu theatralische dunkle Zeit auserkoren hat,
205 3563 1463 3609 Schnitzler. Die erste Gabe des jüngsten Novitäten=Abends unsere
1486 3574 3281 3644 Manieren hatte. Am Sonnabend trug übrigens Kühns=Karinski der Ruhm der Dichter ergänzen
201 3601 1463 3652 Lobetheaters ist mit wenigen Worten besprochen. „Opus I" ist wirkli¬
1490 3609 3204 3675 Vorschrift des Dichters und den österreichischen Armeeverhältnissen gemäßlichen Muse, Heil Dirl
205 3640 2729 3698 das, was der junge Autor zu geben beabsichtigte, nämlich eine Plauderei, als Urlauber durchweg Uniform. Am Sonntag trat hierin eine mer
2756 3636 3262 3706 diese auf der Bühne des
197 3682 1420 3725 und zwar eine lustige, nette, harmlose Plauderei. Sie ereignet sich
1478 3682 3281 3740 würdige Aenderung ein. In dem Aufzuge, zu dessen Schlusse Karinske Coppé Sarahs Anfänge in
201 3717 1436 3760 wie das bei dramatischen Plaudereien nun einmal zu sein pflegt
1478 3729 3293 3779 geohrfeigt wird, ging er in Civil, erst als er im letzten Acte „brüsewitzte, erklärte bescheiden, der gri
197 3752 3293 3856 zwischen einem jungen Manne und einer jungen Dame. Diesmal gehört durfte er wieder in Uniform erscheinen. Nach dieser neuesten Kleider werde künftig sein, daß Sarah
