3484 4384
179 158 293 253 8.
381 160 570 233 rei
866 155 1276 257 box 14/2
1318 1492 1989 1580 Männerchen Premieren.
1006 1612 2341 1702 ammervoll war bis jetzt der Theaterwinter; aus der Fülle der Erstaufführungen
973 1671 2343 1729 keine, die ob des künstlerischen Werthes eine Besprechung verdient hatte. Auch
973 1710 2344 1774 jenen drei Neuheiten, deren ich hier kurz Erwähnung thun will, geschieht es nicht
966 1747 2348 1812 aus diesem Grunde, sondern weil ihre Schöpfer zu denen gerechnet wurden — und
971 1783 2346 1843 werden, wovon die deutsche Litteratur etwas zu erwarten habe. Die Herren
966 1819 2337 1883 Hartleben, Schnitzler und Dreyer konnten einst wohl mit Recht Anspruch darauf
975 1859 2343 1924 machen, beachtet und erwartet zu werden. Alle drei haben letzthin arg enttäuscht,
970 1898 2351 1960 alle drei haben sich als unfruchtbar und hohl erwiesen. Herrn Hartleben haben
975 1940 2346 2002 die Ehrlichen und Verständigen seines Freundeskreises bereits aufgegeben, von
970 1974 2348 2041 Otto Erich wird man vielleicht einmal später als Berliner Bohême-Original
982 2010 2349 2076 sprechen, der Dichter Hartleben wird trotz seiner hübschen lyrischen Kleinigkeiten
978 2050 2351 2110 vergessen werden. Sein jüngst im Schillertheater aufgeführtes Schauspiel „Ein
975 2088 2351 2148 Ehrenwort erstickte in mir die Ansicht, die ich bis dahin gehegt und gepflegt,
973 2127 2341 2189 daß Hartleben ein Dichter sei. Es ist so nach der Schablone gearbeitet, so technisch
982 2165 2343 2225 fast korrekt, aber so poesielos darf ein Dichter, selbst wenn er will, nicht schreiben
978 2203 2349 2274 können. Schnitzler's „Freiwild“ ist ein Tendenzstück, wie es von Roberts in seiner
982 2239 2349 2306 „Satisfaktion" besser geschrieben hat; Logik fehlt natürlich wie bei jeder Tendenz.
978 2286 2353 2339 Stellenweis ist ein Hauch von Poesie zu spüren, aber wie unmerklich gegen
978 2315 2346 2379 die „Liebelei“. Dreyer gebe ich auch verloren, ich glaube nicht, daß er das Haus¬
990 2355 2334 2412 Sachs=Spiel wieder zu Ehren bringen wird: das ist in seinem „Amerikafahrer
987 2396 2351 2455 selbst einem weit Größeren nicht gelungen; wir sind auch nicht mehr naiv genug,
982 2430 2349 2491 diese Schwänke zu lieben, und des Lustspiels, des neuen und echten, Zeit ist noch
978 2468 2351 2523 nicht gekommen. Die Zeit wird aber dann diese Männerchenstücke hinwegsegen,
2193 2510 2313 2573 N. W.
975 2518 1667 2596 denn es wird die Zeit der Männer sein.
