3436 4128
104 161 243 261 8.
265 161 415 236 Fre
802 154 1210 243 box 14/2
462 147 584 254 wil
433 1378 3276 1464 und Beny maßgebenden Gesellschaftsschichten ganz besonders hart ja selbst nicht ihre Verbreitung den Verlegern beybrüchereis Stadt Berlin außer dem ra¬
437 1436 3279 1504 an den Kragen, und da kam dem zahlungsfähigen Philister denn verboten ist, sondern das letztere vom Revier=Polizeibureau in haltung und Beleuchtung,
433 1471 3294 1532 allmälig die Einsicht, daß die im Kampfe gegen die Sozial der Elisabethstraße sogar den Bescheid erhalten haben, sie haben würde Eine besonder
1607 1579 3290 1640 nur so thue" zum gemeinsamen Souper mitzubringen. Paul Rönning, Revolutionär sagen, der ängs
580 1593 1439 1672 Kunst und Wissenschaft.
1611 1622 3290 1675 der dem Mädchen in aufrichtiger Verehrung ergeben ist, hat die gesinnten schielt. Als ob es
1611 1661 3294 1718 Genugthuung, daß der übermüthige Kavallerie=Offizier mit seinem als ob es nicht lebensmuthige
519 1658 1486 1722 Das Drama „Freiwild" von Arthur Schu¬
2767 1708 3301 1761 was man hat, ein gesund
1611 1700 2742 1754 frechen Ansinnen abgewiesen worden ist. Er lächelt und da¬
444 1697 1479 1758 wurde am Dienstag im Deutschen Theater zum
2767 1743 3308 1786 Es ist möglich, daß unter de
1607 1736 2742 1797 Lächeln erbittert den Oberlieutenant; der Offizier verlangt ein
437 1747 1471 1811 Male aufgeführt. Der Wiener Dichter suchte für sein Wer¬
1607 1772 3294 1837 Erklärung für dies Lächeln. Die verweigert der Zivilist ist die herbste Lehre in Sch
437 1772 1572 1844 in der deutschen Freiheit! Die seltsamste Beleuchtung öster¬
1607 1811 3304 1880 und es kommt zum Skandal. Wäre Paul Rönning dem Mordgeschoß des Offizie
440 1826 884 1894 scher Zensurverhältnisse!
1600 1862 3301 1919 wirklich der überlegene Mann, er hätte jetzt schon aber nicht gewiß; und um
523 1840 1543 1926 Jüngst war im Wiener Extrablatt, dem „Lokal-Anze
1615 1890 3297 1951 seinen Muth schwerlich an einem höchst Gleichgiltigen thätigen Eitelkeit willen ve
437 1890 1518 1948 der dummen Kerle von Wien, eine erbauliche Be¬
2767 1930 3283 1994 sich und das Glück seines
1618 1937 2742 1980 bewiesen, der unverkennbar Raufhändel suchte. Im Rauf wie
444 1937 1586 1990 zum Fall Brüsewitz zu lesen. Der Artikelschreiber
2767 1976 3294 2026 als daß er auf die be¬
1622 1973 2746 2026 im Duellkomment wird die Frage persönlichen Muthes nicht ent¬
444 1976 1586 2033 sich in die Brust und rief aus: Derlei könnte bei uns nicht vor
2774 2008 3297 2062 so wird er zum Verräther
1622 2012 2746 2066 schieden. Aber Herr Rönning will Leuten imponiren, an derer
444 2026 1586 2073 kommen. Dafür bürgt uns die gemüthliche Bonhommis de¬
1615 2044 3297 2101 Meinung einem wirklich Freien nichts gelegen wäre; und als lobte ihm entgegengebracht
444 2062 1590 2112 österreichischen Offiziers. Schnitzler Schauspiel wirft auf die
1611 2091 3294 2144 der Lieutenant die Mädchen vom Theater wie Freiwild be¬ der den verhaßten Rönning
444 2098 1586 2155 Pharis erweisheit und vaterländische Simpelei ein kräftige
2767 2130 3301 2187 verweigerer ebenfalls „Freiwi
1611 2127 2742 2184 frachtet und das Fräulein Riedel als „Bühnenmensch
440 2137 1582 2184 Schlaglicht, so wenig es dem freieren Geist an sich zu sagen hat
1611 2166 3301 2216 beschimpft, wird er von Rönning geohrfeigt. Von seinem danken und mit der verzweifel
437 2177 1579 2230 Gleiche Ursachen führen zu gleichen Wirkungen; und der be¬
440 2202 3304 2273 reichische Offizier ist demselben Kastengesetz unterworfen Temperament kann sich der gelassenste Philosoph hinreißen wird nun mein Loos?" schließ¬
437 2241 3279 2327 wie der deutsche. Die Differenz besteht nur in unwesentlichen lassen; und Rönning brauchte nicht geduldig zu fragen: Kann ein trübseliges Ende. Vom
1611 2280 3290 2334 ein bübischer Vorwurf ein braves Mädchen an seiner Ehre zukunftsfreudige Perspektiven
440 2291 748 2352 äußeren Formen
2771 2323 3304 2384 die Rede. Schnitzler's seine
498 2313 1765 2381 Wenn die Künstler unserer Tage mit Empörersinn freien Menschen kränken
1683 2331 3254 2424 Der Offizier, der nach österreichischem Brauch im Bade als in dem Drama Liebelei,
437 2366 1582 2420 werth gegen beengende, klägliche Klassengesetze abwägen, so
2767 2384 3319 2459 in der Schilderung öste
444 2402 2742 2459 ihnen so häufig ein Grundzug gemeinsam. Die Personen, die sie dienstfreier Mann nicht den Degen zu tragen braucht, ist nun
1611 2438 3301 2495 mit einem Spazierstock bewaffnet. Er kann die Züchtigung, die wienerischen Treibens in
440 2449 1582 2502 als Kampfer auffassen möchten, haben sich nirgend auf Neulan
1615 2474 3276 2538 ihm widerfahren, nicht mit einem Säbelhieb beantworten. Er Liebesszene treu geblieben.
455 2488 1586 2538 gerettet. Sie philosophiren viel, sie toben gelegentlich, aber in
2771 2520 3283 2574 aber nicht ein tiefgründiges
451 2520 2524 2574 Grunde sind sie taumelnde Ritter; sie schwanken zwischen zwei will sein anrüchiges Ansehen im Zweikampf heilen.
1686 2531 3312 2610 Dies Duell lehnt Rönning und und entschieden ab. Sein vielmehr ein klug zugespitztes,
451 2563 1593 2631 Welten irr umher. Sie meinen, den Teufel überwunden, zu
2778 2592 3301 2660 gefertigt, das durch den Se¬
1611 2588 2753 2646 Leben hat neuen reichen Werth; er hat sich mit Anna Riedel ver¬
444 2603 1257 2674 haben und Beelzebub hält sie fest am Kragen
523 2617 3061 2696 Solch unklarer, in sich brüchiger Held ist Paul Rönning in lobt und beschließt, mit ihr nach Wien zu reisen, und der Ver¬ wirksam wurde.
2835 2646 3304 2724 Durch eine Fülle prächtig
444 2674 2749 2735 dem Schauspiel von Schnitzler. Für sich verlangt er Vorurtheils achtung der Kreise, in denen er bisher verkehrte, zu
1615 2699 3297 2771 trotzen. Aber er entrinnt diesem Kreise nicht. Zuviel diesmal die Darstellung. So
440 2721 1590 2785 losigkeit und ist doch selber im Vorurtheil befangen. Er wird
440 2749 3312 2832 als unabhängiger Mann geschildert und reagirt andererseits von dem Blute der Menschen, die er zu verachten Hans Fischer in der Gest
444 2785 3251 2850 empfindlich auf verschiedenartige Reize jener Klasse, aus der er glaubt, lebt in dem seinen. Aller eitle Egoismus des Klassen¬ „Hausherrnsohn" Poldi
1607 2817 3272 2882 befangenen bäumt sich in ihm auf. Man hat ihm gedroht, als gutmüthig=beschränkter
444 2843 734 2907 hervorgegangen.
519 2846 3312 2925 In einem Badeort bei Wien giebt es ein Sommertheater, Karinski lauert ihm wie ein sprungbereites Raubthier auf. Man Schneider als leichtblüt¬
448 2900 3312 2968 das ein Theaterpascha nach den Grundsätzen des biederen hat seinen physischen Muth bezweifelt und der „überlegene gegnet man in Berlin kaum
3190 2939 3279 2996 Herr
444 2939 3129 3004 Theaterdirektors in Zola's „Nana" leitet. Die Herren Offiziere Könning" lebt auf einmal wieder in abgethanen Welten. Er Deutschen Theater.
444 2964 3315 3050 karessiren mit den Dächen vom Theater, nur die Naive will vor dem wilden verzweifelten Lieutenant stand halten; mit der gre satirischen Studi¬
444 3018 3315 3082 ein Fräulein Riedel, bleibt der Atmosphäre von Prostitution noch und wenn der ihn mit dem Säbel überfällt, will er ihn zufangen. Seiner Possenkomi
448 3057 3312 3129 fern. Das reizt den unbändigen, im Größenbewußtsein auf mit dem Revolver niederknallen. So grausam die Logik zu sehr norddeutsch legte de
444 3100 3294 3183 gewachsenen Oberlieutenant Karinski. Hitzig, verwegen, wie er ist, des Offiziers, so kraß das System ist, nach dem er handelt, so lieutenant Karinski an. Durch
444 3136 3172 3240 geht der Leichtfertige eine Champagnerwette ein, die Spröde, die doch liegt doch Methode darin. Was aber soll man zu einem geistigen Rönning) und Nissen.
