3344 4352
841 213 1261 315 box 14/4
143 213 689 315 8. Freiwild
1664 578 2814 683 keit, die keine Menschen kennt, sondern nur satisfaktionsfähige
1667 660 2817 718 Gentlemen und für die die Welt aus dem Duell oder, Ehren¬
1670 700 2805 765 rat und dem Vertreterprotokoll besteht: lauter Worte, zu denen
1670 744 2805 808 heute die Begriffe fehlen und die nun wie aufgescheuchte Ge¬
1675 794 2802 852 spenster anmuten. Das Ganze ist sozusagen eine Debatte über
1670 835 2805 893 etwas, worüber die Debatte längst geschlossen ist. Diesem
1661 870 2814 946 Schauspiel sind in den zwei Jahrzehnten und namentlich in den
1658 919 2790 984 allerletzten Jahren seine Voraussetzungen abhanden gekommen
1661 952 2805 1016 Mit dem antiven Offizier ist auch der Gegensatz zum Zivilisten
1661 998 2799 1062 verschwunden, die Welt hat jetzt ganz andere Sorgen als Duell¬
1661 1036 2793 1100 probleme und ganz andere Vorschriften und Gesetze als die des
1661 1089 2805 1141 Kodex zu befolgen oder zu umgehen... Auch das Abwaschen
1661 1121 2799 1182 von Beleidigungen mit Blut hat stark an Bedeutung verloren;
1655 1159 2805 1232 man hat in den letzten blutigen Jahren zu deutlich erkannt,
1661 1203 2796 1264 daß bei dieser Art der Reinigung die Ehre nicht sauberer wird.
1652 1249 2793 1316 Das Problem- und Tendenzstück sieht aus einer Distanz von
1649 1290 2790 1351 zwanzig Jahren ganz anders aus. Die Kühnheit ist zur Selbst¬
1664 1340 2790 1395 endlichkeit geworden und die Aktualität zur historischen
1655 1357 2799 1436 Anekdote, wie ja auch der „Leutnant Gustl gleichsam das
1655 1419 2793 1483 Spirituspräparat des österreichischen Friedensoffiziers ist. Aber
1649 1459 2796 1521 man darf nicht vergessen, daß alle diese Zuge, der Ehrenwahn,
1655 1500 2790 1559 der Du zwang, einmal wirklich tragische Motive waren, die
1661 1544 2796 1599 freilich im „Freiwild“, einem der schwächeren Werke Schnitzlers,
1652 1594 2805 1649 einen mehr beredsamen, als zwingend dramatischen Ausdruck
1652 1629 2799 1681 finden. Auf einem Nebengeleise rollt noch ein zweites „Freiwild¬
1652 1675 2805 1737 Motio: das Schicksal der klein Schauspielerinnen, die auch
1640 1725 2799 1786 vor und nach dem Theater nur als wehrlose Unterhaltungs¬
1652 1766 2790 1815 objekte gelten. Auch dieses Thema mutet in den Tagen der
1649 1798 2784 1859 strammen Schauspielerorganisationen und der Ehrengerichte
1649 1839 2787 1897 schon etwas historisch an. So sitzt man eigentlich während der
1652 1891 2787 1935 ganzen drei Akte vor einem Ausschnitt aus einem längst ver¬
1646 1935 2799 1988 gangenen Oesterreich, und obwohl auf der Bühne erbittert und
1238 1929 1617 2029 rung. Beginn
1646 1970 2782 2023 leidenschaftlich gesprochen und zum Schluß sogar geschossen wird,
470 1967 610 2069 .
1649 2008 2784 2081 denkt man sich unwillkürlich: was für idyllische Sorgen und
569 2020 1597 2102 Stadttheater.] In der Reihe von Artur Schnitz
1652 2052 2779 2104 Schmerzen haben diese glücklichen Menschen damals gehabt.
429 2069 1614 2154 lers Jugendwerken folgt das Schauspiel „Freiwild“ unmittelbar
1649 2090 2779 2148 Das Schauspiel selbst hat seine Probleme und Tendenzen über¬
461 2134 1611 2183 auf die „Liebelei — so wie auf die Süßigkeit der Liebeständelei
1643 2134 2779 2192 dauert und wirkt auch heute noch interessant und spannend, als
467 2174 2784 2236 der bittere Nachgeschmack folgt. Aus dieser melancholischen Theaterstück eines Dichters, besonders im Mittelakt, wo Für
467 2221 1611 2268 Stimmung heraus mag das Schauspiel „Freiwild entstanden
1655 2227 2779 2277 und Wider, Tendenz und Gegentendenz mit künstlerischer
482 2262 1605 2320 sein. Damals, vor mehr als zwanzig Jahren, hat es fast aus¬
1652 2265 2776 2317 Objektivität verteilt sind. Die Aufführung im Stadt¬
479 2309 2782 2364 schließlich als ein Problem- und Tendenzstück gegolten und theater, die dritte Wiener Premiere des Werkes, hatte gutes
470 2344 1605 2396 gewirkt. Als das Drama des Offiziers, den eine starre Standes¬
1646 2347 2782 2399 Niveau. Am besten Herr Philipp Zeska, der den beherzten
470 2364 2776 2452 ehre zwingt, die tätliche Beleidigung mit Blut abzuwaschen und idealistischen Feigling Paul Rönning sympathisch, unpathetisch
464 2425 1605 2484 das Drama des Zivilisten, der seine Auflehnung gegen den sinn¬
1643 2437 2770 2496 und mit sicherer Einfachheit spricht. Sehr nett das anmutige
473 2475 1599 2528 losen Duell zwang schließlich doch mit dem Leben bezahlt. Der
1634 2475 2779 2531 Fräulein Rosenquist, besonders in den Momenten herber
470 2510 1605 2566 zweite Akt des Stückes ist eigentlich nichts als eine Diskussion
1637 2522 2779 2571 und scheuer Mädchenhaftigkeit, von lustiger Drastik der Sommer¬
464 2548 2811 2639 über Ehrbegriffe und zugleich eine Satire auf jene Ritterlich¬ theaterdirektor des Herrn Nerz, wogegen Herr Strobl kein
607 2627 1261 2732 Neue Freie Presse, Wien
773 2709 1080 2796 Abendblatt
1357 2808 1658 2922 17. X. 1919
1424 3085 2574 3187 überzeugend echter Kavallerieoffizier war. In kleineren Rollen
1421 3158 2571 3225 waren die Herren Richter, Norfolk, Walther und
1427 3202 2568 3298 Böhm mit Eifer bei der Sache. Wirkung und Beifall waren
2376 3243 2551 3324 L. Hid¬
1424 3260 1643 3339 sehr lebhaft.
