3484 4384
121 208 646 317 8. Freiwild
807 212 1226 313 box 14/2
102 948 3173 1054 überwachen zur Zeit in Baden Hofrath Dr. Dorcher Athen meldet, der Kammer ein Gesetzentwurf zugehen. Arzt zu seiner schwer erkrankten Gemahlin zu ung
110 1003 3071 1105 und Dr. von Beck, während Geheimrath Dr. Czerny Die Ueberreichung des von der Nation gespendeten silber, holen. Unterwegs fiel er todt auf das Straßen¬
1109 1089 3181 1140 regungen, wie Spiel und dessen Begleiterscheinungen, noch am wie so verwirkt, mußte die Einsicht, nicht etwa die ver¬
3091 1120 3189 1187 sche
2108 1128 3067 1183 maledelte Tugend siegen. Herr Oberlieutenant Karinsky
114 1105 1073 1203 Theater, Kunst u. Wissenschaft.
1109 1136 2084 1183 Leben erhält, dessen seelische Roheit wir in riden Liebesanträ¬
3091 1160 3189 1207 erklä¬
1105 1163 3067 1238 gen erkennen, dessen offenbaren Minderwerth seine kavaliers=Sie haben trotzdem erbärmlich gehandelt, und Herr Arthur
603 1179 1019 1234 Mittwoch, 4. November.
2108 1222 3067 1269 Schnitzler, Sie haben — bei allem Respekt vor Ihrem im
3095 1203 3177 1293 ne
172 1187 2088 1277 A. Dr. Das modernste Beure der Lustspielliteratur widrigen Kaffeehausreden feststellen, kurz einen Menschen,
102 1250 3075 1316 ist augenblicklich dasjenige, in dem Kulturhistorie fein, der nicht verdient „des Königs Rock zu tragen! Dem ponirenden Können, Ihren frische Schilderungen und seinen
2108 1305 3185 1363 Details seis gesagt — Sie haben uns nicht mehr wie eindelig
1116 1308 2080 1367 steht ein Civilist, tugendhaft ohne Lächerlichkeit und von
94 1308 1089 1371 witzig und leidlich poetisch dialogisirt wird, die modernsten
1109 1352 3075 1414 jener amerikanischen Ritterlichkeit gegenüber, die auf der Fragezeichen mit einem schönen Gedankenstrich hinterlassen
110 1367 1077 1414 Dramatiker dagegen ziehen ihre Sujets aus den brennende
3099 1348 3193 1422 deres
2108 1402 3071 1453 Ein herzliches „Bravo dem kundigen Theatermann und
1116 1402 2084 1457 Stelle schützt und straft, wo sie sich dazu berufen fühlt
3095 1414 3193 1453 in ih
94 1402 1081 1477 Tagesfragen, deren jede sie rottenweise anfallen und halb
2108 1453 3197 1500 famosen Bühnenillustrator, ein leises „Schade" für den nur
1109 1453 2084 1504 Um beide Herren gruppiren sich ihnen entsprechende Ge¬
106 1449 1085 1532 erloschen auf dem Platze liegen lassen. Solch' ein Flacker
3099 1485 3197 1528 alten
2108 1489 3083 1551 Propheten, der unsere Seelen nicht zu befreien vermochte
1113 1496 2088 1555 folgschaften. Der Civilist ohrfeigt den Militär für
102 1500 1085 1559 leben ist zwar bald ausgeblasen, aber es ist kein
2170 1512 3208 1598 Der Erfolg des „Freiwild war ein großer, wenn
1109 1540 2088 1594 eine wissentlich falsche Verdächtigung einer Dame
106 1543 1085 1594 übles Beginnen, die Schaubühne gewissermaßen
3099 1551 3216 1602 Seela
1109 1579 3067 1638 und ein Duell zwischen beiden ist unvermeidlich, ihm auch des Beifalls ungezischte Freude nicht ganz zu
3099 1594 3201 1641 von
110 1591 1085 1665 als eine lebendig spiegelnde und Ehrfurcht ge¬
2112 1626 3208 1677 Theil wurde ! Gespielt wurde, gespielt — Herr Adolph Fors
1113 1634 2088 1688 Doch dies lehnt der Civilist mit einer mannhaften, jede
106 1638 1085 1692 bietende Lehrkanzel zu betrachten und von ih
1116 1665 3216 1732 Feigheit ausschließenden Erklärung ab, deren kurzer In¬ L'Arronge, der Sie im Theater saßen, sind Sie frei von Neid
110 1681 1085 1743 aus allem Volk Aufklärung zu predigen! Das Wor
1120 1704 3205 1779 halt sich in dem Sprichwort vom groben Klotz und groben Es geht auch ohne den Alten vom Berge! Fangen wir
110 1728 1085 1782 und die daraus entstehende That mit allen logischen
3103 1735 3216 1782 Natur
114 1751 3075 1826 Folgen hat immer die ungeheuerste Macht auf der Keil zusammenfassen läßt. Der Ehrenkoder wird straff oben im Zettel an! Da ist Oskar Sauer, ein erprobte¬
3103 1775 3220 1826 mit, 3
2112 1798 3228 1865 Darsteller solch vertrackter Rollen wie der Oberlieutenant ein be¬
1113 1810 2088 1869 angezogen, der Offizier muß seine Genugthuung haben
114 1814 1089 1873 Bildungsschule des Volkes, auf dem Theater! Ein¬
114 1841 3208 1916 Lehre, die alle unsere Sinne ergreift, unsere Irrthümer um seinen „Rock geschieht dies, um eben diesen Rock, den Karinski, besonders zu loben. Hermann Nissen, der Allem
2115 1884 3216 1959 „Verkörperer guter Herzen", hatte seinen Oberlieutenant
1116 1908 2092 1959 er unzweifelhaft, wie ihm schon angedroht ist, abzulegen
106 1904 1089 1963 wegrasirt und uns von Wahn gesunden läßt, ist besser auf
2108 1947 3083 1994 nach eigenem Herzen abgestimmt, Rudolf Ritter
1113 1951 2072 2025 vom Regiment aus gezwungen wird!! — Ohne „Rod
114 1959 1089 2010 dem Theater, wie auf einer Kanzel untergebracht und
1120 1986 3079 2049 tödtet er sich, sagt er, längst bevor diese kreirte den Civilisten und Ritter der verfolgten Unschuld
114 1994 1093 2057 entweiht eines nicht vor dem andern! Vier Propheten,
2112 2018 3236 2088 in jener wahren, ihm eigenen und niemals unser
114 2033 2088 2100 einer ist sogar aus dem Grabe erstanden, haben uns das Züchtigung zu ahnen ist, und für diese äußere, von
3142 2084 3224 2147 gang
2115 2072 3079 2135 Interesse loslassenden Weise. Hans Fischer und
1116 2080 2092 2147 jedem Ehrengericht ihm sicher abgesprochene Ehre schießt
118 2088 1081 2143 modernisirte fünfte Gebot „Du sollst Dich tödten lassen
3130 2119 3236 2170 Bon¬
1120 2119 3079 2182 er den Civilisten über den Haufen! Also nur für seinen, Emanuel Reicher boten zwei Kaffeehaustypen, jede
114 2131 1089 2190 vom Theater herab in vier verschiedenen Offenbarungen
3107 2139 3216 2213 Zur
1120 2170 3079 2229 kleinlich persönlichen Ehrenwahn, noch dazu nach einer in ihrer Weise famos! Ein Husarenlieutenant
114 2186 1089 2241 verkündigt und uns darthun wollen, warum „Ehre"
1109 2209 3075 2276 ihm gerecht ertheilten, freilich harten Strafe knallt er den von Hermann Müller dargestellt, gehört von nur
3138 2225 3248 2280 Deut¬
114 2225 1089 2284 „Muth" und „Todtschlag“ so merkwürdig viele Ansichten
1113 2256 3079 2323 „Kerl wie einen Hund nieder! Mag sein, daß jeder an zu den Sehenswürdigkeiten für alle Lieutenantspieler
110 2276 1089 2327 und Auslegungen vertragen. Arthur Schnitzler
2112 2307 3079 2358 Guido Tielscher spielte einen „Sommerdirektor
1116 2311 2092 2366 Offizier so handeln würde, aber in unseren
114 2319 1093 2370 ein Dichte bester Art in Tages= und Sittenfragen, ist der
3165 2339 3259 2409 .
2112 2350 3087 2413 jeder Zoll ein Seelenverker, und — so köstlich hat er
1120 2350 2088 2413 und auch in den Ange seiner Umgebung ist diese
114 2362 1089 2413 vierte der kürzlich vom Geist getriebenen Propheten
2112 2374 3252 2448 noch nie übertrieben! Die Künstlerschaar der Herren Teufel,
1116 2405 2092 2456 Oberlieutenant kein Kavalier, nur noch ein
114 2413 1089 2460 Sein „Freiwild“ ist eines jener wundervollen Tendenzstücke
3103 2429 3259 2480 Hausflu¬
1120 2441 3079 2503 Mensch auf Abbruch — sein Ehrgefühl ein Selbstbetrug, Marx, Biensfeldt, Reinhardt, der Damer
114 2460 1081 2507 deren Lehre man erst merkt, wenn man sich vom Gewal
3103 2460 3255 2531 Sonntag
2115 2488 3083 2546 Schneider und Eberty war so schminkecht, wie nur
3169 2499 3252 2550 Im
118 2495 2092 2558 streich der Geschehnisse erholt hat! Man empfindet dem sein Kamerad, der für ihn sogar ein Scheinduel
118 2523 3267 2597 nicht, daß uns eigentlich gepredigt wird — ein hohes arrangiren will, mit einer scharfen Zerstörung, nicht mit möglich. Fräulein Trenner, die ernste, unüberwind, ist der
2112 2574 3255 2636 liche Flotte", bot all den Stürmen auf ihre Zugehörigkeit tausend
1120 2586 2088 2636 bloßen Ueberredungsphrasen zu Leibe gehen müßte. Es
114 2589 1081 2648 Verdienst des Autors! Schon in Schnitzlers „Liebelei
3107 2609 3248 2660 ist mehr
2115 2625 3075 2703 zum Frawil, den Trotz ihrer Schönheit und das Talent
1120 2629 2088 2687 ist eine Willkür des Verfassers, keine Logik, daß der Offi¬
114 2644 1097 2691 war etwas von „Freiwild“ vorzuahnen! Hier wie dort
3099 2644 3271 2695 Sehen
1116 2664 3079 2738 zier der Erstschießende ist, auch der Civilist ist bewaffnet, solche Nolle zu gestalten. Die Regie des Herrn Lessing
3107 2683 3240 2730 gestellt,
114 2683 1093 2734 sind jene armen Weiber geschildert, die ein „Freiwild" für
3099 2715 3252 2785 liegende
1120 2715 3075 2781 und hätte er eine fixere Hand, so läge der Andere machte aus der Bühne eine riesenhafte camera obscura
114 2730 1089 2785 jeden Mädchenjäger von Beruf oder Zufall abgeben, un
3173 2754 3267 2801 Sch
2112 2758 3087 2813 — alles belebt, alles echt und schön. Hätten sich noch die
1116 2770 2092 2817 am Boden und — das Stück wäre ebenso unbe¬
114 2770 1089 2825 hier wie dort wird das Gebot aufgesagt: Du solls
3103 2770 3263 2844 der Hoch
2115 2801 3079 2860 Blätter an den Bäumen bewegt, dann wäre die Vor
1124 2809 2092 2864 friedigend abgeschlossen, wie auf die erstgenannte Art
114 2817 1093 2891 Dich tödten lassen! Nur ist der Ausgang der
3126 2825 3283 2883 — könne
1116 2848 2981 2907 Ganz anders hätte sich die Sache gestaltet, wenn beide täuschung eines Kleinkarlsbad vollkommen gewesen.
3095 2864 3236 2926 Ich
114 2860 1093 2922 „Liebelei" im Grunde logischer, als der des „Frei¬
3165 2875 3271 2946 And
2186 2879 3083 2954 Von Herrn Blumenreich, der schon in unsere
114 2903 2053 2966 wilds". Schnitzler, der mit haarscharfer Logik Gegner absolut einwandfrei, beide unantastbar wären
3107 2934 3271 2985 nur im
1120 2919 3083 3009 damit wäre eine literarische Großthat zu liefern gewesen, Mittagsausgabe mit seiner italienischen Erholungsreise
118 2954 1097 3013 aus einem Nichts die große Duellfrage hervorzaubert, ihre
3099 2973 3275 3020 brecher:
1120 2989 3079 3048 eine erschütternde, nicht bloß spannende — Predigt über figurirt, trifft soeben ein Schreiben kurz vor Schluß der
121 2997 1058 3052 Entwickelung und ihrer ganzen kalten Pomp erörtert
3114 3005 3267 3079 fänglich
1124 3032 3083 3091 das verkehrte fünfte Gebot! Daß der Herr Oberlieutenant Redaktion ein, das uns mittheilt, die Herren Sehring
118 3040 1093 3099 wird von dieser Logik zuletzt selbst zerstückelt, und nicht¬
1124 3071 3083 3138 später eine Kugel für sich übrig hat, ist zwar sehr Rosenthal und Kaufmann haben und eine Privatklage
118 3091 1093 3146 bleibt übrig, als ein quälendes Fragezeichen! Was haben
2119 3122 3079 3208 gegen ihn angestrengt und die Zurücknahme derselben, so¬
1124 3126 2088 3185 schneidig, löst aber keineswegs die angeregte Sache un
129 3130 1097 3193 Sie gewollt, Herr Arthur Schnitzler?! Sie zeigen un¬
118 3161 2919 3236 einen Offizier, über den die Kameraden den Kopf schütten, deren komplizirten Apparat! Selbst auf Kosten der weit sie Herrn Kaufmann anlangt, siehe bevor.
2186 3208 3107 3291 Der Ursprung der Tatowirung. Es ist die Haupt¬
121 3228 2119 3318 von dem behauptet wird, daß er sich durch künstliche Auf¬ Standesehre, die, wie ausgeführt, in diesem Spezialfall so
227 3283 1453 3612 Mlle
