3484 4384
883 145 1291 255 box 14/3
193 153 725 260 8. Freiwild
1366 765 1536 860 Nr. 36
638 778 1028 868 6 Februar 1898.
257 891 567 963 Vorprüfung ein¬
788 888 1361 973 Ballkalender für heute.
668 936 1580 1005 Weißes Kreuz=Ball (Sostensaal). — Kränzchen
243 993 1583 1038 lbst von dem jetzt der Papier= und Schreibwaaren=Interessenten (Kauf¬
588 1031 1570 1078 männischer Saal). — Slavisches Kostümkränzchen (Ro¬
250 1035 557 1095 stehenden Kriegs=
588 1071 1571 1138 nacher). — Kränzchen des Vereins „Einklang" (Dreher¬
253 1083 553 1143 lich Aufnahme zu
592 1111 700 1168 Park).
268 1126 555 1190 die Chance von
253 1173 557 1238 vor sie sich einen
257 1225 560 1285 lange — ver=
733 1200 1448 1306 Eine, dies versteht.
673 1270 1581 1360 „Segen, dös is amal a Stuck, wo ma ganz ruhig
258 1308 562 1371 erte von sehr be¬
593 1345 1583 1425 a jung's Madl mit eininehmen kann und to ma do waß,
255 1358 557 1423 end vollkommen
592 1393 1258 1461 daß sa si dabei was außanehma kann.
288 1406 553 1485 für die höhere
680 1421 1586 1490 Als die „Blaue Kugel=Resi aus dem Munde ihrer
593 1478 1593 1541 mütterlichen Freundin vernahm, daß man sich bei dem
257 1488 555 1566 dienstes treten sie
592 1535 1590 1585 Stücke „Freiwild was autanehma kann, war
258 1555 557 1616 tersjahre herunter
592 1575 1581 1630 ihr Interesse schon nicht mehr so rege und sie äußerte
258 1600 557 1663 na, als Elastizität
592 1626 1591 1683 dies auch unverhohlen gegen die Frau Sopher. „Wissen
268 1646 560 1705 Ehrgeiz in dem
603 1671 1570 1725 S, wann i hör, daß man junges Madl einnehmen kann,
258 1686 560 1760 großen Theil ver¬
593 1713 1586 1771 sagte sie, „so hin schon nimmer so neugieri d'rauf; denn
263 1736 432 1803 e werden.
600 1761 1593 1818 für mi haben dö Stuck halt den meisten Reiz, die die
265 1768 562 1846 g werth, darüber
593 1811 1298 1886 Zensur, oder die Gott verbeten hat.
265 1833 560 1895 wäre, allen jenen
680 1833 1590 1908 „An Ihna is nix mehr zu verderben," antwortete
268 1880 558 1936 ambitionirt sind,
593 1901 1593 1960 die Frau Sopher. „Das is wenigstens amal a Stuck, wo
268 1928 553 1996 blich Gelegenheit
592 1946 1590 2009 net der Schneider Stern oder der Drecoll die Kapell¬
277 1973 463 2033 absolviren.
592 1988 1593 2048 master san, dö die Ouvertür mit die dekotelettirten
262 2023 558 2078 piranten in den
588 2043 1586 2103 Klader und dö Zwischen nacktmusik besorgen. Wie
288 2061 557 2124 die Ausbildung
600 2088 1586 2146 gelesen habe: „Freiwild", so hab' i mir schon denkt,
268 2111 558 2169 Jugend des öster¬
592 2136 1591 2194 denki mir: „Aba, da wildelt schon der Titel. Und der
272 2158 553 2223 lange nicht mehr
593 2184 1596 2234 Dichter, der Herr Natur-Schnitzler, is a net ganz
592 2226 1581 2284 vertrauenswürdig; der hat nämli das Stuck: „Lieblerei
277 2239 560 2309 obenen Kadetten¬
600 2268 1600 2331 g'schrieben, das was no der Direktor Burckhard — Gott
272 2298 557 2361 Regelmäßigkeit
593 2316 1600 2376 tröst ihn und laß in selig dichten — aufführen hat lassen.
272 2346 562 2409 nach Wien. Auch
592 2366 1600 2421 Hernach habe mir aber do wieder denkt, vielleicht is dos.
280 2391 557 2451 fenen 239 Offi¬
597 2416 1595 2473 so a Wildschützengeschicht, wo der Wildschütz und der
283 2439 557 2503 ilitär=Akademie
600 2454 1600 2516 Jager dasselbe Madl gern haben und wo die ganze Zeit
280 2484 563 2543 re, welche eine
597 2506 1596 2561 de Büchsen an der Wand hängt, wo ma allerweil zittert,
292 2531 557 2594 (32 Aspiranten
600 2551 1590 2609 daß Aner von die Zwa An von die Zwa derschießt
280 2566 563 2639 dene Porte-pée
597 2599 1603 2649 Aber es hat sich eigentlich um ganz was Ander's gehandelt.
597 2646 1603 2704 Nämli, dös is a so. Der Herr Paul Rönning hat
280 2669 563 2731 dungsprovenien¬
600 2691 1598 2743 die Fräulein Riedel gern, die trotz ihre jungen Jahr
273 2718 565 2784 ten dieses Jahres
607 2741 1596 2793 schon die Naiven spielt. Sie is a schön's Madl und
322 2761 563 2823 167 auf die
600 2784 1601 2838 darum steigen ihr a die Offizier alle nach. Besonders der
273 2804 563 2871 rie, 25 auf die
607 2828 1596 2889 Herr Karinsky, das is schon der Wahre. Der hat's
283 2854 565 2916 rtillerie, 14 auf
607 2876 1596 2929 nothwendi. Soll liaber seine Schulden zahlen. A schöne
283 2903 567 2976 Eisenbahn= und
607 2919 1600 2973 Ehr für die anderen Offizier, so a Frücht. Der Herr
603 2968 1611 3039 Karinsky alsdann gibt der Fräulen Riedel ka Ruah, dö a
298 2961 565 3058 zweite, ja eine
597 3019 1603 3069 anständig's Madl is und will von ihr durchaus a
283 3043 567 3106 ziell zu eröffnen
600 3061 1600 3116 Randiwu. Er schickt a Zetterl an sie ab und gebt
280 3089 568 3153 n für diese hohe
597 3109 1605 3164 sogar selber hin, wird aber net einilassen. Natürli hat der
288 3138 562 3199 im österreichisch¬
597 3154 1600 3206 Lump, mit Respekt z melden, um zwanzig Flaschen
298 3186 565 3243 den zwar ab=
607 3201 1598 3256 Schampani wetten müssen; von was für an Geld, frag¬
273 3224 563 3293 getheilten Kriegs¬
597 3244 1603 3296 ? Von seiner Gasch"? Daß i net lach! Wie er alsdann
292 3273 557 3332 hochintelligente
597 3291 1603 3347 derzählt, daß ihn de Fräul'n Riedel hat abblitzen
283 3326 567 3381 bereitete Jugend
600 3337 1601 3391 lassen, muaß natürli der Herr Paul Rönning dazu
283 3367 565 3427 ander segensreich
597 3384 1603 3432 lachen — selbstverständli, weil ihm's der hätt' voraus¬
280 3409 568 3494 hisch=ungarischen
602 3427 1601 3486 sagen kenna, daß die Riedel zu sowas sein Lebta net
592 3481 1603 3537 z'hab'n is. Da is aber in Herrn Leutenant der Bitzl g'stiegen
600 3524 1608 3577 und er fragt in seiner schnöderigen Weis, warum der Herr,
600 3566 1601 3619 Rönning gelacht hat? — I hätt' gesagt: „Schmecks, Kropfeter,
597 3611 1600 3669 brauchst ka Nasen." Der Herr Rönning hat si aber
302 3629 565 3714 in den Soffen¬
607 3654 1608 3711 viel manierlicher ausdruckt. Drauf schreit der Herr
292 3696 568 3759 er Männer¬
600 3702 1601 3761 Lieutenant: „So a Frauenzimmer soll sich eine Ehre
295 3746 563 3807 das lustig
600 3749 1601 3806 daraus machen", und dabei betont er das Frauen¬
298 3791 570 3849 „Willkommgruß
607 3799 1600 3859 zimmer so gewiß quasi, daß sa si angehört hat —
280 3839 572 3901 njamin Schier
600 3841 1601 3894 mag gar net sagen wia. Natürli hat ihm d'rauf der Herr
298 3886 563 3947 Die zweite Chor¬
603 3886 1601 3941 Rönning Ane anschau'n lassen, was do in so an Fall
287 3932 568 3997 Max v. Wein¬
607 3931 1601 3996 jeder gebildete Mensch that. Zum Glück hat der Herr
292 3979 567 4041 zig angemeldet.
602 3976 1601 4039 Karinsky kan Säbel bei eahm gehabt, sunst hätt' er den
302 4022 568 4084 r Gasrohr¬
600 4027 1601 4084 Watschenspender nach der Dienstvorschrift in einen Dezimal¬
295 4067 570 4127 Burgmusik"
603 4074 1593 4151 bruch Null Ganze fünf Zehntel sechshundertel verwandeln
2601 778 2908 858 Wien, Sonntag
2021 781 2191 868 Nr. 36
1988 883 2976 956 an die Gurgel fahren — alles Uebrige geht es Bezirks¬
1990 918 2969 1001 gericht an. A verbeirater Mann, der für a Frau und
1985 966 2969 1038 Kinder sorgen hat, könnt nachdem von jeden über¬
1991 1013 2969 1096 nächtigen Haberlampen gezwungen werden, mit ihm
1995 1071 2978 1135 „Mörder" z'spielen. Sei Leben is kane drei Nuß werth,
1988 1103 2968 1176 weil er si auf d Wochen eh wegen Schulden derschieße¬
1995 1150 2969 1226 müßte; mei Leben is mir aber tausendmal mehr wert
1991 1201 2983 1270 und meinen Kindern a. Was is dos nachdem für
2000 1241 2974 1323 Tausch? I in mir aus seiner Haut ka Regenschirm¬
2008 1296 2551 1378 futteral für mei Standl machen.
2086 1313 2979 1410 Die Freund aber werden ganz barb auf ihm, und
1996 1381 2983 1478 der Poldi, a Erzgigerl, fragt ihn no zum Schluß:
2000 1428 2976 1506 „Mensch, weißt Du denn net, daß mir Leute von Stand
2003 1470 2979 1543 einen Ehrenpokoder haben?" Und davon war er net ab¬
2009 1528 2756 1600 bringen. Haben Sie so was schon gehört?
2101 1546 2989 1636 Jetzt kommt no amal der Herr Rittmeister und ed
2006 1610 2989 1698 ihm zu, er soll si unelliren; denn der Karinsky is
2004 1656 2984 1745 verloren, wann er net dunellet; weil er quittiren muß
2009 1703 2991 1771 und das überlebte net. Sowas! Weil der Herr Lieu¬
2006 1751 2994 1818 tenant als Zivilit wahrscheinlich no mehr Waschen
2006 1798 2999 1861 kriaget, möcht er mit sein Sabel weiterrasseln und der
2011 1848 2989 1915 Andere soll si extra derschlaßen lassen. Ma glaubt gar net
2006 1895 2998 1960 daß ma im neunzehnten Jahrhundert lebt. Da sieht ma
2014 1936 3001 2014 erst, wie weit mir Bürgersleute dieser Gesellschaft mit
2624 1978 2993 2049 er Kultur voraus san
2016 1996 2588 2056 ihren gläsernen Ehrenpokoder in
2624 2028 3001 2098 rlichen Gesetzbuch voll¬
2021 2031 2594 2106 Mir kummen nämli miten bür
2609 2071 3001 2139 aber braucht a Extra¬
2018 2089 2573 2148 ständig aus. Der Herr Karins
2654 2118 3001 2188 Ehren....; drum
2021 2128 2558 2189 wurscht — er is a Mensch mit
2609 2168 3001 2236 Gegner übern Haufen.
2021 2178 2568 2249 schlaßt er im letzten Akt sei¬
2021 2223 3001 2279 Solang aber net a Gesetz kumm, das solchen Früchteln,
2018 2268 3009 2341 dö aus bloßen Uebermuth mor möchten, fünfzwanzig
2026 2326 3009 2376 auf ihren Ehren — richti, & der haßt's — aberhauen,
2024 2353 3006 2433 wird ka Ruah sein. Und das war a Wohlthat für alle
2024 2413 2509 2481 wirklich ritterlichen Naturen.
2663 2434 2984 2503 V. Chiavacci.
2296 2531 2758 2624 Nor¬
3084 913 3199 1006 Wad
3008 988 3191 1065 die Spezia
3096 1036 3198 1093 Abge¬
3009 1071 3188 1141 intensivere
3009 1111 3208 1191 meinte, me
3013 1176 3213 1235 Textili¬
3008 1218 3203 1283 aufnehmen.
3099 1266 3203 1326 Hand
3009 1311 3209 1383 wicklung
3019 1355 3214 1420 gefördert.
3016 1406 3211 1468 daß sie die
3016 1453 3191 1508 die Hand
3019 1498 3211 1560 Tertii
3016 1541 3194 1603 unterstütze
3023 1591 3191 1651 sind, den
3026 1638 3169 1696 Deshalb
3014 1683 3218 1745 Meere
3031 1726 3171 1791 schaft
3023 1768 3216 1835 ungari¬
3026 1818 3209 1885 sichert. Di
3028 1873 3206 1938 ein Gesetz¬
3026 1948 3213 2024 bahnnetz in
3033 2008 3203 2066 bringen.
3028 2049 3211 2119 mitteln be¬
3038 2096 3213 2156 ziemlich
3033 2143 3188 2206 bestehen,
3038 2191 3228 2251 verkehr sei.
3034 2236 3216 2301 der Flüsse
3041 2286 3229 2346 solche Hä
3046 2329 3164 2386 gerecht
3043 2368 3223 2439 Zentru
3036 2421 3233 2488 gemacht v.
3046 2473 3236 2533 für gan
3029 2511 3218 2574 Klage dar
