3436 4256
196 191 373 285 8.
894 151 1295 271 box 14/4
399 172 705 285 reiwi
1090 1201 2611 1316 we,
380 1330 1422 1392 Die 20. Fortsetzung des Romans „Irma" von Adolf
1451 1335 2590 1411 Alle, die das Geheimnis dieses Gebarens kannten — auch
2621 1352 3331 1425 er seinen Plan auf langen Morgen
375 1378 1127 1429 Wilbrandt befindet sich auf Seite 19.
1446 1392 2592 1460 der Gouverneur — hatten in kurzer Zeit Reichtümer auf¬
2635 1406 3321 1477 ausgedehnten Garten, der für die
1446 1448 2597 1512 gehäuft. Lessing, der sich nie auf Gelderwerb verstand, zog
2628 1448 3335 1512 wie geschaffen war. Im Schatten
1448 1495 2394 1557 es vor, in anderer Weise sein Glück zu suchen.
2639 1498 3340 1569 Fabel seines Lustspieles lebendig
498 1467 1201 1602 Feuilleton.
1536 1531 2597 1602 Nach den Berliner Tagen der Sorge schienen alle
2630 1554 3347 1613 mit allen Früchten einer neuen We¬
1446 1559 2590 1642 Elemente seines heiteren Wesens neu erwacht. Er zechte,
2625 1587 3340 1661 heitersten Episoden und den kräf
668 1585 1033 1682 Soldatenstücke.
1446 1625 2588 1687 tollte, durchwachte die Nächte bald vor seinen Büchern,
2623 1637 3354 1705 Das Leben und des Dichters nach
1451 1670 2588 1743 bald bei Spielgenossen, die er in militärischen Kreisen und
502 1663 1184 1741 („Minna von Barnhelm", „Freiwild.)
2628 1691 3340 1755 ihre charakteristischesten Züge Der Wi¬
1455 1717 2590 1778 in der Schuchischen Theatergesellschaft reichlich fand.
354 1720 1413 1793 Zur Feier des hundertvierzehnten Geburtstages von
2630 1727 3352 1790 im Schauspiel die nämliche Rolle,
1444 1767 2590 1840 Goethe, der etwa zwei Jahrzehnte später regelmäßig nach
2625 1781 3342 1849 nisse ihm angewiesen, ein Major v. Bi
257 1778 1411 1837 Grillparzer, der auf der Wiener Bühne so wenig wie bei
1448 1800 2590 1880 Karlsbad kam, entsetzte die Hausbesitzer der Alten Wiese,
2635 1828 3345 1889 hafti keit sprichwörtlich ist und der de
257 1835 1401 1892 einzelnen Preisverteilungen, die an ihn gemahnen sollten
1444 1861 2592 1925 weil er während einer harten Entsagungskur ein tolles Leben
2623 1878 3333 1941 weil er ein Meisterschütze war, wird
257 1882 1406 1934 richtig gewürdigt wird, war jüngst im Deutschen Volks¬
1458 1904 2588 1965 führte. Keiner von ihnen wollte den Dichter des „Werther
2630 1920 3349 1981 Paul Werner, ein Oesterreicher, spät
257 1929 1411 1979 theater eine Aufführung von „König Ottokars Glück und
1446 1958 2576 2024 ein zweitesmal bei sich aufnehmen; ähnlich war auf
2635 1972 3328 2024 preußischen Diensten, der Typus
267 1972 1401 2036 Ende geplant. Die löbliche Absicht blieb unausgeführt
1444 2003 2599 2066 Lessing in Breslau genötigt, sein Quartier öfter, als er
2628 2017 3333 2069 militärischer Treuherzigkeit, kommt
274 2019 1415 2078 statt der versprochenen Tragödie wurde „Minna von
1441 2047 2585 2102 wollte, zu wechseln, bis er im Regierungsgebäude dauernde
2630 2059 3347 2121 die neue Dichtung. Der wirkliche
257 2066 1401 2125 Barnhelm" in flüchtiger Vorbereitung zur Darstellung ge
1446 2095 2588 2151 Unterkunft fand. Einer seiner Wirte, der stadtbekannte
2628 2104 3345 2163 namige Figur Lessings in den Hin
267 2113 1408 2170 bracht. Dieses Lustspiel, durch den Wechsel rührender und
1448 2142 2580 2203 Pfefferküchler in der Schweidnitzerstraße, stellte, um Nach¬
2628 2149 3345 2215 es nicht verdient, vergessen zu wer¬
267 2161 1411 2220 heiterer Stimmungen das Vorbild der „comédie, ist, wie
1453 2187 2578 2243 für manche Ruhestörung zu nehmen, unter Torten, Biskuits
2628 2203 3345 2257 hatte er, nach der Behauptung seiner
257 2201 1411 2267 „Ottokars Glück und Ende ein nationales Stück. Das
1444 2238 2590 2290 Marzipanen und Leckereien das mißgestaltete Lebkuchenbild
2628 2246 3328 2319 wicklung der Weltgeschichte in der
262 2257 1418 2319 eine wird von dem Geiste des josefinischen Oesterreich, das
1446 2288 2555 2340 eines „Nachtwächters aus, das in weißen und roten Zück
2623 2290 3342 2368 10. April 1741, in der Schlacht von
255 2312 1408 2368 andere von dem volkstümlichen Zuge beherrscht, welcher
1446 2326 2590 2396 buchstaben den Namen Gotthold Ephraim Lessing trug.
2630 2340 3342 2404 die überlegene Waffe der Pre
262 2347 1408 2422 die klassische Epoche der deutschen Literatur eingeleitet hat.
1444 2371 3342 2458 Aber der Titane, der in dem scharfen Tadel zeitgenössischer rasch entscheidend zeigte, als man
354 2394 1411 2465 „Minna von Barnhelm" war das Bild einer
1448 2420 2585 2488 Mittelmäßigkeiten sich zur kritischen Größe emporschwang,
2628 2439 3290 2496 Fredrichs geriet in Schwanken,
264 2425 1415 2498 glücklichen Zeit des Dichters. Er hatte eben die Sekretär¬
1446 2470 2590 2531 bald als Journalist, bald als Dichter die mächtigsten Ein¬
2628 2467 3347 2550 Gefahr, gefangen zu werden, er
274 2491 1408 2555 stelle bei dem Gouverneur von Schlesien, dem General
1453 2517 2590 2583 drücke hervorgerufen hatte, konnte, wie einer unserer
2623 2526 3335 2595 walt eines österreichischen Husaren,
257 2540 1411 2604 v. Tauentzien, angenommen, und lebte fern von den
1453 2564 2590 2630 größten Poeten meint, zeitweilig die persönliche Würde
2625 2578 3345 2639 König, folge mir!“ rief der dan
250 2580 1408 2668 Berliner literarischen Kampfesstätten in Breslau, das, ein
1446 2613 2592 2665 wegwerfen, weil er sich zutraute, sie jeden Augen¬
2630 2625 3335 2677 seinem gefährlichen Feinde zu, der
267 2630 1420 2696 zweites Prag, in Häusern, Plätzen und Kirchen eine
1448 2656 2592 2717 blick wieder zu finden. Sein zerstreuendes Wirtshaus, und
2623 2675 3342 2731 Schulter zu legen wagte, und wirkli
267 2684 1420 2736 große Vergangenheit offenbarte. Dies steinerne Geschichts¬
1446 2703 2583 2762 Weltleben hinderte ihn nicht, den Geist, der sich um ihn her
2616 2720 3333 2779 Friedrichs. Werner ging ihm nach,
262 2722 1406 2786 buch mit dem bischöflichen Viertel, dem Rathause als
1446 2748 2585 2826 überall mächtig regte, glücklich zu erfassen. Der Theater¬
2616 2767 3333 2840 militärischen Ruhmesleiter Preußen¬
252 2774 1408 2845 Wahrzeichen der alten Stadt, dem Ring und dessen
1448 2795 2394 2871 dichter in ihm sollte sehr bald kräftig tätig sein.
2616 2814 3069 2882 andern emporzusteigen.
255 2819 1406 2887 Nebengassen, blieb bis zum heutigen Tage vielfach unver¬
1533 2819 2592 2899 Ein Vorgang im „Gasthofe zur Gans" — derselbe
2703 2854 3340 2920 Auch Riccaut v. Martinière, in
267 2864 1411 2927 sehrt. Ein palastartiges Haus mit breiten Fenstern
1446 2873 2580 2953 besteht heute noch — hatte sein Denken außerordentlich
2623 2882 3345 2960 ein Abbild des Parasiten der aller
255 2911 1401 2979 und düsteren Mauern in der Junkerstraße, das jetzt noch
1444 2932 2585 3003 beschäftigt. Eine junge schöne Dame war in Gefahr ge¬
2623 2956 3347 3007 wollten, ist eine Gestalt, die der Die
255 2967 1408 3026 unerschüttert auf seinen alten Fundamenten ruht, ist das
1446 2979 2585 3040 kommen, ihres Geliebten durch dessen übertriebene Ehr¬
2616 3007 3359 3078 zu Pyrmont sich gegenüber sah,
257 3010 1413 3076 preußische Gouvernementsgebäude, in dem Lessing wäh¬
1446 3022 2588 3088 begriffe verlustig zu werden, sie suchte ihr Glück persön¬
2628 3040 3345 3109 für die Reden eines Industri
255 3066 1411 3123 rend des siebenjährigen Krieges einem milden Herren¬
1441 3069 2588 3142 lich aufs neue zu erkämpfen, und ihre Absicht gelang.
2616 3099 3335 3144 Buch: „Histoire des Grecs ou de
250 3099 1408 3173 dienste oblag. Hier dinierte er im ersten Stock täglich mit
1446 3123 3288 3210 Solche Energie, glaubte Lessing, müßte auf der fortune au jeu, dessen Verfasse
262 3149 1403 3213 seinem Chef, hier amtierte er in einem Hofgemach, um
1441 3173 2588 3231 Bühne Wirkung üben. Eine hitzige Krankheit wirft ihn
2618 3173 3366 3267 Falschspieler enthüllen wollte, die von
250 3203 1408 3257 die Verträge zu schließen, die bei den so häufig dekre¬
1441 3217 2578 3272 nieder, der Gedanke an das Stück, das er im Kopfe
2618 3231 3309 3298 des Betruges über Europa warfen.
238 3246 1411 3319 tierten Münzverschlechterungen Friedrichs II. nötig waren.
1441 3257 2588 3340 trägt, erfüllt seine Fieberphantasien; genesen, überdenkt
2616 3272 3347 3368 Anschauungen Riccauts Ange Goude
