3484 4384
125 214 661 323 8. Freiwild
817 219 1214 323 box 14/2
398 705 1526 801 die Natur, also der Zufall, ist nicht im Stande, die Wasser¬
1560 710 2683 814 eingelassen verbundenen Hagenau geben. Die
164 725 344 826 aparent
410 780 1523 835 straßen in der Gestalt eines trigonometrischen Netzes anzu¬
1580 796 2693 869 angehenden Lehrer sollen hier in gründlichen Studium
171 808 343 874 gegrübelt
401 827 1514 895 legen, und zwar so zweckmäßig, wie es notwendig war, um
1565 842 2686 916 besonders aneignen eine Uebersicht über den Zusammenhang
185 860 340 926 ohne
400 873 1521 960 einen raschen Verkehr, ohne Zeitverlust, nach allen Seiten
1576 882 2693 954 der einzelnen Wissensfächer, eingehendere Kenntnisse in der
174 907 341 967 ten als
401 918 1051 1019 den Marswelt hin zu ermöglichen.
1604 931 2693 994 hysiologie, der Psychologie, der Kulturgeschichte, der
169 956 341 1024 in der
1581 982 2694 1055 deutschen Sprache, der Pädagogik, der Methodik und
172 999 336 1064 von der
1573 1035 2694 1103 Didaktik und in der Schulgesundheitslehre. Am Schluß
478 1025 1513 1102 Die von Oberlehrer Arnold Ohlert dem Unter¬
176 1055 336 1112 vor, wie
1566 1087 2694 1144 seiner Denkschrift bittet der Verfasser, das Unterrichts¬
169 1095 333 1154 tümlichen
406 1086 1516 1160 richtsministerium im Juli d. J. überreichte Denkschrift
1575 1136 2688 1201 ministerium wolle eine beschränkte Anzahl von höhern
174 1144 340 1212 geübtesten
400 1146 1521 1209 betr. die Umgestaltung des preußischen
1573 1173 2688 1242 Lehranstalten auf den angegebenen Grundlagen ins Leben
211 1196 341 1263 Einige
403 1193 1519 1261 höhern Schulwesens (vergl. den Aufsatz des Herrn
1575 1235 2683 1294 rufen und auf Grund der hier zu sammelnden Erfahrungen
167 1224 333 1308 Flecke
400 1246 1519 1298 Ohlert in Nr. 180—182) steckt in ihrem ersten Teile die
1576 1276 2647 1362 die erwünschte Reform auch in weitere Kreise tragen, L.
171 1292 336 1360 auf jener
406 1297 1518 1350 Ziele der Reformbewegung ab. Die Frage der Umgestal¬
171 1344 340 1399 sind nun
406 1347 1516 1410 tung unsers Schulwesens sei, so führt der Verfasser aus,
1904 1328 2366 1440 Kleine Mitteilungen.
179 1384 336 1453 Schlusse
400 1393 1511 1450 der Entscheidung rein pädagogischer Zweckmäßigkeit seit ge¬
1641 1399 2681 1488 Die geographische Zeitschrift „Aus allen Welt¬
174 1440 335 1498 Schne¬
406 1448 1513 1498 raumer Zeit entwachsen. Sie sei eine soziale Aufgabe ge¬
1575 1432 2680 1526 teilen" (Verlag von Herm. Paetel in Berlin) hat das
403 1495 1519 1549 worden und habe, gleich allen übrigen sozialen Fragen der
164 1485 330 1570 de Sätze
1581 1506 2678 1586 Feld internationaler Allerweltsinteressen verlassen und sich
406 1536 1510 1597 Gegenwart, das wichtige Ziel: Organisationen zu schaffen,
1570 1562 2676 1628 auf den Boden solcher Fragen und Betrachtungen begeben,
171 1562 336 1649 1 Flecken
400 1584 1516 1638 die es ermöglichen, die altbewährten religiösen, sittlichen
1568 1601 2683 1685 die inniger mit unsern deutschen Angelegenheiten her¬
400 1636 1511 1700 und politischen Daseinsformen auch in einer Zeit völlig
188 1633 335 1696 zwischen
1568 1646 2681 1727 knüpft sind. Die Zeitschrift wird demgemäß hinfort in
400 1679 1513 1745 veränderten Denkens und Fühlens lebenskräftig zu erhalten.
167 1680 336 1744 dung der
1570 1710 2681 1770 erster Reihe die deutsche Landes= und Volkskunde, die Sache
185 1731 330 1788 überein.
403 1731 1516 1791 Zu einem solchen Ziele könne nur eine Schule führen, der
1570 1747 2675 1817 des Deutschtums im Auslande und der deutschen Kolonial¬
167 1776 336 1841 türlichste
401 1786 1513 1838 als oberstes Gesetz erscheine die Pflicht, national und modern
1571 1797 2683 1869 politik pflegen. Das soeben ausgegebene, vornehn, aus¬
403 1830 1354 1898 zu sein. Daher beabsichtige die Reform zweierlei:
192 1830 338 1890 Verkehr
1571 1861 2680 1932 gestattete Heft wird durch einen Aufsatz des kaiserl. Gurörs
496 1846 1513 1935 1. durch eine bedeutende Vermehrung des Unterrichts
167 1877 336 1942 luch der
1573 1903 2676 1966 von Deutsch=Ostafrika, Dr. H. v. Wissmann, über „Die
400 1927 1506 1987 im Deutschen und durch eine vertiefte Behandlung nationaler
176 1929 333 1984 de; am
1575 1952 2676 2015 wirtschaftliche Erschließung Deutsch=Ostafrikas" eingeleitet,
400 1973 1289 2041 Fragen das Nationalitätsbewußtsein zu stärken;
174 1973 338 2041 halbkugel
1570 1996 2680 2064 in dem dieser beste Kenner der ostafrikanischen Verhältnisse
489 2008 1511 2075 2. durch eine bedeutende Vermehrung des naturwissen¬
176 2025 336 2086 mer zu
1573 2041 2681 2132 der wirtschaftlichen Arbeit in unserm größten Kolonialbesitz
403 2059 1502 2127 schaftlichen Unterrichts in Verbindung mit der Erörterung
174 2070 330 2135 entweder
1573 2088 2247 2178 ein überaus günstiges Urteil spricht,
403 2121 1514 2171 praktisch-moderner Fragen die Jugend staatlich und indivi¬
176 2122 333 2182 uden ist.
400 2168 1513 2230 duell leistungsfähig zu machen und zugleich eine Verschmel¬
193 2164 333 2233 daß der
1771 2176 2498 2283 Theater und Musik.
403 2216 1516 2278 zung des naturwissenschaftlichen Denkens mit den Formen
185 2220 327 2278 sen war.
400 2265 1511 2319 der altgewohnten und altbewährten Auffassung in religiöser
167 2265 333 2329 achtungen
1636 2265 2668 2338 Ein weiser Mann, so erzählt der weise Saadi,
395 2311 1084 2392 und sittlicher Beziehung anzubahnen.
182 2312 335 2376 and fand
1563 2314 2672 2395 wurde einmal von einem Anderen für einen Juden ange¬
504 2346 1510 2418 Diese Umgestaltung der höhern Schule müsse derart
180 2363 335 2421 selbe bis
1568 2368 2675 2438 sehen und von diesem darob nicht nur beschimpft, sondern
400 2382 1505 2465 durchgeführt werden, daß die Weite des geschichtlichen
174 2403 327 2480 so rasch,
1573 2420 2673 2485 auch gleich geohrfeigt. Ich danke Dir, antwortete der
395 2462 1508 2512 Blicke und die Tiefe des philosophischen Denkens
174 2455 330 2519 ach, er
1571 2465 2672 2540 Geschlagene dem Schlagenden und lächelte zu gleicher Zeit.
403 2511 1506 2564 den künftigen Vertretern der Wissenschaft gewahrt
167 2504 332 2568 dies tra¬
1565 2511 2662 2592 Darob geriet der Andere in eine noch größere Aufregung
395 2551 1506 2611 bleibe, gleichzeitig aber auch für die große Masse
167 2553 338 2624 Mars
1565 2566 2673 2632 und fragte ihn nach dem Grunde seines Vergnügens. Ich
403 2598 1514 2663 der die Schule Besuchenden der Zusammenhang mit den
171 2600 333 2670 in später
1570 2606 2673 2676 freue mich, entgegnete der Weise, daß ich das nicht hin,
400 2649 1505 2717 geistigen Errungenschaften des Altertums keinen Schaden
182 2649 338 2717 sich bald
1566 2658 2672 2719 wofür Du mich hält. Ein ähnliches Geschichtchen wird
403 2699 1506 2758 erleide. Erleichtert werde die gewünschte Reform dadurch,
185 2701 335 2764 derung
1566 2707 2672 2772 von Sokrates erzählt. Bis auf Schopenhauer und die
400 2743 1505 2802 daß die beiden Stützen des humanistischen Unterrichts¬
182 2754 335 2813 zwar
1566 2753 2672 2816 Gegenwart hin haben die weisen Leute, die Mitglieder der
403 2795 1498 2854 betriebes, die Vorstellung von einer sogenannten formalen
182 2798 330 2862 Einklang
1557 2803 2665 2873 Brahmanenkaste in Beleidigungs= und Ehrensachen stets diese
403 2845 1506 2910 Bildung und die Annahme einer günstigen Einwirkung
176 2845 332 2904 als ihr
1565 2847 2658 2914 Saadischen Anschauungen verkündigt. Der Ehrbegriff der
410 2892 1498 2948 fremdsprachlichen Unterrichts auf die Kenntnis der Mutter¬
171 2892 338 2958 so wohl
1557 2899 2665 2970 Brahmanas führt logisch den Grundsatz der höchsten persönlichen
403 2936 1506 3005 sprache, durch neuere Forschungen als durchaus hinfällig
167 2940 332 3010 nee ist,
1565 2943 2658 3021 Unverletzlichkeit durch. Niemals kann die Ehre eines
395 2990 801 3050 erkannt worden seien.
176 2990 338 3055 em aber
1558 2993 2662 3060 Menschen durch einen Andern in Frage gestellt werden.
492 3016 1506 3092 Nach der Aufstellung dieser Grundsätze wendet sich die
188 3039 343 3107 nolzenen
1558 3042 2665 3107 Nur die schimpfliche That, die Einer selber begeht, befleckt
403 3083 1510 3146 Denkschrift den Zielen im Einzelnen und den Fragen der
180 3089 340 3151 es recht
1565 3091 2667 3162 ihn, aber gleichgiltig soll es Jedem sein, ob ein Anderer
406 3135 1502 3196 Schulorganisation und der Lehrerbildung zu, indem sie die
176 3136 338 3198 den gre¬
1558 3140 2665 3200 ihn lästert oder lobt. Der Brahman ist ein ganz strenger
393 3183 1514 3260 in des Verfassers Buch „Die deutsche höhere
176 3187 333 3265 am
1555 3190 2668 3256 Individualist, ein durchaus Einziger und Eigenen. Er stellt
1367 3450 2673 3661 en der
