3344 4352
221 131 630 202 8. Freiwi
368 200 447 234 ........
668 129 756 203 d
916 129 1327 221 box 14/5
1674 32 2927 95 dieses Umstandes und trotz aller Bühnentechnik, die sich nicht wesenen
1674 89 2927 132 läßt, selbst bei Leuten, die in der Duellfrage genau derselben Ansicht sind
1674 127 2919 171 wie er, eine nachhaltige Wirkung nicht zu erzielen vermag, so ist eben
1683 163 2919 211 das wiederum ein Beweis dafür, daß nicht alle Fragen zur Behandlung
1683 200 2919 247 auf der Bühne sich eignen. Diese Meinung haben wir, wie unsere Leser
1680 237 2920 289 sich erinnern werden, schon seit langen Jahren vertreten und die Er¬
1680 279 2920 324 fahrung hat in jedem einzelnen Falle gezeigt, wie Recht wir damit
1669 314 2927 361 gehabt. Zu den Fragen, die durch eine Behandlung auf der Bühne nun
1680 355 2928 397 und nimmer gelöst werden können und die auf der Bühne auch garnicht in
1683 395 2922 442 so hervorstechendem Maße behandelt werden sollten, gehört auch das Duell
1674 431 2927 489 und aus diesem Grunde wird „Freiwild“ eine wirkliche Bedeutung nie ge¬
1680 468 2930 522 winnen können. Man wird das Stück jetzt, da die Frage, wie schon oben
1687 508 2930 572 gesagt, actuell ist, hier und da das eine oder andere Mal geben — aber
1680 545 2049 603 dann ist's aus damit
1764 561 2927 634 Das Schauspiel ist nach einem kleinen Badeorte nicht allzuweit von
1690 624 2930 668 Wien verlegt. Hier hat ein Sommertheater=Ensemble seine Zelte aufge¬
1687 658 2930 708 schlagen und die Mitglieder desselben, namentlich die weiblichen, stehen in
1687 698 2930 753 regen Souper 2c. Beziehungen zu den Curgästen, unter denen sich einige
1687 740 2930 789 vermögende Herren vom Civil und einige vom Militär befinden. Zwischen
1690 779 2940 821 einem Vertreter der ersteren Partei, Paul Rönning, und einem Vertreter
1690 814 2941 861 der letzteren Partei, Oberlieutenant Karinsky, kommt es zu einer sehr er¬
1687 853 2930 900 regten Scene um der Namen des Ensembles willen. Anna Riedel, so
1687 890 2935 943 heißt die Naive, ist ein achtbares Mädchen, das nur seiner Kunst lebt
1690 930 2938 979 und sich von den Gefahren, die ein Leben an einer solchen Bühne xten
1692 969 2932 1019 Ranges bei minimalem Gehalte mit sich bringt, ferngehalten hat.
1690 1006 2940 1059 Sie verkehrt freundschaftlich mit Paul Rönning, mit dem sie Spaziergänge rc.
1687 1047 2940 1100 unternimmt, von dem sie aber selbst die kleinste, ohne all und jede Neben¬
1692 1085 2936 1134 absichten angebotene Unterstützung mit Entschiedenheit zurückweist. Auf das
1692 1122 2932 1174 hübsche Mädchen hat es nun der Oberlieutenant Karinsky abgesehen. Er
1695 1156 2936 1208 ist ein sehr excentrischer Herr, hat eine Menge Schulden, hat in seiner
1692 1203 2940 1250 Garnison aus übergroßer Schneidigkeit einen Civilisten „verhauen und
1695 1238 2936 1293 hat jetzt in dem Badeorte nichts weiter zu thun als zu spielen, zu trinken
1687 1279 2944 1325 und auf den Mädchenfang zu gehen. Als er bei dieser letzteren Be¬
1695 1314 2935 1369 schäftigung die Anna Riedel in Gegenwart Rönnings verdächtigt,
1695 1351 2944 1404 applicirt ihm letzterer eine Ohrfeige. Der wüthende Karinsky, der
1695 1392 2943 1443 den Säbel zieht, wird von seinen Freunden zurückgehalten. Was bleibt
1712 1443 2946 1490 nach dieser Blame anderes übrig als ein Duell? Aber Rönning ver¬
1714 1466 2964 1519 weigert die verlangte Genugthuung auf das Entschiedenste. „Ich habe den
1690 1506 2946 1556 Buben für seine That gezüchtigt, so spricht er, „warum soll ich nun dafür
1692 1545 2951 1590 mein Leben auf's Spiel setzen?" Alle Versuche, die von verschiedenen
1704 1585 2941 1633 Seiten gemacht werden, ihn umzustimmen, sind vergeblich. Auch die Bitte
1698 1622 2941 1669 eines väterlichen Freundes Karinsky, des Oberlieutenants Rohnstedt, der
1692 1662 2944 1712 darauf hinweist, daß durch die Verweigerung des Duells die Existenz
1695 1703 2948 1750 Karskys, der den Abschied nehmen müßte, auf dem Spiele steht,
1692 1738 2941 1787 läßt Rönning völlig kalt. Mittlerweile haben sich die Herzen
1692 1775 2941 1833 Rönnings und der Anna Riedel gefunden. Er, der reich und
1692 1819 2948 1862 völlig unabhängig ist, will sie zu seiner Frau machen, und
1692 1859 2944 1903 Beide wollen die Freuden des Lebens im Betrachten von Gottes wunder¬
1698 1895 2946 1951 schöner Welt genießen. Noch am selben Tage soll die gemeinsame Abreise
1701 1930 2961 1988 aus dem Badeorte erfolgen. Da wird Rönning hinterbracht, daß Karinsky,
1698 1974 2941 2020 auf das Aeußerste über die erneute Verweigerung des Duells empört, sich
1698 2012 2941 2059 selbst Genugthuung verschaffen will. Man räth Rönning, schleunigst den
1701 2053 2853 2095 Badeort zu verlassen, damit eine Katastrophe vermieden werde.
1698 2087 2857 2143 Rath hat gerade die entgegengesetzte Wirkung. Rönning, der
1701 2127 2864 2177 von keiner Seite vorschreiben lassen will, wo er verweilen
1693 2170 2951 2225 und wo nicht, beschließt zu bleiben. In diesem Augenblick tritt
1701 2211 2951 2256 ihm auf offener Straße Karinsky entgegen. Er fordert zum
1692 2241 2951 2291 letzten Male Genugthuung, und als Rönning, ohne darauf zu antworten,
1698 2280 2957 2333 in energischem Tone freien Weg verlangt, streckt er ihn mit der Pistol¬
1701 2317 2951 2372 zu Boden wie ein Stück Wild. Zwei Existenzen sind vernichtet: Rönning,
1700 2345 2990 2411 der mit dem dem Karinsky entgegengeschleuderten Wort „Lump" seinen
1701 2396 2951 2448 Geist aushaucht, und seine Braut, Anna Riedel, die, nachdem ihr eben
1701 2436 2946 2486 noch die Zukunft in rosigstem Lichte gewinkt, der Misère des Theater¬
1708 2477 2944 2522 lebens zurückgegeben wird. Oberlieutenant Karinsky, dessen Existenz ohne¬
1708 2516 2733 2574 hin schon schwer erschüttert war, weiß, was er zu thun hat
1775 2528 2951 2601 Damit schließt das Stück. Man wird zugestehen müssen, daß dieser Schluß
1698 2593 2946 2638 abstoßend wirkt und daß er allein schon dem Schauspiele bei dem Gros des Theater¬
1698 2628 2948 2682 publicums keine Zukunft verheißt. Selbst die wenigen Leute, die sich am
1698 2662 2991 2727 Sonnabend zu der Première im Krystallpalast eingefunden hatten, ver¬
1708 2704 2944 2765 hielten sich bei dem letzten Fallen des Vorhangs lautlos und besannen sich
1708 2746 2957 2794 erst später darauf, daß sie wenigstens den Darstellern den Tabut der
1708 2793 2149 2843 Dankbarkeit zollen mußten.
1775 2820 2952 2873 Das darstellende Personal hatte sich hier auf einem wesentlich
1708 2854 2983 2902 deren Boden zu bewegen als jüngst in den „Bocksprüngen" und das
1704 2898 2961 2949 relativ gute Gelingen der Aufführung ist ein erfreulicher Beweis seiner
1704 2938 2952 2990 Vielseitigkeit. Insbesondere war es Robert v. Lenor, der die Haupt¬
1704 2973 2954 3033 rolle des Stückes, die des Paul Rönning lebenswahr und mit eleganter
1711 3019 2959 3081 Haltung verkörperte. Paul Rönnings Gegner, der Oberlieutenant Karinsky
1708 3057 2944 3104 Otto Rembes trug die Alluren des excentrischen Officiers,
1708 3094 2956 3144 der va banque setzt. Eine sympathische Figur war der Arzt Dr. Wellner
1708 3136 2951 3186 des Willy Peters, eine gelungene Type der Poldi Grehlinger Her¬
1708 3170 2957 3220 mann Geldenecks, Emil Wirth als Oberlieutenant Rohnstedt und
1701 3210 2954 3262 Richard Hohmann als Husarenlieutenant Vogel hoben die Gegensätze,
1704 3248 2954 3320 die der Autor in diesen beiden Officieren hat andeuten wollen, wirksam hervor,
1783 3285 2948 3344 Aus der Naiven Anna Riedel läßt sich noch mehr holen, als Her¬
1704 3323 2952 3381 mine Heinrich that. Diese Naive muß gefühlsinniger gegeben werden
1753 3367 2965 3412 aus jedem Wort muß das Herz, nicht die Schauspielerin sprechen, sie
1706 3404 2956 3462 muß uns mit empfinden lassen, was sie in Liebe und was sie in Angst.
1701 3446 2354 3510 und Sorge um den Geliebten bewegt!
1787 3460 2954 3531 Die übrigen Mitglieder des Bade=Sommertheater=Ensembles, die nach
1698 3515 2948 3568 des Autors Angaben manches Streiflicht auf das Leben vor und hinter
1701 3559 2965 3606 den Coulissen zu werfen haben, wurden angemessen dargestellt durch die
1708 3599 2948 3647 Herren August Kurz (Director), Oscar Ganzert (Regisseur), Alfred
1708 3633 2940 3688 Lewent (Liebhaber), Paul Willert (Komiter) und Ludwig Witt
1701 3673 2928 3723 mann (Cassirer, bei derlei Ensembles die wichtigste Persönlichkeit!) „sow
1704 3710 2928 3768 durch die Damen Bertha Laufer (Soubrette) und Cola v. Oliza
1708 3759 2046 3818 (zweite Liebhaberin.
1783 3773 2935 3841 Die Inscenirung des Stückes verdiente, wenn man die beengte
2585 3823 2914 3893 Fritz Cl. Wolff.
1704 3820 2498 3896 Bühnenverhältnisse in Betracht zieht, alles Lob.
