3436 3936
188 187 286 280 8.
879 175 1284 267 box 14/2
371 187 654 265 reiwi
473 668 560 774 -
562 730 1604 812 Helden Dietrich von Quitzow nicht gut unsere volle Teil¬
569 792 1607 862 nahme schenken können, ohne dem ihm gegenüberstehenden
562 855 1610 915 Hohenzollern etwas von unserer patriotischen Verehrung
562 893 1604 952 zu entziehen, und umgekehrt, so bedauere ich sowohl den
565 941 1608 1011 Tragiker Ernst von Wildenbruch, wie den Aesthetiker
571 991 1612 1049 Eugen Wolff. Jenen, weil er das tragische Gesetz, daß die
571 1037 1610 1109 sich bekämpfenden Gegner im Grunde beide Recht haben
569 1088 1610 1164 müssen, nicht so energisch hat durchführen können, daß
569 1141 1613 1196 wie unseren Patriotismus ganz und gar vergessen, und
570 1186 1612 1262 diesen, weil er dieses tragische Gesetz gar nicht zu kennen
574 1241 1613 1308 scheint und annimmt, daß wir uns in wirklich tragischer
571 1287 1619 1352 Erregung irgendwie vom Patriotismus beeinflussen lassen.
569 1339 1613 1402 Welche Idee überhaupt, daß man, weil man die Herr¬
584 1381 1612 1453 schaft der Hohenzollern im Reiche für segensreich hält,
575 1440 1615 1504 nun auch gleich für ihre fernsten Vorfahren, die Mark¬
575 1483 1608 1549 grafen von Brandenburg und Burggrafen von Nürnberg
581 1528 1608 1603 patriotisch fühlen soll! Aber nicht nur Wolff hat diese
587 1583 1615 1646 Idee, Wildenbruchs Stücke basieren geradezu auf ihr.
579 1630 1615 1709 Ich kann mich gewiß für den großen Kurfürsten in Kleists
584 1681 1616 1744 „Prinzen von Homburg" begeistern, aber selbst für ihn
581 1732 1615 1798 nicht, weil ich weiß, daß er Kurfürst von Brandenburg
584 1778 1616 1838 war, sondern weil er mir aus dem Drama als großer
579 1828 1615 1895 Mensch und Fürst entgegentritt. Dabei unterschätze ich
575 1871 1624 1942 die poetische Kraft des Patriotismus nicht, er kann lyrisch
587 1929 1616 1991 hinreißen, kann im Roman, als Heimatliebe, das innige
581 1976 1625 2032 Gefühl der Anhänglichkeit an einen bestimmten Boden
584 2020 1617 2082 und für den Fremden eine vertraute Stimmung wecken,
583 2070 1624 2135 aber das Drama hat es, wie gesagt, mit den Grund¬
590 2122 1621 2184 verhältnissen der menschlichen Natur zu thun, und so kann
590 2184 1623 2240 es streng genommen ein patriotisches Drama nicht geben,
592 2223 1621 2283 oder es kann doch der Wert eines Dramas nie auf seinem
590 2271 1627 2343 Patriotismus beruhen. Darüber ist schon in Lessings
587 2323 1627 2390 Dramaturgie das Nötige gesagt. Wenn Wolff es endlich
587 2369 1625 2431 als Wildenbruchs Verdienst bezeichnet, daß „in einer Zeit,
599 2421 1621 2476 o der Naturalismus die Poesie in Plattheit und Nüchtern¬
591 2465 1624 2543 heit zu ersticken drohte, die Stimme echter Begeisterung
595 2518 1628 2581 und der kühne Flug der Phantasie unserer Bühne erhalten
596 2564 1629 2622 bliebe, so befindet er sich in einer starken Täuschung; erst¬
601 2615 1636 2679 lich ist Wildenbruch gerade weit genug mit dem Natur¬
599 2679 1627 2731 alismus gegangen, und zweitens hat er auf der Bühne
601 2705 1627 2775 nirgends festen Fuß gefaßt und kaum eine tiefere Wirkung
599 2759 1633 2826 geübt. Nur für die Übergangszeit im Anfang der achtziger
611 2815 1633 2883 Jahre hat er Bedeutung, da er die Abwendung vom Kon¬
599 2863 1638 2930 ventionalismus mit bezeichnet. Jedenfalls aber hätte die
608 2922 1642 2975 regelmäßige Aufführung der Kleistschen, Grillparzerschen,
608 2965 1640 3019 Hebbelschen, Ludwigschen Dramen während des ganzen
608 3019 1644 3073 verflossenen Menschenalters der Bühne der heranwachsenden
607 3053 1640 3126 Dichtergeneration und auch dem Publikum erheblich größere
605 3108 1645 3165 Dienste geleistet, als die sämtlicher Werke Ernst von
605 3156 1638 3219 Wildenbruch, die, an den Werken dieser Meister gemessen,
605 3211 1308 3260 doch nur theatralische Halbheiten sind.
690 3243 1644 3312 über Wagner, den Wolff nach Wildenbruch behandelt,
611 3304 1637 3373 spreche ich nicht gern. Ihn als germanischen Bären, als
613 3364 1640 3423 Geistesverwandten Luthers und Bismarcks hinzustellen
617 3401 1645 3467 scheint mir aber ein ungewöhnliches Maß mangelnder
611 3453 1645 3515 Anschauung zu bedeuten. — Nach Wagner kommt Karl
613 3498 1653 3568 Bleibtreu — man könnte es für Ironie halten, aber Wolff
613 3549 1642 3610 ist ein wirklicher Verehrer von Bleibtreus Napoleon= und
620 3609 1646 3669 Byrondramen und gesteht ihm einen kongenialen Zug mit
617 3643 1645 3717 diesen Großen zu. Ich glaube, daß man Bleibtreu alle Ehre
616 3696 1649 3767 anthut, wenn man ihn unter den Grabbenachahmern mit¬
620 3751 1649 3826 zählt; wie diese alle verfügt er höchstens über jene Schein¬
616 3792 1644 3869 genialität, die unerfahrenen jungen Leuten so gewaltig zu
611 3839 1653 3909 imponieren pflegt, selbst wenn sie, wie bei Bleibtreu oft
2348 417 2981 615 und
1653 719 2680 795 genug, in einem Meer von Trivialität ertrinkt. — Von
1661 783 2678 867 Fitger will Wolff nichts wissen. Hätte der Dichter seine
1664 837 2680 897 Hexe“ und „Von Gottesgaden" in Shakespere und Kleist
1655 893 2678 956 nachgeahmten realistischen Versen geschrieben, so käme er
1651 931 2684 1003 am Ende doch mit Wildenbruch mit, zumal sein Freiheits¬
1655 983 2680 1047 pathos genau so viel wert ist wie dessen Patriotismus.
1658 1028 2684 1100 Mit kurzen, nicht unfreundlichen Charakteristiken Bulthaupts
1658 1081 2687 1148 und Wolfgang Kirchbachs schließt Wolff seinen Abschnitt
1659 1123 2461 1213 über das historische Drama. (Schluß folgt.)
2327 1153 2641 1255 Adolf Bartels,
1668 1322 1893 1432 Theater.
2714 1281 3129 1455 re
1731 1391 2521 1463 Wichtigere Schauspielaufführungen.
1736 1460 2121 1528 Berliner Bericht.
1734 1460 2691 1569 Das Theater des Westens“, von dessen ersten Miß¬
1655 1547 2696 1620 griffen ich Ihnen berichtete, hat endlich eine Wahl getroffen,
1659 1612 2688 1670 die seinem Publikum entspricht und die auch seinen Schau¬
1670 1640 2693 1717 spielern, besonders dem tüchtigen Charakteristiker Rohland
1661 1693 2695 1766 die richtige Aufgabe bot. Es war das alte Robert s'sche
1667 1748 2690 1823 Stück „Treu, das, in den siebziger Jahren entstanden,
1671 1815 2697 1861 erst jetzt nach dem Tode des Dichters in Berlin bekannt wird.
1671 1845 2700 1908 Es spielt während des Krieges auf der Burg Ehrenbreit¬
1668 1888 2699 1965 stein beim Wallmeister, dessen Tochter mit einem deutschen
1668 1940 2703 2008 Soldaten verlobt ist, aber, nachdem sie dessen Tod erfahren,
1674 1993 2700 2062 sich den Schmeicheleien eines dort eben einquartierten französi¬
1671 2037 2699 2113 schen Gefangenen hingibt. Der Schluß ist etwas gewaltsam:
1668 2087 2701 2168 die Mutter handelt heimlich mit der Tochter, der Bruder
1674 2133 2707 2220 spielt den Denunzianten, der Vater wird auffallend nach¬
1676 2197 2703 2271 giebig, aber die Tochter verhilft dem Offizier zur Flucht,
1668 2252 2708 2303 auf der er erschossen wird. Es ist merkwürdig, wie selten
1676 2280 2704 2361 dieser dankbare Stoff behandelt worden ist und man freut
1683 2334 2707 2420 sich mit dem Dichter, alle diese noch ungekannten Schachte
1676 2382 2717 2457 zu graben. Es ist ein gutes Stück Volkstum in dem
1683 2429 2710 2497 Drama und viel sympatische Stimmung. Die Technik
1680 2483 2714 2560 läuft auf etwas trivialen Bahnen, doch kommt stets kurz
1683 2530 2712 2598 vor der endgiltigen Trivialität eine überraschende und
1684 2586 2716 2658 versöhnende Wendung. Der Patriotismus und die Sen¬
1679 2635 2716 2703 timentalität überschreiten nie die Grenze der Ehrlichkeit.
1680 2692 2288 2752 Mehr ist eigentlich nicht zu sagen.
1757 2708 2716 2803 Man gewöhnt sich in Berlin daran, die Stücke nicht
1680 2761 2722 2848 ohne ihren Rahmen zu beurteilen. Auf einem anderen
1685 2823 2714 2901 Boden hätte vielleicht die „Treue anders gewirkt. Aber
1685 2888 2716 2941 wer die hiesigen Verhältnisse kennt, wird in dieser Ver¬
1689 2939 2720 2993 teilung keinen Fehler, sondern im Gegenteil einen Vorzug
1689 2982 2722 3049 erblicken. Hätten die Theater im ganzen dasselbe Publi¬
1692 3041 2725 3091 kum und dasselbe Aeußere, so würde nur eine Ernied¬
1695 3066 2722 3152 rigung des allgemeinen Niveaus eintreten, das Variété
1695 3125 2722 3186 würde immer mehr siegen. So, wie es jetzt steht, wahrt
1692 3167 2712 3260 sich der literarische Geschmack im „Deutschen Theater"
1693 3216 2722 3288 wenigstens eine Reserve, das Volksstück hat sein „Berliner
1695 3267 2721 3338 Theater" und „Theater des Westens“, der Schwank sein
1706 3329 2724 3393 „Residenz= und „Neues Theater“. Das Berliner Theater
1704 3367 2726 3443 hat keinen Durchschnitts=Charakter; wer hier zuhause ist,
1701 3418 2724 3495 weiß, daß nicht im entferntesten das „Lessing=Theater",
1698 3466 2720 3543 wie man draußen vielfach glaubt, den Ton angibt. Ge¬
1704 3520 2730 3581 rade das Lessing=Theater hat in der letzten Zeit so böse
1697 3560 2726 3647 Erfahrungen gemacht, daß Herr Blumenthal gewiß sehr
1698 3613 2722 3681 vergnügt wäre, wenn man ihn wieder einmal als Stimm¬
1704 3670 2726 3736 führer bezeichnen könnte; er hat weder mit dem letzten
1700 3708 2724 3785 Werk l'Arronges, „Annas Traum“, noch mit seinem
1706 3759 2741 3834 eigenen „Einmaleins" irgend einen Erfolg erzielt und hat
1704 3805 2725 3908 sich jetzt dem berüchtigten Koppel-Ellfeld=Rummel
