<?xml version="1.0" encoding="UTF-8" standalone="yes"?>
<PcGts xmlns="http://schema.primaresearch.org/PAGE/gts/pagecontent/2013-07-15" xmlns:xsi="http://www.w3.org/2001/XMLSchema-instance" xsi:schemaLocation="http://schema.primaresearch.org/PAGE/gts/pagecontent/2013-07-15 http://schema.primaresearch.org/PAGE/gts/pagecontent/2013-07-15/pagecontent.xsd">
    <Metadata>
        <Creator>prov=READ-COOP:name=PyLaia@TranskribusPlatform:version=2.12.1:model_id=39995:lm=provided:date=28_03_2024_21:33</Creator>
        <Created>2019-10-07T11:50:32.721+02:00</Created>
        <LastChange>2024-03-28T21:33:22.783+01:00</LastChange>
        <TranskribusMetadata docId="223990" pageId="9505821" pageNr="446" tsid="156390790" status="IN_PROGRESS" userId="40391" imgUrl="https://files.transkribus.eu/Get?id=IEXTPRKLFVILPEJBUSFFGASL&amp;fileType=view" xmlUrl="https://files.transkribus.eu/Get?id=LGBUHMXUNRAZKRVCDEIJMTMK" imageId="6196035"/>
    </Metadata>
    <Page imageFilename="223990_0446.jpeg" imageWidth="3344" imageHeight="4352">
        <ReadingOrder>
            <OrderedGroup id="ro_1712662634335" caption="Regions reading order">
                <RegionRefIndexed index="0" regionRef="tr_1"/>
            </OrderedGroup>
        </ReadingOrder>
        <TextRegion orientation="0.0" id="tr_1" custom="readingOrder {index:0;}">
            <Coords points="537,81 537,4051 1761,4051 1761,81"/>
            <TextLine id="tr_1_tl_1" custom="readingOrder {index:0;}">
                <Coords points="535,113 1733,129 1733,74 1535,24 1417,80 535,67"/>
                <Baseline points="543,101 602,105 662,105 722,107 781,106 841,104 901,104 960,104 1020,104 1080,104 1140,106 1199,106 1259,104 1319,106 1378,106 1438,107 1498,113 1557,110 1617,107 1677,107 1737,107"/>
                <TextEquiv>
                    <Unicode>die Pausen zwischen den langsam und vor gesprochenen</Unicode>
                </TextEquiv>
            </TextLine>
            <TextLine id="tr_1_tl_2" custom="readingOrder {index:1;}">
                <Coords points="541,159 1738,171 1686,110 540,113"/>
                <Baseline points="549,137 608,152 668,150 727,152 787,149 846,149 906,149 965,149 1025,149 1084,152 1144,150 1204,152 1263,152 1323,152 1382,154 1442,155 1501,154 1561,152 1620,152 1680,152 1740,152"/>
                <TextEquiv>
                    <Unicode>Worten auszufüllen, schob seinen Zwicker zurecht, gab dem ein¬</Unicode>
                </TextEquiv>
            </TextLine>
            <TextLine id="tr_1_tl_3" custom="readingOrder {index:2;}">
                <Coords points="537,209 1745,215 1745,166 1662,159 537,165"/>
                <Baseline points="546,197 606,199 666,199 726,199 786,198 846,197 906,199 967,197 1027,194 1087,197 1147,198 1207,199 1267,202 1327,201 1388,201 1448,202 1508,199 1568,199 1628,199 1688,199 1749,202"/>
                <TextEquiv>
                    <Unicode>tretenden Thaterdiener — die Szene spielte sich in seinem</Unicode>
                </TextEquiv>
            </TextLine>
            <TextLine id="tr_1_tl_4" custom="readingOrder {index:3;}">
                <Coords points="540,265 1741,260 1741,218 1528,200 540,210"/>
                <Baseline points="549,247 608,248 668,248 728,247 787,245 847,245 907,247 966,246 1026,246 1086,247 1146,247 1205,247 1265,247 1325,247 1384,247 1444,247 1504,247 1563,248 1623,250 1683,250 1743,250"/>
                <TextEquiv>
                    <Unicode>Bureau im Carl-Theater ab, wo er den Direktor Jauner</Unicode>
                </TextEquiv>
            </TextLine>
            <TextLine id="tr_1_tl_5" custom="readingOrder {index:4;}">
                <Coords points="535,302 1744,313 1706,254 535,263"/>
                <Baseline points="543,295 603,296 663,296 723,289 783,295 843,291 903,292 964,294 1024,294 1084,295 1144,295 1204,297 1264,298 1324,298 1385,300 1445,298 1505,298 1565,298 1625,298 1685,298 1746,301"/>
                <TextEquiv>
                    <Unicode>vertrat — einige Direktiven und setzte fort: „Schon seinerzeit,</Unicode>
                </TextEquiv>
            </TextLine>
            <TextLine id="tr_1_tl_6" custom="readingOrder {index:5;}">
                <Coords points="537,355 1739,365 1739,316 1659,307 537,302"/>
                <Baseline points="546,346 605,344 665,346 725,343 785,342 845,342 905,343 964,343 1024,343 1084,343 1144,344 1204,346 1264,346 1324,346 1383,346 1443,346 1503,346 1563,346 1623,346 1683,346 1743,349"/>
                <TextEquiv>
                    <Unicode>als ich Direktorstellvertreter am Deutschen Volkstheater war,</Unicode>
                </TextEquiv>
            </TextLine>
            <TextLine id="tr_1_tl_7" custom="readingOrder {index:6;}">
                <Coords points="535,405 1736,402 1736,361 1641,346 535,357"/>
                <Baseline points="543,391 602,394 662,392 722,391 782,390 842,390 902,391 961,394 1021,390 1081,388 1141,398 1201,395 1261,394 1321,394 1380,392 1440,394 1500,394 1560,394 1620,394 1680,394 1740,394"/>
                <TextEquiv>
                    <Unicode>habe ich bewiesen, daß ..." — „Daß ein guter Souffleur in der</Unicode>
                </TextEquiv>
            </TextLine>
            <TextLine id="tr_1_tl_8" custom="readingOrder {index:7;}">
                <Coords points="537,454 1730,448 1730,399 537,407"/>
                <Baseline points="546,441 605,441 664,441 724,441 783,438 843,438 902,438 961,440 1021,440 1080,441 1140,441 1199,441 1258,441 1318,441 1377,441 1437,441 1496,439 1555,441 1615,441 1674,442 1734,444"/>
                <TextEquiv>
                    <Unicode>Kanzlei heroben wichtiger ist als unten auf der Bühne</Unicode>
                </TextEquiv>
            </TextLine>
            <TextLine id="tr_1_tl_9" custom="readingOrder {index:8;}">
                <Coords points="537,498 1739,501 1715,448 537,464"/>
                <Baseline points="546,486 605,489 665,489 725,489 785,488 845,488 905,489 964,489 1024,489 1084,489 1144,487 1204,489 1264,489 1324,489 1383,489 1443,489 1503,489 1563,489 1623,492 1683,492 1743,492"/>
                <TextEquiv>
                    <Unicode>ergänzte einer von uns beiden, und Müller schmunzelte bejahend:</Unicode>
                </TextEquiv>
            </TextLine>
            <TextLine id="tr_1_tl_10" custom="readingOrder {index:9;}">
                <Coords points="593,552 1730,557 1730,499 593,504"/>
                <Baseline points="601,537 657,537 714,537 770,535 827,537 884,537 940,535 997,534 1054,537 1110,537 1167,537 1224,537 1280,537 1337,537 1394,537 1450,537 1507,537 1564,537 1620,537 1677,537 1734,537"/>
                <TextEquiv>
                    <Unicode>st der Fall „Odilon" nicht ein typischer Beweis hiefür</Unicode>
                </TextEquiv>
            </TextLine>
            <TextLine id="tr_1_tl_11" custom="readingOrder {index:10;}">
                <Coords points="535,599 1736,600 1680,544 535,552"/>
                <Baseline points="543,573 602,585 662,585 722,585 782,582 842,584 902,582 961,584 1021,582 1081,585 1141,585 1201,585 1261,585 1321,586 1380,586 1440,585 1500,585 1560,587 1620,588 1680,588 1740,588"/>
                <TextEquiv>
                    <Unicode>Bukovics, der doch sicher Fachmann war, hat sich entschieden</Unicode>
                </TextEquiv>
            </TextLine>
            <TextLine id="tr_1_tl_12" custom="readingOrder {index:11;}">
                <Coords points="540,647 1736,643 1711,593 540,597"/>
                <Baseline points="549,638 608,635 668,632 727,634 787,632 846,632 906,632 965,632 1025,632 1084,632 1144,632 1204,635 1263,632 1323,632 1382,632 1442,631 1501,631 1561,635 1620,635 1680,635 1740,635"/>
                <TextEquiv>
                    <Unicode>gewehrt, sie zu engagieren; er schrieb mir sogar — damals hielt</Unicode>
                </TextEquiv>
            </TextLine>
            <TextLine id="tr_1_tl_13" custom="readingOrder {index:12;}">
                <Coords points="532,696 1736,708 1705,641 532,650"/>
                <Baseline points="540,680 600,680 660,680 720,680 780,680 840,680 900,680 960,680 1020,680 1080,677 1140,680 1200,682 1260,680 1320,682 1380,680 1440,680 1500,683 1560,683 1620,683 1680,683 1740,683"/>
                <TextEquiv>
                    <Unicode>er sich in Gutenstein auf, daß er mir widersprechen müsse</Unicode>
                </TextEquiv>
            </TextLine>
            <TextLine id="tr_1_tl_14" custom="readingOrder {index:13;}">
                <Coords points="540,741 1733,740 1733,705 1617,688 540,700"/>
                <Baseline points="549,728 608,728 667,728 727,728 786,728 846,728 905,731 964,730 1024,728 1083,731 1143,731 1202,731 1261,731 1321,728 1380,730 1440,731 1499,731 1558,731 1618,734 1677,732 1737,731"/>
                <TextEquiv>
                    <Unicode>und für das vakant gewordene Fach der Salondame die Reisen¬</Unicode>
                </TextEquiv>
            </TextLine>
            <TextLine id="tr_1_tl_15" custom="readingOrder {index:14;}">
                <Coords points="532,794 1742,793 1742,746 1538,735 532,740"/>
                <Baseline points="540,773 600,776 660,776 720,776 781,776 841,776 901,776 962,776 1022,776 1082,779 1143,779 1203,779 1263,779 1323,778 1384,779 1444,779 1504,779 1565,779 1625,780 1685,782 1746,779"/>
                <TextEquiv>
                    <Unicode>hofer oder Bedekovics vorziehe. Aber ich ließ nicht locker; nach</Unicode>
                </TextEquiv>
            </TextLine>
            <TextLine id="tr_1_tl_16" custom="readingOrder {index:15;}">
                <Coords points="538,841 1735,852 1712,786 537,794"/>
                <Baseline points="546,826 605,826 665,824 724,823 784,826 843,826 903,823 962,826 1022,826 1081,826 1141,828 1201,826 1260,826 1320,826 1379,828 1439,826 1498,829 1558,827 1617,829 1677,827 1737,826"/>
                <TextEquiv>
                    <Unicode>Berlin bin ich zu ihr gefahren, habe mir, obzwar auch sie nicht</Unicode>
                </TextEquiv>
            </TextLine>
            <TextLine id="tr_1_tl_17" custom="readingOrder {index:16;}">
                <Coords points="540,883 1298,895 1298,850 1252,836 540,844"/>
                <Baseline points="549,874 586,874 624,874 661,874 699,874 737,874 774,874 812,874 849,874 887,872 925,872 962,873 1000,871 1037,874 1075,874 1113,874 1150,874 1188,875 1225,877 1263,877 1301,880"/>
                <TextEquiv>
                    <Unicode>recht wollte, den unterfertigten Vertrag</Unicode>
                </TextEquiv>
            </TextLine>
            <TextLine id="tr_1_tl_18" custom="readingOrder {index:17;}">
                <Coords points="1337,897 1373,883 1526,903 1565,880 1632,894 1709,888 1709,845 1682,841 1567,856 1540,832 1523,847 1435,832 1413,847 1337,839"/>
                <Baseline points="1346,883 1372,879 1398,877 1424,877 1450,877 1477,877 1503,877 1529,877 1555,877 1581,877 1608,877 1634,876 1660,875 1686,874 1713,874"/>
                <TextEquiv>
                    <Unicode>geholt und mir</Unicode>
                </TextEquiv>
            </TextLine>
            <TextLine id="tr_1_tl_19" custom="readingOrder {index:18;}">
                <Coords points="529,941 1410,936 1396,883 529,885"/>
                <Baseline points="537,919 580,922 624,922 668,922 712,925 756,922 800,922 843,922 887,922 931,922 975,924 1019,923 1063,924 1107,923 1150,924 1194,925 1238,925 1282,925 1326,925 1370,925 1414,922"/>
                <TextEquiv>
                    <Unicode>das heißt, ihr, einen Riesenerfolg verschafft.</Unicode>
                </TextEquiv>
            </TextLine>
            <TextLine id="tr_1_tl_20" custom="readingOrder {index:19;}">
                <Coords points="1520,936 1547,945 1568,935 1587,941 1671,933 1717,945 1739,933 1739,894 1717,886 1703,892 1691,882 1584,891 1559,885 1532,906 1520,904"/>
                <Baseline points="1528,931 1554,929 1581,928 1608,928 1635,928 1662,928 1689,928 1716,927 1743,925"/>
                <TextEquiv>
                    <Unicode>„Triumphe</Unicode>
                </TextEquiv>
            </TextLine>
            <TextLine id="tr_1_tl_21" custom="readingOrder {index:20;}">
                <Coords points="535,986 1744,988 1727,935 535,939"/>
                <Baseline points="543,970 603,971 663,973 723,973 783,970 843,970 903,970 964,970 1024,970 1084,973 1144,973 1204,973 1264,973 1324,970 1385,972 1445,973 1505,973 1565,975 1625,976 1685,976 1746,973"/>
                <TextEquiv>
                    <Unicode>hat sie gefeiert", warf der eine von uns beiden ein. „Schon</Unicode>
                </TextEquiv>
            </TextLine>
            <TextLine id="tr_1_tl_22" custom="readingOrder {index:21;}">
                <Coords points="534,1039 1339,1035 1319,977 532,986"/>
                <Baseline points="540,1017 580,1017 620,1019 660,1020 700,1020 740,1019 780,1017 821,1018 861,1020 901,1020 941,1020 981,1020 1021,1022 1061,1023 1102,1021 1142,1021 1182,1023 1222,1023 1262,1023 1302,1023 1343,1026"/>
                <TextEquiv>
                    <Unicode>bei ihrem Debit in „Der Weg zum Herzen</Unicode>
                </TextEquiv>
            </TextLine>
            <TextLine id="tr_1_tl_23" custom="readingOrder {index:22;}">
                <Coords points="1382,1033 1490,1022 1620,1044 1653,1030 1744,1032 1744,991 1593,983 1556,1007 1496,980 1458,995 1432,980 1417,992 1382,986"/>
                <Baseline points="1390,1020 1415,1020 1440,1020 1466,1022 1491,1023 1517,1023 1542,1024 1568,1026 1593,1024 1618,1023 1644,1023 1669,1023 1695,1023 1720,1023 1746,1023"/>
                <TextEquiv>
                    <Unicode>und in „Madame</Unicode>
                </TextEquiv>
            </TextLine>
            <TextLine id="tr_1_tl_24" custom="readingOrder {index:23;}">
                <Coords points="535,1092 1739,1083 1739,1035 1683,1030 535,1039"/>
                <Baseline points="543,1068 603,1068 663,1068 723,1068 783,1068 843,1068 903,1068 963,1071 1023,1073 1083,1071 1143,1071 1203,1071 1263,1071 1323,1072 1383,1072 1443,1071 1503,1071 1563,1071 1623,1071 1683,1072 1743,1074"/>
                <TextEquiv>
                    <Unicode>Sans=Gêne“ der andere. „Wir sind dabei gewesen!" alle beide.</Unicode>
                </TextEquiv>
            </TextLine>
            <TextLine id="tr_1_tl_25" custom="readingOrder {index:24;}">
                <Coords points="555,1139 1721,1127 1711,1074 555,1097"/>
                <Baseline points="564,1122 622,1119 680,1117 738,1116 796,1118 854,1117 912,1119 970,1119 1028,1119 1086,1119 1144,1119 1202,1119 1260,1119 1318,1119 1376,1122 1434,1121 1492,1121 1550,1122 1608,1122 1666,1120 1725,1122"/>
                <TextEquiv>
                    <Unicode>„Da habe ich ja zwei Zeugen!" lachte Müller. „Aber bezahlte</Unicode>
                </TextEquiv>
            </TextLine>
            <TextLine id="tr_1_tl_26" custom="readingOrder {index:25;}">
                <Coords points="535,1171 1298,1172 1298,1128 1233,1121 815,1143 535,1121"/>
                <Baseline points="543,1164 580,1164 618,1166 656,1165 694,1165 732,1167 770,1167 808,1167 846,1167 884,1165 922,1166 959,1167 997,1167 1035,1167 1073,1167 1111,1169 1149,1168 1187,1167 1225,1166 1263,1164 1301,1161"/>
                <TextEquiv>
                    <Unicode>betonten wir. — „Bezahlte Zeugen?"</Unicode>
                </TextEquiv>
            </TextLine>
            <TextLine id="tr_1_tl_27" custom="readingOrder {index:26;}">
                <Coords points="1352,1190 1382,1175 1478,1186 1534,1168 1553,1183 1596,1175 1641,1189 1661,1172 1744,1184 1744,1140 1715,1125 1650,1140 1352,1127"/>
                <Baseline points="1361,1176 1386,1170 1412,1170 1438,1170 1463,1170 1489,1169 1515,1167 1540,1168 1566,1170 1592,1170 1617,1170 1643,1170 1669,1170 1694,1170 1720,1169 1746,1167"/>
                <TextEquiv>
                    <Unicode>„Damals haben wir</Unicode>
                </TextEquiv>
            </TextLine>
            <TextLine id="tr_1_tl_28" custom="readingOrder {index:27;}">
                <Coords points="535,1218 1329,1230 1329,1168 1113,1190 535,1168"/>
                <Baseline points="543,1211 582,1214 622,1214 661,1212 701,1213 740,1214 780,1214 819,1214 859,1214 898,1217 938,1215 978,1214 1017,1216 1057,1217 1096,1216 1136,1215 1175,1217 1215,1217 1254,1217 1294,1217 1334,1217"/>
                <TextEquiv>
                    <Unicode>nämlich noch keine Freikarten bekommen</Unicode>
                </TextEquiv>
            </TextLine>
            <TextLine id="tr_1_tl_29" custom="readingOrder {index:28;}">
                <Coords points="1364,1224 1466,1240 1508,1224 1534,1236 1742,1233 1742,1184 1723,1178 1652,1190 1423,1174 1364,1186"/>
                <Baseline points="1373,1214 1399,1216 1426,1217 1452,1217 1479,1217 1506,1217 1532,1217 1559,1217 1586,1217 1612,1217 1639,1217 1666,1217 1692,1217 1719,1217 1746,1217"/>
                <TextEquiv>
                    <Unicode>beschwichtigten wir</Unicode>
                </TextEquiv>
            </TextLine>
            <TextLine id="tr_1_tl_30" custom="readingOrder {index:29;}">
                <Coords points="543,1272 1744,1287 1744,1234 1702,1227 543,1219"/>
                <Baseline points="552,1265 611,1264 671,1262 731,1265 790,1265 850,1265 910,1265 969,1264 1029,1264 1089,1265 1149,1265 1208,1265 1268,1265 1328,1265 1387,1265 1447,1265 1507,1265 1566,1265 1626,1265 1686,1265 1746,1268"/>
                <TextEquiv>
                    <Unicode>ihn, worauf er sich lächelnd wieder den Bart strich, seinen Zwicker</Unicode>
                </TextEquiv>
            </TextLine>
            <TextLine id="tr_1_tl_31" custom="readingOrder {index:30;}">
                <Coords points="546,1322 1739,1326 1739,1287 1667,1269 546,1272"/>
                <Baseline points="555,1313 614,1311 673,1313 733,1313 792,1312 852,1312 911,1313 970,1313 1030,1313 1089,1313 1149,1313 1208,1313 1267,1313 1327,1313 1386,1313 1446,1313 1505,1313 1564,1313 1624,1313 1683,1314 1743,1313"/>
                <TextEquiv>
                    <Unicode>zurechtrückte und über seine Arbeit beugte. Er wühlte in Akten.</Unicode>
                </TextEquiv>
            </TextLine>
            <TextLine id="tr_1_tl_32" custom="readingOrder {index:31;}">
                <Coords points="543,1375 1745,1375 1745,1329 1627,1320 543,1323"/>
                <Baseline points="552,1367 611,1361 671,1361 731,1361 791,1361 851,1361 911,1361 970,1361 1030,1361 1090,1362 1150,1364 1210,1364 1270,1362 1330,1364 1389,1364 1449,1361 1509,1361 1569,1364 1629,1363 1689,1363 1749,1364"/>
                <TextEquiv>
                    <Unicode>In den drei Akten der nächsten Operette „Haben Sie sich gern</Unicode>
                </TextEquiv>
            </TextLine>
            <TextLine id="tr_1_tl_33" custom="readingOrder {index:32;}">
                <Coords points="535,1425 1745,1420 1702,1367 535,1379"/>
                <Baseline points="543,1408 603,1408 663,1408 723,1408 784,1408 844,1408 904,1405 965,1410 1025,1410 1085,1411 1146,1409 1206,1411 1266,1411 1326,1408 1387,1408 1447,1406 1507,1408 1568,1411 1628,1411 1688,1411 1749,1411"/>
                <TextEquiv>
                    <Unicode>auf die Operette umgestellt, Herr Direktor?" apostrophierten</Unicode>
                </TextEquiv>
            </TextLine>
            <TextLine id="tr_1_tl_34" custom="readingOrder {index:33;}">
                <Coords points="532,1458 1742,1467 1699,1417 532,1426"/>
                <Baseline points="540,1453 600,1456 660,1456 720,1456 781,1456 841,1456 901,1456 962,1459 1022,1459 1082,1459 1143,1459 1203,1459 1263,1459 1323,1456 1384,1459 1444,1456 1504,1458 1565,1456 1625,1459 1685,1459 1746,1456"/>
                <TextEquiv>
                    <Unicode>wir ihn, indem der eine die erste Hälfte dieser Frage und der</Unicode>
                </TextEquiv>
            </TextLine>
            <TextLine id="tr_1_tl_35" custom="readingOrder {index:34;}">
                <Coords points="537,1516 1745,1516 1745,1464 1671,1460 537,1460"/>
                <Baseline points="546,1507 606,1506 666,1504 726,1507 786,1506 846,1504 906,1504 967,1504 1027,1504 1087,1507 1147,1507 1207,1507 1267,1507 1327,1507 1388,1510 1448,1507 1508,1507 1568,1507 1628,1505 1688,1503 1749,1489"/>
                <TextEquiv>
                    <Unicode>andere die zweite derselben an ihn stellte. „Anfangs nicht!"</Unicode>
                </TextEquiv>
            </TextLine>
            <TextLine id="tr_1_tl_36" custom="readingOrder {index:35;}">
                <Coords points="543,1558 1751,1565 1726,1514 543,1519"/>
                <Baseline points="552,1552 612,1553 672,1555 732,1552 792,1554 852,1552 912,1552 973,1555 1033,1555 1093,1555 1153,1555 1213,1555 1273,1555 1333,1555 1394,1555 1454,1555 1514,1554 1574,1554 1634,1555 1694,1555 1755,1555"/>
                <TextEquiv>
                    <Unicode>erwiderte er, das eine Wort an den einen und das andere an</Unicode>
                </TextEquiv>
            </TextLine>
            <TextLine id="tr_1_tl_37" custom="readingOrder {index:36;}">
                <Coords points="535,1608 1745,1612 1745,1564 1699,1561 535,1564"/>
                <Baseline points="543,1602 603,1602 663,1602 723,1602 784,1602 844,1600 904,1599 965,1602 1025,1602 1085,1605 1146,1602 1206,1604 1266,1605 1326,1605 1387,1602 1447,1602 1507,1602 1568,1602 1628,1602 1688,1602 1749,1602"/>
                <TextEquiv>
                    <Unicode>den anderen von uns beiden richtend, „Besonders nach Prosa¬</Unicode>
                </TextEquiv>
            </TextLine>
            <TextLine id="tr_1_tl_38" custom="readingOrder {index:37;}">
                <Coords points="537,1664 1742,1659 1742,1617 1656,1609 537,1615"/>
                <Baseline points="546,1650 606,1651 666,1651 726,1650 786,1655 846,1651 906,1650 966,1648 1026,1650 1086,1653 1146,1653 1206,1653 1266,1653 1326,1653 1386,1653 1446,1653 1506,1650 1566,1652 1626,1653 1686,1651 1746,1653"/>
                <TextEquiv>
                    <Unicode>werken wie „Freiwild von Schnitzler, „Getto" von Herzl und</Unicode>
                </TextEquiv>
            </TextLine>
            <TextLine id="tr_1_tl_39" custom="readingOrder {index:38;}">
                <Coords points="537,1723 1745,1721 1745,1674 1689,1659 537,1665"/>
                <Baseline points="546,1710 606,1703 666,1699 726,1698 786,1698 846,1701 906,1698 967,1698 1027,1701 1087,1701 1147,1699 1207,1701 1267,1701 1327,1701 1388,1701 1448,1701 1508,1701 1568,1698 1628,1701 1688,1701 1749,1704"/>
                <TextEquiv>
                    <Unicode>„Teil mit Ferdinand Bonn. Selbst den großen Operettenerfolg</Unicode>
                </TextEquiv>
            </TextLine>
            <TextLine id="tr_1_tl_40" custom="readingOrder {index:39;}">
                <Coords points="543,1759 1745,1764 1745,1720 1664,1705 543,1726"/>
                <Baseline points="552,1752 611,1746 671,1746 731,1746 791,1746 851,1746 911,1746 970,1748 1030,1746 1090,1749 1150,1749 1210,1749 1270,1749 1330,1749 1389,1749 1449,1749 1509,1749 1569,1749 1629,1749 1689,1749 1749,1752"/>
                <TextEquiv>
                    <Unicode>„Die Geisha" hat Jauner durch Einschiebung von Aufführungen</Unicode>
                </TextEquiv>
            </TextLine>
            <TextLine id="tr_1_tl_41" custom="readingOrder {index:40;}">
                <Coords points="537,1803 1742,1806 1720,1753 537,1762"/>
                <Baseline points="546,1793 606,1794 666,1794 726,1793 786,1796 846,1796 906,1796 966,1795 1026,1795 1086,1796 1146,1797 1206,1797 1266,1796 1326,1796 1386,1796 1446,1796 1506,1796 1566,1796 1626,1796 1686,1796 1746,1796"/>
                <TextEquiv>
                    <Unicode>Dörmanns „Ledige Leute“ auf mein Anraten nicht en fuite</Unicode>
                </TextEquiv>
            </TextLine>
            <TextLine id="tr_1_tl_42" custom="readingOrder {index:41;}">
                <Coords points="540,1863 1742,1859 1729,1806 540,1804"/>
                <Baseline points="549,1850 608,1845 668,1844 728,1843 788,1843 848,1841 908,1843 967,1841 1027,1844 1087,1844 1147,1844 1207,1844 1267,1844 1327,1844 1386,1844 1446,1844 1506,1844 1566,1844 1626,1844 1686,1844 1746,1844"/>
                <TextEquiv>
                    <Unicode>gegeben und es hat weder dem einen noch dem anderen Werk</Unicode>
                </TextEquiv>
            </TextLine>
            <TextLine id="tr_1_tl_43" custom="readingOrder {index:42;}">
                <Coords points="543,1900 1739,1906 1724,1854 543,1862"/>
                <Baseline points="552,1898 611,1895 671,1892 730,1892 790,1892 849,1892 909,1892 968,1892 1028,1892 1087,1894 1147,1894 1207,1895 1266,1894 1326,1894 1385,1895 1445,1892 1504,1894 1564,1892 1623,1895 1683,1895 1743,1895"/>
                <TextEquiv>
                    <Unicode>geschadet. Nur... mißliebig habe ich mich beim Personal gemacht.</Unicode>
                </TextEquiv>
            </TextLine>
            <TextLine id="tr_1_tl_44" custom="readingOrder {index:43;}">
                <Coords points="535,1951 1745,1950 1726,1901 535,1901"/>
                <Baseline points="543,1940 603,1943 663,1941 723,1940 784,1940 844,1940 904,1940 965,1942 1025,1940 1085,1940 1146,1941 1206,1943 1266,1943 1326,1942 1387,1940 1447,1943 1507,1941 1568,1943 1628,1942 1688,1942 1749,1943"/>
                <TextEquiv>
                    <Unicode>Der Tenor war nur dann disponiert, wenn das Prosastück, und</Unicode>
                </TextEquiv>
            </TextLine>
            <TextLine id="tr_1_tl_45" custom="readingOrder {index:44;}">
                <Coords points="535,1996 1525,2004 1505,1947 535,1951"/>
                <Baseline points="543,1990 592,1990 641,1990 690,1990 740,1990 789,1990 838,1990 887,1990 937,1990 986,1990 1035,1990 1084,1990 1134,1990 1183,1990 1232,1990 1281,1990 1331,1990 1380,1990 1429,1990 1478,1990 1528,1987"/>
                <TextEquiv>
                    <Unicode>der Bonvivant, wenn die Operette angesetzt worden ist</Unicode>
                </TextEquiv>
            </TextLine>
            <TextLine id="tr_1_tl_46" custom="readingOrder {index:45;}">
                <Coords points="1627,2010 1637,2012 1661,1996 1673,2009 1697,2000 1741,2006 1742,1951 1726,1953 1714,1948 1686,1954 1680,1948 1676,1953 1664,1947 1644,1962 1629,1960"/>
                <Baseline points="1638,1996 1665,1991 1692,1992 1719,1992 1746,1990"/>
                <TextEquiv>
                    <Unicode>„Nicht</Unicode>
                </TextEquiv>
            </TextLine>
            <TextLine id="tr_1_tl_47" custom="readingOrder {index:46;}">
                <Coords points="540,2042 1745,2057 1729,2001 540,2003"/>
                <Baseline points="549,2038 609,2041 669,2041 729,2041 789,2039 849,2041 909,2034 969,2041 1029,2041 1089,2041 1149,2040 1209,2040 1269,2041 1329,2041 1389,2041 1449,2041 1509,2041 1569,2041 1629,2038 1689,2041 1749,2038"/>
                <TextEquiv>
                    <Unicode>besser erging es mir", sagte er uns ein andermal, „als ich Louis</Unicode>
                </TextEquiv>
            </TextLine>
            <TextLine id="tr_1_tl_48" custom="readingOrder {index:47;}">
                <Coords points="535,2098 1745,2101 1745,2057 1691,2046 535,2039"/>
                <Baseline points="543,2092 603,2091 663,2089 723,2089 784,2089 844,2089 904,2089 965,2087 1025,2089 1085,2089 1146,2089 1206,2089 1266,2092 1326,2091 1387,2089 1447,2089 1507,2089 1568,2089 1628,2089 1688,2089 1749,2092"/>
                <TextEquiv>
                    <Unicode>Treumann sozusagen entdeckte. Denn Julius Spielmann, der</Unicode>
                </TextEquiv>
            </TextLine>
            <TextLine id="tr_1_tl_49" custom="readingOrder {index:48;}">
                <Coords points="543,2154 1745,2154 1730,2096 543,2101"/>
                <Baseline points="552,2143 611,2140 671,2140 731,2137 791,2137 851,2137 911,2137 970,2137 1030,2137 1090,2140 1150,2138 1210,2137 1270,2137 1330,2137 1389,2137 1449,2140 1509,2138 1569,2137 1629,2137 1689,2137 1749,2137"/>
                <TextEquiv>
                    <Unicode>geniale Operetten=Heldentenor, lehnte es ab, mit ihm (in</Unicode>
                </TextEquiv>
            </TextLine>
            <TextLine id="tr_1_tl_50" custom="readingOrder {index:49;}">
                <Coords points="540,2195 1748,2198 1748,2155 1562,2137 540,2155"/>
                <Baseline points="549,2187 609,2187 669,2185 729,2187 789,2187 849,2185 909,2187 970,2187 1030,2187 1090,2187 1150,2187 1210,2187 1270,2187 1330,2186 1391,2186 1451,2187 1511,2185 1571,2185 1631,2184 1691,2186 1752,2187"/>
                <TextEquiv>
                    <Unicode>Hellmesbergers „Lockvögel") aufzutreten, und der Komiker Stein¬</Unicode>
                </TextEquiv>
            </TextLine>
            <TextLine id="tr_1_tl_51" custom="readingOrder {index:50;}">
                <Coords points="540,2245 1745,2248 1745,2198 540,2195"/>
                <Baseline points="549,2235 609,2236 669,2236 729,2235 789,2235 849,2235 909,2235 969,2235 1029,2235 1089,2235 1149,2233 1209,2235 1269,2235 1329,2235 1389,2235 1449,2235 1509,2235 1569,2235 1629,2235 1689,2233 1749,2235"/>
                <TextEquiv>
                    <Unicode>berger war nie komischer als damals, als er sich weigerte, mit</Unicode>
                </TextEquiv>
            </TextLine>
            <TextLine id="tr_1_tl_52" custom="readingOrder {index:51;}">
                <Coords points="540,2299 1721,2296 1679,2240 540,2245"/>
                <Baseline points="549,2286 607,2286 666,2289 725,2285 784,2283 843,2283 901,2283 960,2283 1019,2283 1078,2283 1137,2283 1195,2284 1254,2284 1313,2283 1372,2285 1431,2283 1489,2283 1548,2283 1607,2283 1666,2283 1725,2282"/>
                <TextEquiv>
                    <Unicode>ihm zu spielen. So debütterte Treumann in „Die kleine Michus</Unicode>
                </TextEquiv>
            </TextLine>
            <TextLine id="tr_1_tl_53" custom="readingOrder {index:52;}">
                <Coords points="535,2344 1744,2352 1744,2299 1658,2290 535,2301"/>
                <Baseline points="543,2331 603,2334 663,2334 723,2334 783,2331 843,2331 903,2331 964,2332 1024,2334 1084,2334 1144,2331 1204,2333 1264,2331 1324,2334 1385,2332 1445,2331 1505,2331 1565,2331 1625,2331 1685,2331 1746,2331"/>
                <TextEquiv>
                    <Unicode>trotzdem inmitten einer Nobelgarde von Darstellern wie Betty</Unicode>
                </TextEquiv>
            </TextLine>
            <TextLine id="tr_1_tl_54" custom="readingOrder {index:53;}">
                <Coords points="543,2393 1745,2390 1679,2335 543,2341"/>
                <Baseline points="552,2384 611,2384 671,2381 731,2381 791,2381 851,2381 911,2379 970,2379 1030,2378 1090,2377 1150,2377 1210,2381 1270,2382 1330,2382 1389,2381 1449,2381 1509,2381 1569,2381 1629,2381 1689,2381 1749,2378"/>
                <TextEquiv>
                    <Unicode>Stoyan, Willi Bauer und — Rudolf Schildkraut (in einer</Unicode>
                </TextEquiv>
            </TextLine>
            <TextLine id="tr_1_tl_55" custom="readingOrder {index:54;}">
                <Coords points="543,2441 1744,2435 1686,2385 543,2393"/>
                <Baseline points="552,2432 611,2432 671,2429 731,2429 790,2429 850,2429 910,2429 969,2429 1029,2429 1089,2429 1149,2429 1208,2429 1268,2429 1328,2429 1387,2429 1447,2429 1507,2427 1566,2429 1626,2427 1686,2429 1746,2426"/>
                <TextEquiv>
                    <Unicode>Episodenrolle) mit sensationellem Erfolg. Aber auch das weib¬</Unicode>
                </TextEquiv>
            </TextLine>
            <TextLine id="tr_1_tl_56" custom="readingOrder {index:55;}">
                <Coords points="540,2488 1748,2482 1732,2432 540,2441"/>
                <Baseline points="549,2480 609,2480 669,2480 729,2477 789,2478 849,2480 909,2477 970,2477 1030,2479 1090,2477 1150,2477 1210,2479 1270,2477 1330,2480 1391,2478 1451,2477 1511,2477 1571,2477 1631,2478 1691,2480 1752,2480"/>
                <TextEquiv>
                    <Unicode>liche Operettenpersonal habe ich gegen mich aufgebracht, und</Unicode>
                </TextEquiv>
            </TextLine>
            <TextLine id="tr_1_tl_57" custom="readingOrder {index:56;}">
                <Coords points="535,2541 1733,2535 1677,2480 535,2491"/>
                <Baseline points="543,2534 602,2531 662,2531 722,2528 781,2530 841,2528 901,2528 960,2526 1020,2522 1080,2526 1140,2528 1199,2528 1259,2526 1319,2528 1378,2528 1438,2525 1498,2525 1557,2525 1617,2525 1677,2525 1737,2525"/>
                <TextEquiv>
                    <Unicode>bloß deshalb, weil ich — die Günther zu gewinnen wußte.</Unicode>
                </TextEquiv>
            </TextLine>
            <TextLine id="tr_1_tl_58" custom="readingOrder {index:57;}">
                <Coords points="540,2595 1748,2591 1715,2533 540,2539"/>
                <Baseline points="549,2587 609,2581 669,2579 729,2575 789,2575 849,2575 909,2575 970,2575 1030,2575 1090,2577 1150,2575 1210,2575 1270,2577 1330,2575 1391,2575 1451,2575 1511,2575 1571,2572 1631,2575 1691,2575 1752,2578"/>
                <TextEquiv>
                    <Unicode>„Herr Direktor haben eine seltene Spurnase, stellten wir fest.</Unicode>
                </TextEquiv>
            </TextLine>
            <TextLine id="tr_1_tl_59" custom="readingOrder {index:58;}">
                <Coords points="546,2639 1747,2632 1747,2588 1661,2574 546,2603"/>
                <Baseline points="555,2632 614,2629 674,2626 734,2626 793,2626 853,2626 913,2626 972,2628 1032,2629 1092,2628 1152,2624 1211,2623 1271,2626 1331,2624 1390,2626 1450,2623 1510,2623 1569,2623 1629,2623 1689,2623 1749,2623"/>
                <TextEquiv>
                    <Unicode>„Tia... beim Theater" erwiderte er, „hängt eben viel von</Unicode>
                </TextEquiv>
            </TextLine>
            <TextLine id="tr_1_tl_60" custom="readingOrder {index:59;}">
                <Coords points="543,2692 1748,2689 1748,2630 1697,2626 543,2641"/>
                <Baseline points="552,2680 612,2680 672,2677 732,2674 792,2674 852,2677 912,2673 972,2669 1032,2674 1092,2674 1152,2674 1212,2674 1272,2676 1332,2674 1392,2674 1452,2672 1512,2672 1572,2671 1632,2673 1692,2671 1752,2674"/>
                <TextEquiv>
                    <Unicode>der „Witterung ab." — „Stimmt!" pflichteten wir ihm bei:</Unicode>
                </TextEquiv>
            </TextLine>
            <TextLine id="tr_1_tl_61" custom="readingOrder {index:60;}">
                <Coords points="558,2736 1751,2742 1702,2674 558,2683"/>
                <Baseline points="567,2725 626,2725 685,2722 745,2725 804,2725 864,2725 923,2724 982,2724 1042,2725 1101,2724 1161,2724 1220,2725 1279,2723 1339,2723 1398,2722 1458,2722 1517,2722 1576,2722 1636,2722 1695,2722 1755,2719"/>
                <TextEquiv>
                    <Unicode>„Von der schlechten im Zuschauerraum und der guten in der</Unicode>
                </TextEquiv>
            </TextLine>
            <TextLine id="tr_1_tl_62" custom="readingOrder {index:61;}">
                <Coords points="543,2803 591,2786 611,2803 647,2797 669,2781 691,2797 861,2797 897,2778 898,2732 715,2744 673,2722 634,2741 544,2738"/>
                <Baseline points="552,2775 578,2773 605,2772 632,2772 659,2772 686,2772 713,2772 739,2772 766,2772 793,2770 820,2769 847,2769 874,2769 901,2769"/>
                <TextEquiv>
                    <Unicode>Direktionskanzlei."</Unicode>
                </TextEquiv>
            </TextLine>
            <TextLine id="tr_1_tl_63" custom="readingOrder {index:62;}">
                <Coords points="641,2853 1686,2856 1745,2848 1747,2794 643,2795"/>
                <Baseline points="650,2841 707,2841 765,2841 823,2841 881,2839 939,2841 997,2838 1054,2838 1112,2838 1170,2838 1228,2837 1286,2837 1344,2838 1401,2838 1459,2838 1517,2836 1575,2838 1633,2838 1691,2836 1749,2835"/>
                <TextEquiv>
                    <Unicode>Bedeutete auch für Müller, der ein Arbeitsfanatiker</Unicode>
                </TextEquiv>
            </TextLine>
            <TextLine id="tr_1_tl_64" custom="readingOrder {index:63;}">
                <Coords points="537,2902 1748,2896 1717,2844 705,2871 537,2825"/>
                <Baseline points="546,2889 606,2891 666,2884 726,2889 787,2889 847,2889 907,2889 968,2886 1028,2886 1088,2886 1149,2886 1209,2886 1269,2885 1329,2883 1390,2883 1450,2885 1510,2883 1571,2886 1631,2886 1691,2886 1752,2886"/>
                <TextEquiv>
                    <Unicode>war — er kam als erster ins Theater, um es als letzter zu</Unicode>
                </TextEquiv>
            </TextLine>
            <TextLine id="tr_1_tl_65" custom="readingOrder {index:64;}">
                <Coords points="543,2949 1733,2948 1750,2898 544,2899"/>
                <Baseline points="552,2940 612,2940 672,2937 732,2934 792,2936 852,2937 912,2937 972,2935 1032,2934 1092,2934 1152,2934 1212,2934 1272,2934 1332,2932 1392,2931 1452,2931 1512,2931 1572,2931 1632,2934 1692,2932 1752,2925"/>
                <TextEquiv>
                    <Unicode>verlassen —, die Ausübung seines Berufes Erholung, liebte</Unicode>
                </TextEquiv>
            </TextLine>
            <TextLine id="tr_1_tl_66" custom="readingOrder {index:65;}">
                <Coords points="546,2999 1751,2995 1751,2948 1699,2936 546,2951"/>
                <Baseline points="555,2987 615,2987 675,2987 735,2986 795,2984 855,2984 915,2981 975,2981 1035,2981 1095,2981 1155,2981 1215,2981 1275,2981 1335,2981 1395,2978 1455,2978 1515,2978 1575,2978 1635,2979 1695,2979 1755,2975"/>
                <TextEquiv>
                    <Unicode>es dennoch, wenn auch nur Wochenkürze, in den von ihm</Unicode>
                </TextEquiv>
            </TextLine>
            <TextLine id="tr_1_tl_67" custom="readingOrder {index:66;}">
                <Coords points="549,3052 1653,3046 1742,3036 1744,2993 551,3002"/>
                <Baseline points="558,3038 617,3035 676,3035 736,3034 795,3032 855,3029 914,3032 973,3030 1033,3029 1092,3031 1152,3029 1211,3029 1270,3029 1330,3029 1389,3026 1449,3026 1508,3026 1567,3026 1627,3026 1686,3026 1746,3023"/>
                <TextEquiv>
                    <Unicode>geliebten Ischler Bergen umherzustreifen. Das Wandern ist des</Unicode>
                </TextEquiv>
            </TextLine>
            <TextLine id="tr_1_tl_68" custom="readingOrder {index:67;}">
                <Coords points="540,3096 1748,3092 1748,3036 540,3048"/>
                <Baseline points="549,3083 609,3082 669,3080 729,3080 789,3080 849,3080 909,3079 970,3077 1030,3077 1090,3077 1150,3077 1210,3077 1270,3077 1330,3075 1391,3077 1451,3074 1511,3074 1571,3074 1631,3074 1691,3074 1752,3071"/>
                <TextEquiv>
                    <Unicode>Müllers Lust. Doch auch die unsere, und so schritten wir oft</Unicode>
                </TextEquiv>
            </TextLine>
            <TextLine id="tr_1_tl_69" custom="readingOrder {index:68;}">
                <Coords points="546,3152 1758,3135 1758,3096 1683,3078 546,3095"/>
                <Baseline points="555,3134 615,3131 675,3129 735,3128 796,3128 856,3126 916,3125 977,3125 1037,3125 1097,3125 1158,3125 1218,3125 1278,3124 1338,3122 1399,3122 1459,3122 1519,3122 1580,3125 1640,3122 1700,3122 1761,3119"/>
                <TextEquiv>
                    <Unicode>gemeinsam durch den Laufener Wald. Er, den Bergstock in</Unicode>
                </TextEquiv>
            </TextLine>
            <TextLine id="tr_1_tl_70" custom="readingOrder {index:69;}">
                <Coords points="543,3181 1759,3176 1759,3137 1688,3125 543,3141"/>
                <Baseline points="552,3175 612,3178 672,3178 733,3178 793,3175 854,3173 914,3172 975,3172 1035,3172 1096,3172 1156,3172 1216,3172 1277,3171 1337,3169 1398,3169 1458,3169 1519,3169 1579,3169 1640,3169 1700,3169 1761,3166"/>
                <TextEquiv>
                    <Unicode>der Hand, mit dem er ebensoweit ausholte wie mit seinen</Unicode>
                </TextEquiv>
            </TextLine>
            <TextLine id="tr_1_tl_71" custom="readingOrder {index:70;}">
                <Coords points="543,3241 1748,3226 1748,3179 1627,3170 543,3181"/>
                <Baseline points="552,3229 612,3226 672,3226 732,3223 792,3221 852,3220 912,3217 972,3219 1032,3220 1092,3220 1152,3220 1212,3220 1272,3220 1332,3220 1392,3220 1452,3217 1512,3217 1572,3217 1632,3217 1692,3217 1752,3214"/>
                <TextEquiv>
                    <Unicode>Beinen, und wir — immer hinterher, denn mit ihm Schritt</Unicode>
                </TextEquiv>
            </TextLine>
            <TextLine id="tr_1_tl_72" custom="readingOrder {index:71;}">
                <Coords points="540,3297 1751,3273 1751,3235 1653,3222 540,3240"/>
                <Baseline points="549,3280 609,3274 669,3274 729,3274 790,3271 850,3271 910,3271 971,3268 1031,3268 1091,3268 1152,3268 1212,3268 1272,3266 1332,3268 1393,3265 1453,3265 1513,3265 1574,3265 1634,3265 1694,3265 1755,3262"/>
                <TextEquiv>
                    <Unicode>zu halten, war uns ein Ding der Unmöglichkeit, weshalb er</Unicode>
                </TextEquiv>
            </TextLine>
            <TextLine id="tr_1_tl_73" custom="readingOrder {index:72;}">
                <Coords points="543,3334 1745,3329 1735,3272 543,3294"/>
                <Baseline points="552,3322 611,3321 671,3319 731,3321 791,3319 851,3319 911,3316 970,3318 1030,3319 1090,3316 1150,3316 1210,3316 1270,3316 1330,3316 1389,3313 1449,3313 1509,3313 1569,3313 1629,3313 1689,3313 1749,3316"/>
                <TextEquiv>
                    <Unicode>oft eine Frage, die wir an ihn stellten, erst beantworten konnte,</Unicode>
                </TextEquiv>
            </TextLine>
            <TextLine id="tr_1_tl_74" custom="readingOrder {index:73;}">
                <Coords points="543,3382 1744,3374 1744,3331 1668,3318 543,3332"/>
                <Baseline points="552,3366 611,3369 671,3366 731,3366 790,3366 850,3363 910,3366 969,3364 1029,3363 1089,3363 1149,3363 1208,3363 1268,3361 1328,3361 1387,3361 1447,3361 1507,3361 1566,3361 1626,3361 1686,3361 1746,3361"/>
                <TextEquiv>
                    <Unicode>wenn wir ihn eingeholt hatten. Als wir einmal, während er</Unicode>
                </TextEquiv>
            </TextLine>
            <TextLine id="tr_1_tl_75" custom="readingOrder {index:74;}">
                <Coords points="549,3433 1742,3424 1742,3374 1694,3370 549,3379"/>
                <Baseline points="558,3420 617,3417 676,3414 736,3414 795,3414 855,3414 914,3412 973,3412 1033,3411 1092,3411 1152,3411 1211,3411 1270,3411 1330,3409 1389,3411 1449,3408 1508,3408 1567,3408 1627,3408 1686,3408 1746,3408"/>
                <TextEquiv>
                    <Unicode>sich immer weiter von uns entfernte, von ihm erfahren wollten,</Unicode>
                </TextEquiv>
            </TextLine>
            <TextLine id="tr_1_tl_76" custom="readingOrder {index:75;}">
                <Coords points="543,3473 1747,3464 1748,3423 1696,3415 544,3432"/>
                <Baseline points="552,3465 612,3465 672,3462 732,3462 792,3462 852,3462 912,3462 972,3462 1032,3462 1092,3459 1152,3459 1212,3459 1272,3459 1332,3459 1392,3459 1452,3456 1512,3456 1572,3456 1632,3456 1692,3456 1752,3453"/>
                <TextEquiv>
                    <Unicode>was er in der kommenden Saison vorhabe, wobei er, als das</Unicode>
                </TextEquiv>
            </TextLine>
            <TextLine id="tr_1_tl_77" custom="readingOrder {index:76;}">
                <Coords points="546,3529 1748,3515 1748,3464 1528,3456 548,3473"/>
                <Baseline points="555,3513 614,3513 674,3510 734,3510 794,3512 854,3510 914,3510 973,3510 1033,3507 1093,3510 1153,3510 1213,3510 1273,3509 1333,3505 1392,3504 1452,3504 1512,3504 1572,3504 1632,3504 1692,3504 1752,3498"/>
                <TextEquiv>
                    <Unicode>letzte Wort von uns verhallte, unseren Blicken bereits</Unicode>
                </TextEquiv>
            </TextLine>
            <TextLine id="tr_1_tl_78" custom="readingOrder {index:77;}">
                <Coords points="540,3571 1744,3570 1708,3511 541,3529"/>
                <Baseline points="549,3560 609,3560 669,3558 729,3558 789,3558 849,3558 909,3557 969,3557 1029,3555 1089,3557 1149,3555 1209,3555 1269,3555 1329,3555 1389,3552 1449,3552 1509,3552 1569,3549 1629,3552 1689,3552 1749,3552"/>
                <TextEquiv>
                    <Unicode>entschwunden war, antwortete er, nachdem wir ihn nach</Unicode>
                </TextEquiv>
            </TextLine>
            <TextLine id="tr_1_tl_79" custom="readingOrder {index:78;}">
                <Coords points="540,3625 1748,3612 1748,3576 1630,3559 540,3573"/>
                <Baseline points="549,3614 609,3608 669,3608 729,3608 789,3606 849,3605 909,3605 970,3603 1030,3602 1090,3599 1150,3601 1210,3602 1270,3599 1330,3601 1391,3599 1451,3597 1511,3599 1571,3599 1631,3600 1691,3600 1752,3596"/>
                <TextEquiv>
                    <Unicode>geraumer Zeit einholten: „Sie haben mich unlängst ge¬</Unicode>
                </TextEquiv>
            </TextLine>
            <TextLine id="tr_1_tl_80" custom="readingOrder {index:79;}">
                <Coords points="549,3669 1750,3669 1750,3612 1680,3601 549,3627"/>
                <Baseline points="558,3659 617,3659 677,3656 737,3656 796,3654 856,3653 916,3651 975,3653 1035,3653 1095,3652 1155,3650 1214,3650 1274,3649 1334,3647 1393,3647 1453,3647 1513,3647 1572,3647 1632,3646 1692,3644 1752,3644"/>
                <TextEquiv>
                    <Unicode>gefragt. Eine telegraphische Antwort hätte uns zweifellos</Unicode>
                </TextEquiv>
            </TextLine>
            <TextLine id="tr_1_tl_81" custom="readingOrder {index:80;}">
                <Coords points="555,3712 1748,3703 1692,3651 555,3668"/>
                <Baseline points="564,3704 623,3704 682,3704 742,3701 801,3701 861,3701 920,3701 979,3701 1039,3698 1098,3701 1158,3699 1217,3698 1276,3698 1336,3696 1395,3695 1455,3695 1514,3695 1573,3695 1633,3695 1692,3695 1752,3695"/>
                <TextEquiv>
                    <Unicode>früher erreicht. Oft saß er einsam auf einer Bank und grübelte.</Unicode>
                </TextEquiv>
            </TextLine>
            <TextLine id="tr_1_tl_82" custom="readingOrder {index:81;}">
                <Coords points="543,3754 1748,3762 1718,3700 543,3715"/>
                <Baseline points="552,3749 612,3754 672,3750 732,3749 792,3749 852,3749 912,3747 972,3747 1032,3749 1092,3748 1152,3746 1212,3746 1272,3746 1332,3744 1392,3743 1452,3743 1512,3743 1572,3743 1632,3743 1692,3743 1752,3740"/>
                <TextEquiv>
                    <Unicode>Da schmiedete er Pläne. Besonders einen. Einen Bauplan. Ein</Unicode>
                </TextEquiv>
            </TextLine>
            <TextLine id="tr_1_tl_83" custom="readingOrder {index:82;}">
                <Coords points="543,3812 1753,3798 1712,3749 544,3756"/>
                <Baseline points="552,3796 612,3799 672,3797 732,3799 792,3796 852,3796 912,3794 973,3794 1033,3793 1093,3795 1153,3790 1213,3793 1273,3791 1333,3791 1394,3790 1454,3790 1514,3790 1574,3790 1634,3790 1694,3790 1755,3787"/>
                <TextEquiv>
                    <Unicode>Theater wollte er bauen und — er baute es. Das Johann¬</Unicode>
                </TextEquiv>
            </TextLine>
            <TextLine id="tr_1_tl_84" custom="readingOrder {index:83;}">
                <Coords points="546,3849 1751,3840 1751,3799 1571,3793 546,3810"/>
                <Baseline points="555,3841 615,3846 675,3847 735,3846 795,3844 855,3844 915,3842 975,3842 1035,3841 1095,3843 1155,3841 1215,3841 1275,3840 1335,3838 1395,3838 1455,3838 1515,3838 1575,3838 1635,3837 1695,3835 1755,3835"/>
                <TextEquiv>
                    <Unicode>Strauß=Theater, das mit Hilfe seines finanziellen Beraters</Unicode>
                </TextEquiv>
            </TextLine>
            <TextLine id="tr_1_tl_85" custom="readingOrder {index:84;}">
                <Coords points="546,3902 1748,3901 1717,3843 546,3845"/>
                <Baseline points="555,3892 614,3894 674,3895 734,3894 794,3892 854,3892 914,3890 973,3892 1033,3889 1093,3889 1153,3889 1213,3889 1273,3888 1333,3886 1392,3886 1452,3886 1512,3884 1572,3883 1632,3886 1692,3884 1752,3880"/>
                <TextEquiv>
                    <Unicode>Russo, der sich ihm von Jauner her attachiert hatte, vor fünfund¬</Unicode>
                </TextEquiv>
            </TextLine>
            <TextLine id="tr_1_tl_86" custom="readingOrder {index:85;}">
                <Coords points="546,3954 1729,3952 1750,3899 548,3902"/>
                <Baseline points="555,3943 614,3943 674,3946 734,3945 794,3941 854,3940 914,3940 973,3938 1033,3937 1093,3937 1153,3937 1213,3937 1273,3936 1333,3934 1392,3934 1452,3934 1512,3934 1572,3931 1632,3931 1692,3931 1752,3928"/>
                <TextEquiv>
                    <Unicode>zwanzig Jahren erstand und seinem genialen Schöpfer den ver¬</Unicode>
                </TextEquiv>
            </TextLine>
            <TextLine id="tr_1_tl_87" custom="readingOrder {index:86;}">
                <Coords points="546,3996 1747,3999 1747,3951 1671,3939 546,3952"/>
                <Baseline points="555,3987 614,3989 674,3990 734,3989 793,3987 853,3987 913,3987 972,3989 1032,3987 1092,3986 1152,3984 1211,3981 1271,3981 1331,3981 1390,3981 1450,3981 1510,3981 1569,3981 1629,3981 1689,3979 1749,3981"/>
                <TextEquiv>
                    <Unicode>dienten Lorbeer verschaffte. Allein — zu früh siel der Vorhang</Unicode>
                </TextEquiv>
            </TextLine>
            <TextLine id="tr_1_tl_88" custom="readingOrder {index:87;}">
                <Coords points="540,4063 1705,4066 1686,3988 540,4001"/>
                <Baseline points="549,4041 610,4038 671,4039 732,4041 793,4041 854,4038 915,4041 976,4038 1037,4038 1098,4035 1159,4038 1220,4040 1281,4034 1342,4037 1403,4035 1464,4038 1525,4035 1586,4033 1647,4035 1708,4040"/>
                <TextEquiv>
                    <Unicode>über seine Tätigkeit. Der liebe Himmel hatte dem von ein</Unicode>
                </TextEquiv>
            </TextLine>
            <TextEquiv>
                <Unicode></Unicode>
            </TextEquiv>
        </TextRegion>
    </Page>
</PcGts>
