3484 4384
119 242 659 339 8. Freiwild
808 243 1216 336 box 14/2
813 609 1224 686 „Berliner Reform"
471 656 1635 723 Dieses Schauspiel mit tragischem Ausgang versetzt uns in einen
397 706 1642 773 Badeort in der Nähe von Wien. Offiziere, Komödianten des Sommer¬
397 755 1628 798 theaters, ein Arzt und ein Herr, der gar keinen Beruf hat, der nur
400 794 1630 852 lebt, spielen darin eine Rolle. Dieser letztere ist die Hauptperson des
397 833 1575 907 Stückes. Der Jnhalt des Stückes ist nun folgender: (Folgt dieser.)
430 869 1632 916 Inscenirung war musterhaft. Gespielt wurde vortrefflich. Der
413 911 1642 982 eiche Beifall, welchen das Stück fand, ist dem guten Spiel der
397 952 1475 1017 Darstellenden und der Tendenz des Schauspiels zu verdanken.
783 1002 1241 1075 Berliner Tageblatt"
469 1053 1638 1114 Und wieder ein Drama, dessen ganzer Inhalt sich um den Ehren¬
397 1106 1633 1151 koder dreht. Im Deutschen Theater wurde gestern das dreiaktige Schau¬
403 1140 1635 1192 spiel „Freiwild, von Arthur Schnitzler aufgeführt, dem glücklichen
397 1183 1635 1235 Autor der „Liebelei“. Der Erfolg war diesmal womöglich
394 1220 1632 1271 noch größer, nach den beiden ersten Akten lebhafte Hervorrufe, nach
400 1261 1635 1315 dem letzten einige Opposition, die wohl der duellfeindlichen Tendenz
400 1300 1638 1351 galt, und die durch stürmischen Beifall übertönt wurde. Alle
400 1337 1638 1388 Gegner des Duells werden das Stück sehen wollen, und die Offiziere
403 1377 1633 1424 werden in Civil hineingehen. Der Titel führte Anfangs irre. Die
397 1418 1638 1464 Handlung spielt in einem Badeorte bei Wien, in Baden oder Vöslau,
400 1457 1635 1504 und führt uns in eine Gesellschaft von Schmierenkomödianten und
397 1493 1632 1541 Offizieren. (Folgt Inhalt.) Ich habe mich den enthusiastischen Urtheilen
394 1534 1635 1577 über Schnitzlers „Liebelei“ nicht anschließen können: was man darin
400 1572 1638 1621 als modernste Poesie bewunderte, schien mir ein bischen zu dünn. Es
400 1611 1632 1657 war kein Kunstwerk aus gediegenem Golde, sondern eine Arbeit seinen
406 1650 1632 1701 Kunsthandwerkes, mit echtem Goldschaum nur überzogen. Das ist schon
403 1691 1638 1740 recht viel; und diesmal, wo die Poesie schimmernd glänzt, hat
402 1729 1644 1784 Schnitzler deutlicher und fester die geschickte Hand eines außerge¬
403 1763 1644 1813 wöhnlichen Theatertechnikers gezeigt. Wahrhafte Dichtung ist das fast
409 1802 1639 1861 stumme Liebeswerben Rönnings und die echt Wienerische Gestalt des
403 1843 1638 1895 verbitterten Komikers (Herr Reinhardt). Mit der eigentlichen
400 1887 1638 1939 Handlung ist aber eine so fieberhafte theatralische Spannung
403 1923 1638 1969 erreicht, wie seit Jahren in keinem unserer Dramen, Theater,
413 1961 1644 2022 fast nichts als Theater, sind auch die munteren Schmierenauftritte. Sie
413 1999 1642 2079 sorgen für die Lachlst des Publikums. Ein gutes und starkes
406 2047 657 2112 Theaterstück.
767 2096 1263 2176 „Berl. Lokal-Anzeiger“
477 2134 1638 2217 Im Deutschen Theater wurde gestern (Dienstag) Arthur Schnitzlers
403 2196 1646 2246 neues dreiaktiges Lustspiel „Freiwild“ zum ersten Male aufgeführt.
403 2237 1646 2289 Mit stetig wachsender Theilnahme folgte das Publikum der
409 2273 1647 2328 Entwickelung und Steigerung. „Freiwild" is ein Problemstück
403 2315 1649 2364 oder auch ein Tendenzstück. Es wendet sich gegen das Duell, es be¬
400 2353 1647 2413 handelt die Officiersehre. (Folgt Inhalt.) In der Schilderung des
409 2391 1647 2444 Milieus sowohl, wie auch im straffen Aufbau der Handlung zeigt sich
406 2433 1647 2482 Schnitzler als ein hervorragend begabter, echter Dramatiker, von dem
406 2469 1647 2526 die deutsche Bühne noch Bedeutendes erwarten darf. Seine jüngeren
416 2510 1647 2562 Mitstrebenden in Oesterreich läßt er an dichterischem Können und drama¬
406 2549 1653 2604 tischen Empfinden weit hinter sich zurück. Das fühlte auch das Publi¬
409 2585 1650 2667 kum, als es den Autor wiederholt stürmisch hervorjubelte.
899 2654 1158 2723 „Das Volk:
480 2683 1655 2755 Das Deutsche Theater hat gestern (Dienstag) auch mit dem zweiten
413 2723 1660 2803 Werk des durch seine „Liebelei hier bestens eingeführten Wiener
417 2783 1650 2835 Dramatikers Arthur Schnitzler „Freiwild“ einen schönen Erfolg
416 2822 1650 2879 davongetragen, der — soweit es sich um das Schaffen des Dichters
422 2860 1657 2918 selbst handelt — einen zweiten achtungswerthen Sieg all der gefälligen
413 2904 1655 2962 dramaturgischen Eigenschaften bedentet, die seinem ersten Stück an gleicher
422 2941 1660 2995 Stelle zu so entschiedenem Erfolge verhalfen. Zu diesen guten Eigen¬
427 2976 1658 3037 schaften gehört sowohl die Fähigkeit, eine geschickt erfundene Fabel mit
427 3018 1660 3083 stetiger Steigerung durch eine anmuthige Milienschilderung hindurch
419 3056 1653 3111 einem Höhepunkt zuzutreiben, wie auch das Talent, vortrefflich zu charakte¬
419 3098 1658 3147 risiren und den geschilderten Conflikt aus dem Charakter lebenswahrer
425 3136 1663 3189 Menschen heraus wahrscheinlich zu machen. Diese Vorzüge sind so groß,
427 3177 1664 3228 daß man ihnen gegenüber auch nicht abgeneigt ist, die Vorliebe des der
425 3214 1664 3277 jüngeren Wiener Feuilletonistenschule angehörigen Dichters mit in Kauf
422 3252 1661 3315 zu nehmen, auch die Nebendinge mit behaglicher Breite dem Hörer vor¬
425 3287 1664 3351 zuführen, als das sonst im Drama strengen Stils gestattet ist. Es ist
425 3329 1668 3384 darum kein geringes Lob der Klein= und Feinmalerei des Werkes, wenn
425 3370 1661 3428 trotz dieser, sogar an der gefährlichen Stelle des Schlußaktes bemerklichen
425 3410 1660 3469 episodischen Details der Hörer gestern keine Abnahme seines Interesses
424 3448 1664 3508 an dem Handlungsverlauf verspürte, sondern dieses im Gegentheil von
425 3486 1671 3544 Scene zu Scene wachsen sah. So wie das Stück vorliegt, ist es ein
425 3525 1672 3585 getreu kopirtes Stück Leben, dem die große Darstellungskunst des Dichters
430 3561 1674 3627 zur vollsten überzeugendsten Anschaulichkeit und Lebenswahrscheinlichkeit
436 3605 1668 3661 verholfen hat. So haben denn auch seine dichterischen Vorzüge den
433 3641 1675 3696 Beifall erzeugt, der den anwesenden Verfasser nach jedem
430 3688 1136 3751 Akte mehrfach vor die Rampe rief.
786 3732 1326 3810 „Berliner Fremdenblatt“:
505 3779 1677 3861 Arthur Schnitzler, ein Dichter bester Art in Tages= und Sitten¬
444 3840 1683 3901 fragen, ist der vierte der kürzlich vom Geist getriebenen Propheten! Sein
436 3884 1679 3936 „Freiwild“ ist eines jener wundervollen Tendenzstücke, deren Lehre
433 3917 1682 3969 man erst merkt, wenn man sich vom Gewaltstreich der Geschehnisse erholt
436 3961 1551 4011 hat! Man empfindet nicht, daß uns eigentlich gepredigt wird
438 3997 1685 4072 hohes Verdienst des Autors! Schon in Schnitzler's „Liebelei" war
1675 565 2926 642 etwas von „Freiwild“ vorzuahnen! Hier wie dort sind jene armen
1685 631 2919 673 Weiber geschildert, die ein „Freiwild“ für jeden Mädchenjäger von
1688 668 2919 715 Beruf oder Zufall abgeben, und hier wie dort wird das Gebot auf¬
1679 701 2913 761 gesagt: Du sollst Dich tödten lassen (Folgt Inhalt.) Ein herzliches
1672 742 2919 814 „Bravo dem kundigen Theatermann und famosen Bühnen-Illustrator!
2027 813 2570 896 „Deutsche Tages Zeitung"
1749 864 2924 932 Das vieraktige Schauspiel hat, um dies gleich vorweg
1679 916 2926 973 zu nehmen, einen entschiedenen Erfolg gehabt; diese ist
1679 957 2919 1010 erster Reihe dem Verfasser zuzuschreiben, der ein interessantes Problem
1672 995 2926 1046 aufgestellt hat und die Spannung bis zum Schluß rege erhält, dann
1679 1035 2929 1084 aber auch den darstellenden Kunstlern, welche durchweg ihr Bestes
1682 1071 2923 1130 gaben und durch treffliches Zusammenspiel eine einheitliche Aufführung,
1672 1114 2930 1166 ein Kunstwerk aus einem Guß vorführten. Viele werden mit dem Werk¬
1679 1153 2919 1199 des Dichters nicht übereinstimmen, aber das ändert nichts an der That¬
1688 1194 2926 1244 sache, daß er es verstanden hat, die lebhafteste Theilnahme für sein,
1685 1230 2930 1282 eine durchaus moderne, in unserm heutigen Leben eine bedeutende Rolle
1682 1268 2927 1322 spielende Frage behandelndes Schauspiel zu erregen. Es dreht sich um
1679 1310 2929 1359 einen Zweikampf, den der eine verweigert, der andere, ein Offizier, aber
1679 1349 2929 1396 erzwingen muß, um seine Stellung, ja ne Existenz zu wahren. (Folgt
1685 1384 2926 1434 Inhalt). Auf jeden Fall hat der Verfasser ein packendes
1682 1426 2929 1476 Sittengemälde geschaffen, das, wenn er mit seinen Ansichten
1679 1465 2929 1517 und Ueberzeugungen auch im Hintergrunde bleibt, zum Nach¬
1679 1503 2929 1556 denken anregt und, weil es direkt aus dem Leben gegriffen
1679 1553 2930 1597 ist, der Theilnahme aller gebildeten Kreise sicher ist. Die
1685 1580 2930 1632 Charakteristik der einzelnen Figuren ist sehr gut gelungen. Der Ver¬
1693 1614 2930 1688 fasser wurde nach jedem Akte lebhaft gerufen. Das Haus war
1685 1663 2272 1730 überhaupt äußerst beifallsfreudig.
2126 1743 2485 1804 „Volks=Zeitung“:
1762 1762 2926 1842 Arthur Schnitzler, der sich mit seinem Erstlingsdrama „Liebelei
1691 1831 2932 1889 so glücklich einführte, hat uns gestern in seinem neuen Schauspiel
1691 1875 2929 1928 „Freiwild“ ein Tendenzstück geboten, dem Zeit und Umstände so günstig
1685 1915 2930 1959 wie nur irgend möglich waren. Er behandelt darin die Duellfrage,
1691 1953 2932 2002 aber von einem ganz andern Gesichtspunkte aus, wie ihn der Baron
1685 1991 2930 2039 von Roberts in seinem Schauspiel „Satisfaktion" einnahm. Schnitzler
1688 2028 2929 2082 weist in „Freiwild ganz besonders auf die durch falsche Ehrbegriffe
1696 2066 2930 2127 geschaffene Zwangslage der Offiziere hin, und da die bürgerliche Ge¬
1693 2107 2930 2163 sellschaft mit gerechter Entrüstung gegen Röcher ihrer beleidigten Ehre
1691 2144 2913 2198 vom Schlage des Herrn von Brüsewitz geladen ist, so mußte „Freiwild
1691 2187 2937 2232 eine stark sensationelle Wirkung in dem dichtbesetzten Hause hervorrufen.
1693 2229 2932 2279 Schnitzler behandelt diesmal den Fall Karinski Rönning. (Folgt Inhalt.)
1691 2265 2940 2312 Das neue Dram, des begabten Wiener Dichters ist ein kräftiger Wurf
1693 2298 2940 2353 gegen den falschen Ehrbegriff des Militärs und den Duellung, und
1693 2341 2940 2386 darum heißen wir es willkommen. Im ersten Akt schildert Schnitzler
1691 2380 2949 2425 das Schauspielerelend und namentlich die verzweifelte Lage anständiger
1696 2419 2937 2479 Mädchen, in denen jeder reiche Müßiggänger Freiwild sieht. Sobald
1691 2455 2938 2504 aber die Ohrfeige gefallen, giebt er dies Thema auf und rückt die Duell¬
1705 2496 2940 2549 frage in den Vordergrund. Der erste Akt wirkte sehr ansprechend durch
1696 2535 2937 2585 die satyrische Schilderung der Theatermisère. Der Dichter wurde nach
1697 2576 2493 2650 jedem der drei Akte wiederholt hervorgerufen.
2126 2634 2515 2723 „Deutsche Warte.
1773 2684 2943 2753 Eine förmliche Duellwuth scheint auf den weltbedeutenden rettern
1696 2747 2934 2799 ausgebrochen zu sein; kaum ist Hartlebens „Ehrenwort vorher
1705 2788 2951 2844 so führt der liebenswürdige Verfasser der „Liebelei" durch sein „Frei¬
1696 2822 2943 2876 wild noch tiefer in die Sache ein. (Folgt Inhalt.) Es macht aber
1696 2861 2946 2912 aufmerksam auf verschrobene Ehrbegriffe, die die damit Behafteten selbst
1705 2905 2951 2960 zu gemeinen Mördern erniedrigen, in dem Wahn, daß sie auf diese Weise
1702 2943 2948 2995 ihre verlorene Ehre wiederherstellen können. Aufgenommen wurde
1701 2979 2949 3036 das Stück mit reichlichem Beifall und der Verfasser mußte
1708 3029 2229 3097 mehrere Male erscheinen.
2057 3092 2585 3172 „Staatsbürger-Zeitung“:
1779 3136 2956 3202 Das Schauspielerntete gestern Abend lauten Beifall. Jetzt
1708 3196 2954 3244 hat der Fall Brüsewitz viel Staub ausgewirbelt, und das mit Recht. Fast
1708 3235 2949 3282 könnte es so erscheinen, als hätte sich der Autor durch jene unglückliche
1708 3276 2946 3323 Affaire dramatisch anregen lassen. Das ist aber keineswegs der Fall, und
1708 3310 2954 3390 das Stück ist auch älter, als die That des süddeutschen Offiziers im Café
1712 3352 2275 3434 „Tannhäuser. (Folgt Inhalt.)
2141 3425 2516 3501 „Börsen Zeitung“:
1785 3459 2952 3534 Durch sein Schauspiel „Liebelei der genannte Dichter — rasch
1715 3525 2956 3577 beliebt geworden. Man brachte ihm großes Vertrauen entgegen und
1718 3567 2949 3619 das Haus war von einem literarisch interessirten Publikum vollkommen
1713 3605 2956 3665 ausverkauft. Der Titel „Freiwild, das Personenverzeichniß, das so
1715 3641 2949 3698 viele Offiziere und Schauspielerinnen aufwies, ließ auf eine sociale
1718 3680 2952 3734 Moral=Lehre schließen. Aber es kam ganz anders. (Folgt Inhalt.)
1715 3721 2774 3796 Der Autor wurde nach jedem Akt stürmisch gerufen.
