3484 4256
141 152 267 260 8.
285 152 668 263 Freiwild
841 155 1245 263 box 14/4
278 202 368 278 .
134 895 877 1010 r. Max Goldschmidt¬
155 982 783 1090 Bureau für
217 1050 707 1137 Zeitungsausschnitte
134 1119 960 1220 en mit direktem Nachrichtendienst durch
213 1176 707 1263 eigene Korrespondenten.
144 1245 357 1310 N. 24
516 1231 895 1317 Telephon: 1, 3051.
256 1342 675 1454 Ausschnitt aus
152 1530 761 1642 scher Courier, Nürnberg
437 1725 765 1859 FER, 10
992 1826 3031 1981 ch leben in Wahrheit von uns nicht den Bedacht hat. Nur die Verbindung zwischen den Ueber¬
1000 1927 3021 2028 aufkommen zu lassen, daß sie Rönning seines Geldes Typen des Freiwildes, Anna Riedel und Paul Rön¬
992 1978 3021 2061 wegen heirate. Da wird die junge, umschwärmte ning, erscheint durch das Band der Liebe etwas ge¬
206 1826 783 2100 Feuilleton.
2017 2017 3028 2100 waltsam geknüpft. Daß der Dichter den falschen
992 2053 1992 2136 Künstlerin eines Tages von dem Oberleutnant Ka
2032 2075 3024 2151 Ehrbegriff obsiegen läßt, ist ihm wohl zum Vorwurf
1003 2093 2006 2162 rinski zu einem Souper eingeladen. Sie schlägt na¬
1003 2133 3017 2205 türlich das beleidigende Ansinnen ab. Aus diesem gemacht worden. Doch mit Unrecht. Ist es im Leben
346 2108 635 2219 Freiwild.
1039 2172 3024 2266 Anlaß geraten Karinski und Rönning aneinander, nicht meistens auch so? Gerade in dem Ausgang des
130 2151 989 2295 el in 3 Akten von Artur Schnitzler
144 2216 3028 2320 enberg, 8. Febr. (Intimes Theater.) Als Karinski, der den Streit provoziert hat, Rönning Dramas zeigt sich die Objektivität, mit der der Dichter
141 2266 3031 2371 Schnitzler ist noch immer der kraftvollste und schwer reizt und beleidigt, wird er von diesem geohr= die Frage behandelt hat, und gerade wegen dieser Ob¬
2032 2317 3028 2393 jektivität ist das Schnitzlersche Stück wie wenige ge¬
144 2338 2006 2425 ste der jungösterreichischen Dramatiker, der feigt. Die Folge ist natürlich eine Forderung seitens
2028 2375 3024 2465 eignet, Aufklärung zu geben über den falschen Ehr¬
1010 2389 2006 2450 des Oberleutnants, die Rönning aber ablehnt. Wenn
134 2393 985 2483 ste Stern „Jungwiens“, neben dem die
141 2418 2699 2533 des jüngsten Wien": Hawel, Schönherr, Karinski keine Satisfaktion erhält, dann muß er den begriff, der den Mord sanktioniert.
2086 2450 3028 2526 Die Hauptrollen wurden ganz vorzüglich wieder¬
1010 2476 2006 2544 Offizierstock ausziehen. Seine Freunde versucher
141 2494 989 2559 Inn verschwinden wie Meteore, die ebens¬
2028 2512 3028 2584 gegeben, so namentlich die des Paul Rön¬
137 2523 1999 2613 erbleichen wie sie auftauchen. Schnitzer war darum, Rönning durch Ueberredung zur Einwilligun¬
148 2551 3031 2663 in der „Liebelei den Typus des „süßen Mä- in den Zweikampf zu bewegen. Er soll nur spielen ning von Herrn Walter, des Oberstleutnants Rohn¬
2039 2606 3028 2670 stedt von Hrn. Beck, der Anna Riedel von Frl. Schiff.
148 2624 2010 2707 din seinen feinziselierten „Anatol"-Dialogen mit der Formalität. Doch Rönning gesteht dem¬
152 2652 3028 2753 bus der weltmüden Anatols schuf, denen die jenigen, der ihn grundlos beleidigt hat, weder das Gut waren auch Hr. Kirsch als Oberleutnant Ka¬
144 2699 3039 2808 ch um Hermann Bahr scharende Gruppe Recht zu, ihn zu töten noch ihn zu begnadigen. Eben rinski, Hr. Krampff als Poldi Grehlinger, Hr.
2039 2750 3031 2829 Herbig als Enderle. Hr. Rehfeld gab den Direktor
195 2772 2010 2855 ns" so fest anhing, daß es außer Schnitzler ist er im Begriff, Anna, die ihre Stellung am Kur¬
1010 2793 3031 2883 theater des kleinen Badeortes aufzugeben gezwungen des Sommertheaters zu sehr als Karikatur. Das
148 2829 967 2901 von ihnen gelang, sich davon los zu machen.
130 2844 3028 2956 on in die „Liebelet mengen sich soziale Töne, ist, nach Wien zu ihrer Mutter zu begleiten, als er Milieu war nicht durchweg bestimmt genug heraus¬
2032 2905 2230 2977 gearbeitet.
137 2901 2006 3013 och schlägt der Dichter sie in „Freiwild“ an. erfährt, daß Karinski eine Gewalttat gegen ihn plan¬
2089 2905 3039 3006 Das Publikum nahm Stück und Vorstellung mit
1018 2952 2025 3021 Um nicht als Flüchtling und Feigling zu erscheinen,
155 2970 992 3039 ist die Schauspielerin für den skrupellos si
2035 2974 3031 3089 starkem Beifall auf. Einmal gab es sogar Beifall bei
148 3002 2006 3096 den Lebemann, Freiwild für eine gewisse bleibt er, trotz der Bitten Annas, die endlich einge
2039 3049 2313 3129 offener Szene.
148 3053 2014 3143 r Gesellschaft, die wähnt, eine besondere Ehre willigt hat, die seine zu werden. Bald wird er vor
144 3096 2014 3187 , der Mann, der den Ehrenkodex dieser Kaste Karinski gestellt, und, als er auch jetzt noch die Satis¬
1021 3158 2014 3226 faktion verweigert, von diesem niedergeschossen. Ka¬
152 3161 996 3230 erkennt. Anna Riedel stammt aus eine
152 3197 2025 3295 Familie. Die Liebe zur Kunst hat sie zum rinskis Ehre ist nach dem Offiziers=Ehrenkoder da¬
155 3241 2021 3334 getrieben. An einem kleinen Kurtheater hat mit wiederhergestellt. Schutzlos aber ist das arme
159 3291 2028 3381 erste Anstellung gefunden, und mit einer Mädchen geworden. Die Jagd auf das Freiwild wird
1028 3338 2025 3410 von neuem aufgenommen werden, und dieses über
152 3356 1003 3425 in 50 Gulden monatlich schlägt sich schlecht
152 3381 1934 3500 t durch. Sie könnte allen Schen mit einem urz oder lang wohl der Hetze zur Beute fallen.
1090 3425 2021 3504 Im 1. Akt setzt das Schnitzlersche Schauspiel mi
155 3457 1007 3522 in Ende machen, wenn sie der ehrlichen Wer¬
152 3486 2010 3569 jungen, wohlhabenden Malers Paul Rön einer etwas breiten Milieuschilderung ein, aus de
152 3537 1956 3612 hör schenken wollte, doch sie lehnt es ab, dann allmählich die Handlung herauswächst, die
152 3576 2035 3699 Antrage nachzugeben, angeblich weil sie ihn kurzen, knappen Strichen technisch meisterhaft aufge¬
