3484 4384
383 172 485 218 tung
394 207 480 262 liche
393 255 478 319 lung
398 305 477 355 der
394 348 480 412 daß
393 394 483 459 ollen
381 499 481 552 dern
384 543 483 605 ossen
392 592 478 658 stens
384 737 480 797 die
398 792 483 848 und
389 836 476 906 Ver¬
390 888 480 949 oder
386 932 473 990 ren¬
389 981 480 1056 Ver¬
383 1055 481 1139 ichen
383 1130 481 1199 eisen
384 1219 474 1282 nen
384 1272 483 1329 einer
410 1320 490 1382 den
393 1369 481 1431 utzes
390 1419 480 1482 wort
399 1468 483 1525 aber
374 1514 481 1576 würde,
385 1564 480 1632 mehr
381 1800 470 1883 t
393 1892 480 1950 ichts
401 1941 485 1987 von
393 1979 480 2034 Bild
384 2025 470 2076 tung
394 2071 474 2122 auch
383 2155 481 2206 n der
375 2195 481 2252 ck in
393 2284 473 2339 Herr
388 2330 480 2381 istler
392 2373 483 2427 edem
393 2418 480 2469 ngen
389 2464 480 2514 ektor
390 2507 478 2559 ann,
393 2677 490 2730 den
393 2722 486 2779 hung
399 2765 482 2822 daß
396 2801 483 2859 man
405 2851 487 2907 sehr
381 2895 481 2947 rrenz
383 2939 483 2992 des
381 2983 483 3046 druck
385 3065 481 3138 eziert
381 3143 489 3213 tione
390 3199 486 3252 man
385 3245 486 3296 nand
380 3375 485 3428 Engel
401 3421 489 3472 Re¬
384 3461 486 3530 burg
377 3541 483 3607 erbei¬
529 131 1563 207 Ende des Kronen aus der der
533 194 1555 242 des Wirkl. Admiralitätsraths Koch. Eine Anzahl Ab¬
527 239 1554 288 bildungen führt das den schaurigen Anblick des Wracks
530 282 1556 335 vor Augen. „Mit aufgerissener Steuerbordseite und
539 324 1555 377 geborstenem Kiel liegt das Vorschiff auf dem bei Ebbe
527 368 1554 427 trocken gefallenen Riff, das Hinterschiff aber ist ganz
536 412 1556 464 zerschmettert und ohne Zusammenhang. Hier ragt ein
533 456 1559 509 Theil des Hecks aus der Wasser heraus, dort liegen
536 499 1552 545 auf dem Felsen noch mit dem Schiffsboden zusammen¬
533 539 1552 591 hängende Ueberreste des Maschinenfundaments, dort
530 587 1547 633 Bruchstücke, die sich als Oeltanks und dergleichen er¬
527 628 1548 686 kennen lassen, und dazwischen zeigt sich überall der
533 672 1555 733 spitze, scharfe Fels, an dem Schiff und Mannschaft mit¬
530 712 1556 768 leidlos zerschellen mußten. Welches Deutschen Her¬
536 756 1556 809 sollte aber nicht höher schlagen, wenn er hört, daß der
533 800 1555 856 Vater eines Matrosen, der draußen den Tod fand,
527 841 1554 898 dem schweren Schlag mit ernster Fassung sich fügte und
533 889 1555 964 an den kommandirenden Admiral folgenden
527 936 845 998 Brief richtete:
593 953 1555 1026 „Trotz meines großen Verlustes und Schmerzes bin ich
530 1012 1556 1062 weit entfernt, es zu bedauern, daß ich meinem in der Blüthe
527 1059 1550 1122 der Jahre heimgegangenen einzigen Sohne die Genehmigung
533 1101 1555 1155 zum Eintritt in die kaiserliche Marine gegeben habe. Er
527 1145 1557 1202 hat sich glücklich in dem frei gewählten Berufe gefühlt. Hätte
536 1188 1556 1241 ich das Glück, noch einen Sohn zu besitzen, so würde ich
530 1236 1543 1289 auch diesem, soweit an mir läge, den Eintritt nicht versagen.
587 1274 1555 1334 Mit freudiger Genugthuung erfüllt es, so heißt es
539 1321 1561 1386 zum Schluß des Aufsatzes, die Angehörigen der Marine,
542 1366 1568 1420 sei es, daß sie berufen sind, draußen auf See der
542 1409 1557 1466 Flagge schwarz=weiß=roth zu folgen, sei es, daß sie sich
536 1454 1556 1504 bescheiden müssen, vom Schreibtisch aus ihr Interesse
536 1498 1563 1557 zu fördern, daß sie die Männer vom „Iltis Brüder
533 1538 1561 1596 und Kameraden nennen durften, sie, von denen man
533 1583 1559 1636 reden und deren Namen man preisen wird, wo immer
536 1629 1556 1684 Diejenigen genannt werden, die wie Helden zu sterben
530 1676 690 1738 wußten!
663 1697 1552 1778 Frithjof Nansen hat, wie gestern kurz mit¬
530 1762 1556 1822 getheilt wurde, mit der Schilderung seiner Nordpolreise
530 1806 1550 1861 im „Daily Chronicle" begonnen. Auf die dort ge¬
527 1842 1561 1896 machten Mittheilungen näher einzugehen, erscheint
536 1891 1427 1950 überflüssig, da gleichzeitig der Verlag
554 1930 1561 1999 5. A. Brockhaus in Leipzig das Erscheinen der
527 1980 1557 2038 deutschen Ausgabe des Nansenschen Werkes in
527 2021 1555 2071 nahe Aussicht stellt. Es führt den Titel „In Nacht
826 2068 1550 2122 Zwei Lieferungen davon werden noch
533 2072 787 2127 und Eis.
527 2107 1557 2157 vor Weihnachten vorliegen. Mehrere Tausend Photo¬
536 2153 1555 2213 graphien hat Nansen zurückgebracht, von Gletschern
536 2193 1556 2245 und Torossen, vom Leben an Bord und in
527 2244 1557 2320 den Schneehöhlen seines Winterquartiers und
527 2285 1554 2337 von allerhand Thieren, darunter die eines
536 2325 1552 2387 ihn angreifenden Eisbären, den er drei Mal photo¬
536 2370 1557 2429 graphirte, bevor er ihn schoß! Etwa 200 Abbildungen,
530 2414 1552 2467 theils Photographien, theils Zeichnungen des Malers
536 2460 1563 2511 Sinding, werden dem Buch beigegeben, außerdem zwei
530 2506 1554 2555 große Karten, welche neu entdeckte Inseln enthalten und
527 2542 1555 2598 das bisher bekannte Bild der Polargegend umändern
530 2588 1556 2641 und theilweise völlig neu gestalten. Das Werk erscheint
539 2635 1552 2712 in zwei Bänden (geh. 18 M., geb. 20 M.) oder in
527 2678 1082 2738 36 Lieferungen zu je 50 Pf.
799 2769 1322 2856 Theater und Musik.
593 2840 1552 2895 * Unter reifen Männern ist es längst kein Geheim¬
536 2893 1556 2940 niß mehr, daß die Politik und alle Beschäftigung mit
536 2939 1563 2986 Politik im Grunde nur die eine Aufgabe hat, zum
527 2983 1548 3035 täglichen Arbeits= und Genußleben als Würze einige
536 3027 1550 3074 Messerspitzen voll — Aerger zu liefern. Auch dann
536 3068 1552 3116 wenn einmal nichts geschieht, „nichts vorgeht, weder
530 3111 1552 3167 bei Hofe noch in Armenien, noch zwischen Gold¬
539 3155 1559 3207 und Silberkampfhähnen, dann sorgen wenigstens die
536 3198 1557 3253 politischen Betrachtungen der Zeitungen, die mit Be¬
533 3239 1555 3292 hagen auch das „nichts erörtern, für die allmorgentliche
539 3283 1555 3335 Aerger=Würze. Und es ist gut so, denn ein wenig Würze
542 3329 1561 3380 fördert den Wohlgeschmack und die Bekömmlichkeit der
533 3372 1552 3428 Lebensgenüsse. Aber es muß bei dem wenig bleiben,
533 3417 1548 3463 die Erregung darf nicht infolge von Uebermaß die Galle
533 3461 1555 3513 bis in den Grund auswühlen und zersetzen. Es
533 3504 1559 3558 heißt mit der Gesundheit der Zeitgenossen ein
542 3545 1552 3627 freules Spiel treiben, wenn zu der Aerger=Dosis
1608 128 2589 199 voller Weise führt zu ge¬
1601 193 2634 249 österreichischen Bade= und Bühnenleben vor. Wohin
1604 238 2625 302 wir blicken, nichts als Leichtfertigkeit und Oberflächlich¬
1605 280 2626 337 keit, leichtsinnige Männer, leichtfertige Weiber. Unter
1600 326 2621 381 den Weibern ist nur Eine, die sich rein und stark er¬
1605 368 2632 423 hält, sie will auch als Künstlerin, als „öffentliche
1601 410 2630 468 Person den „Schild der Ehre blank erhalten, in
1601 452 2630 505 Brunhildengleicher Abgeschlossenheit verharren. Aber
1608 492 2634 548 sie merkt bald, daß sie als Schauspielerin von allen
1601 543 2641 586 Mannsen für Freiwild angesehen wird; Jeder lockt
1600 588 2630 640 und drängt sie auf den breiten Pfad, den die „Alle,
1601 629 2630 679 Alle wandeln, jedes Mittel wird angewandt, jedes für
1604 668 2626 730 berechtigt gehalten, die Widerspenstige aus ihrer Aus¬
1601 716 2630 768 nahmestellung zu verdrängen. Das Problem, das diese
1608 756 2628 807 Einleitung bietet, ist nicht sonderlich neu, aber es hätte
1608 799 2628 853 sich doch anziehend und eigenartig gestalten lassen,
1601 844 2630 898 wenn der Verfasser statt eines weiblichen Typus
1605 884 2526 933 eine Frau von besonderer seelischer Art
1614 896 2628 985 schaffen und den Hauptwerth auf die Charakteristik, die
1610 976 2621 1018 innere Entwicklung gelegt hätte, wenn es ihm vo¬
1610 1017 2611 1066 Allem darum zu thun gewesen wäre, die einzelne
1608 1061 2629 1110 Stadten des Kampfes zwischen Verführung und Abwehr
1605 1105 2633 1154 eingehend und mit feinem Stift zu zeichnen. Aber
1609 1145 2626 1194 darum war es Schnitzler leider nicht zu thun. Er
1614 1189 2630 1246 führt das Problem, das der Titel andeutet, überhaupt
1601 1234 2628 1291 nicht weiter durch, und statt eines individuellen Seelen¬
1608 1274 2630 1330 dramas erhalten wir vom zweiten Akt an ein ganz ge¬
1605 1322 2625 1375 wöhnliches Spannungsdrama, eine Art Kriminalgeschichte,
1601 1362 2630 1413 deren theatralische Darlegung das Talent eines tüchtigen
1601 1411 2632 1459 und begabten Reporters, keineswegs aber einen Dichter
1608 1451 2630 1498 und Künstler verräth. Der „Fall, den Schnitzler
1610 1497 2630 1547 erörtert, ist folgender. Die vielum orbene Dame, von
1608 1537 2628 1588 der oben die Rede war, hat nur einen wahren Freund,
1605 1578 2632 1627 der sie in ihrer Zurückhaltung und Strenge zu schätzen
1610 1623 2637 1674 weiß, den ebenso modern gesinnten wie kapitalkräftigen
1608 1667 2630 1716 Jüngling Paul Rönning. In einer Gesellschaft, in der
1608 1707 2630 1754 Paul anwesend ist, wagt es der als Spieler und Rou¬
1610 1754 2630 1810 berüchtigte Oberlieutenant Karinski, in verletzendster
1608 1795 2641 1846 Weise den Ruf der geliebten Schauspielerin anzutasten¬
1601 1838 2630 1883 Paul ohrfeigt ihn, und da der Oberlieutenant un¬
1601 1882 2628 1932 be affnet ist, so kann er nicht alsbald mit dem Degen
1601 1926 2630 1975 den Schimpf rächen, sondern schickt am anderen Morgen dem
1601 1971 2628 2025 modern gesinnten Paul seine Sekundanten. Aber Paul
1610 2016 2630 2062 lehnt das Duell ab mit der Erklärung: der Herr Ober¬
1610 2056 2625 2109 lieutenant hat sich gemein benommen, ich habe ihn ge¬
1610 2102 2630 2152 züchtigt; wir sind quitt. Im Uebrigen bin ich erst jüngst
1601 2148 2621 2196 von schwerer Krankheit genesen und finde das Leben so
1610 2189 2625 2236 heiter, daß ich keine Lust habe, es leichtsinnig aufs
1610 2235 2625 2284 Spiel zu setzen. Er geht von dieser Erklärung auch
1605 2275 2621 2328 nicht ab, als ihm bedeutet wird, daß der Oberlieutenant,
1601 2316 2630 2372 wenn er sich nicht schlagen könne, als Offizier ruinirt
1608 2364 2625 2418 und weiterhin gleichsam zum Tode verurtheilt sei, da er
1605 2407 2633 2457 zu den Menschen gehöre, die ohne Uniform nicht leben
1605 2449 2625 2504 könnten. Paul beharrt auf seinem Standpunkt, der
1601 2493 2625 2548 trotz aller Beschönigungen der Standpunkt eines Feig¬
1610 2538 2626 2586 lings ist, denn wer nicht Genugthuung geben will, der
1610 2582 2621 2634 soll auch nicht hauen, und so bleibt dem Oberlieutenant
1601 2625 2634 2674 nichts übrig, als den Gegner meuchlings niederzuschießen.
1608 2668 2628 2718 Das Theaterpublikum erörterte am Dienstag den „Fall
1601 2712 2630 2767 Karinski" mit einer Leidenschaft, als ob es sich um
1605 2756 2626 2807 einen Wirklichkeitsfall handle. Hat Paul Rönning
1601 2798 2635 2847 recht oder nicht? Das war die Frage, die allein zur
1608 2845 2630 2891 Debatte stand. Was das Schauspiel, das die Debatte
1605 2886 2626 2935 angeregt, geistig und künstlerisch bedeute, davon war
1608 2926 2630 2978 nirgends die Rede; und mit dieser Gleichgiltigkeit ist
1610 2971 2621 3026 das Tagesfragen=Drama literarisch gerichtet. Soll ich
1601 3015 2625 3065 nun auch noch an dieser Stelle das Thema des Längeren
1610 3062 2621 3116 und Breiteren behandeln? Mir scheint, ich habe Besseres
1610 3106 2630 3164 zu thun. Wenn das Theater sich zur Leitartikel-Bühne
1608 3150 2625 3196 entwickeln will, wohlan — wer kann es hindern? Die
1601 3194 2621 3251 Zeitungskritik aber vermag dieser Entwicklung nicht gut
1605 3238 2625 3293 zu folgen; sie verliert jeden Daseinszweck, wenn sie,
1614 3280 2630 3329 statt Kunstfragen zu erörtern, sich in dieselben Materien
1605 3323 2621 3375 vertieft, die vorn im politischen Theil genügend aus¬
1614 3367 2628 3426 gekeltert werden. Und daher kein Wort weiter über den
2011 3408 2625 3459 der übrigens zugleich ein
1607 3406 1972 3460 „Fall Karinski",
1610 3456 2621 3505 Fall Schnitzlers ist, den „Freiwild" behauptet
1610 3496 2612 3545 gegen das Erstlingsdrama des Verfassers „Liebelei“
1605 3538 2625 3600 literarisch einen bedenklichen Abfall. Die Dar¬
