3436 4448
223 145 326 226 8.
374 137 750 237 Freiwild
920 145 1330 243 box 14/3
488 940 2596 1093 ch eine zweite druck gemacht. Brentano stehen vielen Fragen allerdings nigen auch die Entwurfe nicht, die der Darstelung von
502 1046 2596 1168 der nach der in eenen een der Steglichen und unmöglichen Biben ihr Heilsachen
496 1124 2585 1210 doutrirt war. Folge ganz natürlichen Verwechslungen und in erschüttern. Rollen hielten sich tüchtig — mit Ausnahme des Balduin
508 1180 1651 1244 gute Stimm¬ der Komit Menschen an sich selbst und noch mehr an An¬
1682 1185 2594 1255 der schlecht spielt, und des „Kohn, der schlecht spricht. Herr
502 1216 1648 1286 us, der ihr die deren irre werden läßt. Ein jammernswerther Pantoffe
1676 1227 2596 1294 Schmidt-Häßler sprach und spielte verständig, wie immer;
1676 1266 2596 1330 aber die Rolle des „Karinski liegt ihm nicht, er macht darin
488 1255 2591 1369 nen Lustspiel-held, aus dessen Biedermannshülle hinter dem Rücken der eine schlechte Figur. Die wichtige Rolle der Anna wurde
482 1291 1659 1361 ich festgehalten gestrengen Frau Gemahlin der verfluchte Schwerenöther
488 1336 2588 1408 rin als „Frau schlüpft, lädt den Fluch der bösen That er heuchelt, um sich ungenügend gegeben. Im Ganzen aber: eine Aufführung
494 1372 2596 1442 Nebenbei sei einen Dispositions- und Reservefonds für „Erholungs¬ welche wiederholt und gesehen zu werden verdient. Diesem
2635 1327 2725 1442 A
485 1406 714 1450 julein Beeth
742 1411 1651 1478 fahrten" zu sammeln und zu sichern, seiner Frau gegen
1676 1419 2591 1486 Lobe ist ein Tadel beizufügen: dafür, daß das Stück nicht
1679 1456 2585 1520 so gegeben worden ist, wie der Verfasser es geschrieben ha¬
482 1450 2591 1556 erer sorgfältig über Alimentationsverbindlichkeiten — auf sich, die dann und wie es anderwärts — z. B. in der musterhaften Dar¬
505 1503 1648 1556 erschien und in jedem Wort und jeder Szene fortzeugend Böses muß ge
2613 1436 2711 1548 9.
480 1528 2725 1620 kann, zu der bären, immer toll, immer „lachhaft". Wir unterlassen, zu stellung am „Deutschen Theater" zu Berlin — gespielt Loose
491 1564 2725 1651 sucht man das erzählen, was sich ob der Verwicklungen nicht erzählen wird. So darf man mit dem Werke eines ernsthaften neral¬
488 1598 711 1651 lei Stilmisch
733 1606 1648 1670 läßt; es hieße auch des Schwankes lustige Ueberraschungen
1670 1620 2582 1679 Schriftstellers nicht umgehen. Bedeutsame Sätze sind ge
508 1643 1651 1710 Als weiterer verrathen und dem Theaterbesucher ein volles Vergnügen
1684 1654 2588 1718 strichen, das wichtigste Handlungsmoment verzerrt und
508 1673 2585 1754 bei uns der schmälern. Wir haben Schweighofer, wir haben unsere fast verwischt. Wollte man den Zuschauern den Anblick er¬
491 1718 1645 1785 schen Landes einheimischen Kräfte selten so gesehen wie gestern, aber auch
1668 1737 2591 1796 sparen, daß ein Offizier, welcher in ausdrücklichstem
482 1757 2585 1829 intelligenter selten so viel Lachen und Klatschen gehört. Schweighofer Gegensatz zu seinen Standesgenossen (deren einem die
488 1793 711 1843 in der Roll¬
736 1802 1645 1866 spielte mit allen Registern seiner reichen Komik, einfach
1670 1813 2582 1871 wärmste Sympathie der Hörer zugewendet wird) als leicht
491 1841 1648 1902 Die Erschein¬ überwältigend, und Frau Hartl=Mitius, Frl. Drucker
1670 1846 2582 1908 fertiger Mensch, Schuldenmacher, Spieler, Trinker ge¬
482 1880 2580 1949 orausgesetzten Frl. Nordheim, Frl. Bürger, Frl. Meittinger, deren schildert ist, für den übrigens trotzdem noch mildernde Um
494 1916 1637 1980 sehr reich und Dialekt — aus den deutschen Bundesstaaten ein bunte
1673 1924 2577 1986 stände angeführt werden — daß ein solcher Mensch, der zu
505 1935 2736 2044 ist weich und Sprachen=Durcheinander — uns freilich nicht gefallen fällig eine Uniform trägt, für eine Niederträchtigkeit durch
491 1994 2568 2064 gestrichenen konnte, sowie die Herren Ermarth, Manz und Geis standen einen Schlag bestraft wird? Bestraft von einem an
1668 2016 2730 2119 ständigen Manne, der zufällig keine Uniform trägt — zuheben
488 2033 2568 2145 oll; auch das ihm in nichts nach. Das gleiche Lob ist Herrn Skitt, der die und überdies um jener That willen sein Leben verliert
491 2078 1353 2131 em Orchester Regie vortrefflich führte, zuzuerkennen.
488 2106 700 2158 te an der gest
770 2094 2585 2181 M. B. Deutsches Theater. Donnerstag, zum ersten Als ob der Mord, den der Offizier begeht, nicht noch viel
488 2142 2582 2223 stellt werden. Male: „Freiwild“, Schauspiel in drei Akten von verdammenswürdiger erschiene, wenn er den Schlag
488 2192 1637 2253 gen hierüber Arthur Schnitzler. — Der Inhalt dieses Stückes ist der
1665 2200 2582 2262 nicht empfangen hat! Zudem: nicht um einen deutschen
496 2231 1631 2290 istler erfreute Lesern der „M. N. N.“ aus den Berichten über die aus
1662 2237 2571 2312 Offizier handelt es sich, die Handlung geht in einen
491 2270 2568 2340 m. Fräulein wärtigen Aufführungen bekannt: Ein Offizier von kleinen Bade=Ort in der Nähe von Wien vor, die Militär¬
491 2301 700 2348 e übrige Be¬
1657 2278 2716 2373 bezeichnen sich deutlichst als Oesterreicher, tragen öster¬ Feiner
728 2306 2725 2412 schlechtem Charakter beschimpft ein anständiges Mädchen, reichische Uniformen — und in Oesterreich wird das Stück 10 Pf
494 2340 1634 2409 als Reich“, ein ehrenhafter unger Mann gibt ihm dafür einen Schlag
496 2384 2571 2451 rlich beson¬ in's Gesicht und verweigert Genugthuung, weil nur der gespielt, von einem Wiener ist es geschrieben.... Das
494 2421 2571 2490 ebenso klang= Schuld die Strafe gefolgt und die Sache also zu Ende sei: Münchener Publikum mag sich für die schmeichelhafte
2619 2407 2730 2496 Albe
496 2457 2571 2535 führung des der Offizier schießt ihn auf öffentlichem Platze nieder. Eine Meinung bedanken, daß ihm ohne Gefahr nicht gezeigt
494 2507 2568 2571 eister Weber gute literarische Arbeit, ein sehr interessantes, sehr unter werden könne, was die Bürger anderer Städte ruhig sehen
725 2541 1782 2619 haltendes, sehr wirksames Theaterstück. Wir haben nicht dürfen.
496 2552 1631 2641 ag, 14. Jan., viele dergleichen. Warum muß ein solches Werk auf eine
1682 2554 2563 2652 s. w. Augsburger Stadttheater. Am 13. Januar
510 2613 2552 2680 Zum ersten Bühne erscheinen, deren Kräfte nicht gestatten, es voll zur wurde zum überhaupt ersten Male gegeben: „Astorre
2602 2627 2725 2700 —
491 2647 678 2700 benvater
722 2652 2574 2722 Geltung zu bringen? Weil alle Hofbühnen — und nicht Oper in drei Aufzügen (nach K. F. Meyers Novelle „Die
496 2697 2725 2766 und Josef etwa das Münchener Hoftheater allein — noch Anderes zu Hochzeit des Mönchs", frei bearbeitet von August Har¬ Dor¬
496 2730 1626 2794 me von der beachten haben, als den literarischen und theatralischen
1657 2741 2716 2797 lacher), Musik von J. Krug=Waldsee. Daß ein genialer feinster
505 2769 1634 2839 Ist das Ver= Werth nicht nur die hohe Rücksicht auf die Kunst, nicht
1651 2778 2725 2836 Musiker auch aus einem schlechten Textbuche eine nicht eam im
496 2808 1626 2878 auf allen Ge¬ nur die nothwendige Rücksicht auf den pekuniären Ertrag
1651 2819 2727 2875 blos genießbare, sondern sogar eine herrliche Oper fertig. Blondin
505 2845 689 2895 der Theater
719 2853 1626 2914 sondern Rücksichten niedrigerer Art: auf Vorurtheile, Vor
1645 2856 2552 2920 bringen kann, beweist uns Mozarts unsterbliche „Zauber
499 2886 1629 2953 , so darf die rechte und Empfindlichkeiten. Das „Deutsche Theater" thut
1657 2895 2557 2959 flöte". Was Herr Harlacher an K. F. Meyers Novelle ver
2588 2884 2725 2956 Kau
496 2920 694 2970 ein und die
722 2931 1626 2984 recht, jenes der Hofbühne verschlossene Gebiet zu bearbeiten
1651 2934 2722 2990 brochen hat, gehört auf ein anderes Konto: hier handelt es Biscuit¬
502 2956 694 3009 en Schwan
719 2970 1623 3029 Geschieht das mit Geschmack und Fleiß, so wird der Erfolg
1645 2981 2719 3023 sich nur um die Holprigkeiten und Unebenheiten des Text. Sie nic
505 3003 1623 3070 enn er selbst nicht fehlen. Er hat auch gestern nicht gefehlt. Die Zu
2582 3017 2719 3076 Franz
1645 3009 2557 3073 buches, das der Librettist dem Komponisten zur Verfügung
508 3040 2557 3107 ider Ibsens schauer unterhielten sich sehr gut und applaudirten sehr leb¬ stellte. Mit bangem Zagen wird wohl Mancher, der der
508 3076 686 3129 iche wie ur
714 3082 2552 3146 haft. Die Vorstellung war von Herrn Oberregisseur Stoll, Text vor der Aufführung aufmerksam gelesen hatte, in
2588 3076 2719 3171 est
502 3115 1620 3185 Sackgassen", berg vortrefflich geleitet. Die Herren Klein=Rhoden und
1645 3129 2554 3188 Theater gegangen sein, zu harren der Dinge, die da kommer
2582 3148 2725 3207 kaufen
505 3160 1623 3224 verwickelter v. Lenor wurden bei offener Szene gerufen; auch die Herren
1645 3165 2549 3254 sollten. Aber wie angenehm enttäuscht fanden wir uns
496 3207 1631 3274 och in der Pahlau, Kirsch, Sick sammt den Inhabern der kleineren
2574 3193 2719 3268 Fr.
1782 3218 2421 3291 Fortsetzung siehe nächste Seite.
700 3249 2231 3461 in Mark for
650 3425 1874 3511 len /
