3436 4448
175 63 288 214 8.
326 116 709 221 Freiwild
874 130 1281 225 box 14/3
1439 881 2382 954 Beschluß dieses Bezirkslehrervereins zeige deutsch,
467 898 1018 972 Gesundheitszustand begründer
2414 905 3330 968 haben eine Giltigkeitsdauer von 20 Tagen und bered
1435 944 2382 989 daß die Lehrerschaft die Worte des Herrn
540 940 1400 1011 Centrumspresse. Herr Arthur Schmitz, Re
2407 965 3323 1014 tigen zur je dreimaligen Fahrtunterbrechung auf
1442 982 2379 1039 Kultusministers, die derselbe in der letzten Landtags¬
463 989 1407 1046 dakteur der „Germania", wird sich zum 1. April
2407 1004 3333 1049 Hin= und Rückfahrt sowie zum einmaligen freien Besuch
1449 1032 2382 1095 session gesprochen, bereits wieder vollständig ver¬
467 1042 1411 1098 nach Rom begeben, um eine allgemeine „Römische
2407 1046 3323 1095 der Kunst= und Gartenbau=Ausstellung. Der Preis de
1442 1074 1642 1126 gessen hat
463 1077 1372 1126 Centrums-Korrespondenz" zu begründen.
2414 1081 3326 1126 selben beträgt einschließlich der Stempelgebühr 45 Li
1519 1158 2375 1207 Arthur Schnitzler hat schon in der „Liebelei
2414 1161 3323 1225 die „fixe Idee" seines Gegners von Ehre nicht — un
782 1158 1088 1246 „Freiwild
1439 1200 2389 1242 gezeigt, welch ernste Gedanken er durch Bilder aus
2414 1193 3330 1246 er bleibt bei seinem „Nein" gegenüber den herzlich
477 1207 1393 1305 Schauspiel in 3 Akten von Arthur Schnitzler
1442 1239 2386 1281 unserm modernen Sitten= und Gesellschaftsleben wach¬
2414 1235 3330 1281 Bitten des Offiziers, der nun zu Ende ist und in
1446 1277 2389 1323 zurufen versteht. „So weit kommt's": das ist
825 1277 1386 1330 Deutsches Theater, 14. Januar.
2414 1274 3326 1323 einer bedeutungsvollen Warnung scheidet; denn er we¬
1439 1312 2389 1358 das traurige und doch wieder klärende Ergebniß dieser
540 1291 1407 1361 mr. Wir sind ein großer Verehrer der Autorität
2414 1319 3323 1358 welches Blut in dem Kameraden fließt, und was
463 1337 1411 1400 Die vernünftig und mit liebendem Ernste geübt
1439 1354 2386 1400 ernsten Gedanken. „Freiwild“ ist nach dieser
2414 1354 3330 1400 Zwang der Ehre gebietet. Wohin sich Roennin
460 1389 1411 1435 Autorität findet uns stets auf ihrer Seite. Von der
1442 1389 3333 1435 Nichtung hin ein bedeutsames Werk Was wenden wird, überall folgt ihm der seine Ehre ve
460 1428 1396 1474 Polizei erwarten wir Vernunft und Ernst, — „Liebe
1446 1428 2389 1474 es wiederspiegelt? Eine „einfache Geschichte. Da ist
2418 1435 3330 1474 lierende Offizier: und im Café-Garten — eben wi
1439 1467 2386 1516 in kleinerer Stadt bei Wien ein flottes Offizierkorps,
474 1470 1411 1516 steht ja nicht in ihrem amtlichen Lexikon. Nun ist be¬
2414 1463 3316 1516 das liebende Paar sich zur Abreise rüsten — erfolgt
460 1505 1414 1551 uns die Polizei auch Censurbehörde. Sie muß also
1439 1512 2389 1554 untermischt mit leichtlebigen und ernstem Element, in
2414 1509 3326 1551 Begegnung. Noch eine Aufforderung von Seitend
1453 1547 2386 1589 seinen Reihen ein schneidiger, dem Spiele und der Lieb¬
467 1551 1411 1596 mit ihrer geistigen Thätigkeit der Kritik offen
2411 1551 3330 1593 Offiziers: Roenning, wollen Sie sich mit mir schlagen
474 1582 1407 1639 stehen. Die Polizei in Wien hat Arthur
1446 1586 2389 1628 huldigender Oberlieutenant, mit hartem Kopf in all
2414 1582 3323 1632 Und ein hartes „Nein“ vom Gegner. Da kracht
463 1621 1340 1688 Schnitzlers „Freiwild sofort verboten
1449 1621 2393 1667 seinen Wünschen, von seiner Ehre Alles, vom Weibe
2414 1625 3326 1667 Schuß. Roenning ist todt. Anna aber, die in
460 1653 1407 1719 und „ganz Oesterreich" nickte hiezu Beifall
1442 1667 2386 1712 besonders dem der Bühne in allen Gestalten, nichts
2411 1660 3323 1716 Welt ziehen soll, hat nur eine — eine erschütternde
467 1698 1411 1747 natürlich meinen wir alle Polizeien im Bruder¬
1446 1705 2379 1754 haltend; da ist ein junges, in Ehrbarkeit erzogene¬
2414 1705 2747 1775 Frage: „Wohin?"
467 1740 1414 1789 lande. Bei uns hat die Polizei keine Todesangst vor
1446 1744 2379 1789 Mädchen, das um des Brodes willen zur Bühne gin
2491 1719 3330 1789 Das nur in groben Strichen der Thatbestan
463 1782 2379 1828 dem Stück bekommen: sie war entschieden weitherziger und in einer sommerlichen „Schmiere" jene nied
2418 1775 3326 1828 des Stückes, das überreich ist an Charakter
467 1821 1411 1863 und ließ es passiren. Natürlich mit etwas Kritik. Und
1435 1818 3326 1863 rige Theaterlust athmen soll, die ihre Selbstachtung und durchaus wahr in jedem kleinsten Zuge aus de
460 1856 1411 1902 diese Kritik — ja gewiß mit anzuerkennender Noblesse
1446 1856 3323 1905 gefährdet; sie ist besser wie die Andern modernen Leben, niemals abstoßend durch absichtli¬
463 1898 1407 1954 geübte — hat uns etwas beunruhigt. Wenn z. B. ein
1442 1898 2386 1944 und darum wird sie verhöhnt, gehetzt,
2414 1902 3330 1954 Schlüpfrigkeiten, das aus dem Kreise des Offizie
467 1940 2386 1979 Offizier über die Theaterleute, diese „Parias der als „unbrauchbar für die Anziehungskraft des
2414 1937 3330 1986 standes wie aus jenem des Bürgerthums
470 1975 1414 2018 Gesellschaft“, unfläthig spricht, so läßt die Censur es
1439 1975 3323 2025 Theaters entlassen, falls sie, die der Kritik verschiedenwerthigsten Elemente vorführt und Licht
460 2007 1414 2077 durchgehen; der Offizier darf die um ihre moralische
1446 2014 2382 2060 gefiel, nicht mit der halben Gage oder der
2414 2014 3323 2063 Schatten richtig vertheilt. Bürgerthum, Soldatenth.
463 2053 1305 2098 Achtung noch ringende Schauspielerin ein M
2414 2056 3330 2098 und — eine köstliche Einlage! — „Schmierenthun
1446 2056 2389 2102 Freundschaft des „Direktors“ sich begnügen will; da
460 2067 2389 2140 nennen, wenn ihm dann aber der ehrlich für die ist auch ein achtbarer Mann aus dem reichen Bürger¬
2414 2095 3323 2140 mit ihren recht verschiedenen Ehrencodices grei¬
460 2133 1411 2186 Beschimpfte eintretende Civilist eine Ohrfeige versetzt
1446 2133 2382 2175 stande, der das verlorene, verwaiste Mädchen im elter
2414 2133 3326 2196 ineinander und illustriren unsere Zeit mit verblüffen
467 2168 1411 2225 so muß diese Ohrfeige gestrichen werden. Warum
1442 2151 2596 2214 lichen Hause einst kennen lernte und nun ohne jede Wahrheit.
474 2211 1418 2256 — Solche höchst auffallende Urtheile sind uns mehrere
1439 2211 2386 2256 Nebenabsicht, aber mit warmer Theilnahme ihren Flug
2488 2189 3326 2260 Nach Tagen eines närischen Zustandes, unwür¬
463 2235 1411 2298 begegnet. Mit der Zensur läßt das Stück die Frage
1439 2249 2386 2295 ins Leben verfolgt. Dieses reine Mädchen glaubt der
2414 2242 3330 2298 einer Bühne, die der Kunst und nicht dem Sinne
460 2288 1411 2337 übrig: Kann nur der gewöhnliche Mann ordinär
1439 2291 2382 2333 Offizier mürbe zu machen, dieses will er zum Spiel
2414 2295 3326 2337 rausch der Karnevalsorgien dienen soll. hat gestern
460 2333 1411 2386 reden und ist das Ordinäre, das der Offizier ausspricht
2407 2330 3319 2379 Deutsche Theater einen in seiner Geschichte beispie
1439 2326 2382 2386 zeuge wie so viele anderen — und hier prallte
460 2368 2379 2414 vielleicht nicht ordinär? Wir stehen hier auf den ab und den in einem Cafegarten anwesenden, übe
2411 2368 3330 2411 losen Erfolg gehabt. Das Stück und die ga
460 2407 1414 2449 Standpunkt: entweder das Stück so, wie der allein
2407 2407 3323 2470 vorzügliche Aufführung wurden mehrmals mit ni
1453 2403 2379 2453 seine verdemüthigte Wiederkehr von der verschlossenen Thü¬
470 2442 1407 2488 berechtigte Wille, nämlich der des Autors, es will
2414 2442 3323 2491 endenwollendem Beifall aufgenommen. In der A¬
1439 2446 2382 2495 der Künstlerin lächelnden Freund des Mädchens forderte
463 2484 1411 2533 oder das österreichische Verbot. In unserem Fall¬
2421 2484 3323 2537 führung offenbarte sich eine gefestigte Kunstanschauun
1435 2495 2379 2537 mit heftigem Wort heraus und nennt das um ihr
463 2523 1411 2568 muthet die Censur den Schauspielern mehrmals zu ihren
2407 2519 3333 2565 Wir fühlten Herrn Victor Naumanns Verständ¬
1449 2526 2382 2572 sittliche Achtung kämpfende Weib mit einem gemeiner
467 2561 1411 2614 Stand geradezu feln beschimpfen, ihr eigenes Ehrgefüh¬
2418 2565 3326 2611 heraus. Die Regie des Herrn Stolberg funktioni¬
1449 2565 2386 2611 Namen. Da wird der erregte Civilist thätlich — und
2407 2607 3305 2663 wie am Schnürchen. Von den Darstellern erregte
460 2603 2379 2653 verleugnen zu müssen. Und dieß that uns leid, sehr, die Katastrophe ist gegeben. Es kommt zur Forderung
2414 2635 3323 2684 der Rolle der Anna als Dedutantin Fräulein An¬
477 2642 2372 2691 sehr leid. Denn der Klassenverhetzung redet der Civilist nimmt sie nicht an, er will die Züchtig
474 2681 1418 2723 Schnitzler nicht das Wort: sondern er brandmarkt
2407 2677 3316 2723 Behrens besonderes Interesse. Die Dame bri¬
1446 2677 2379 2730 ung, die er einem solchen Schänder weiblicher Ehr¬
474 2719 1411 2768 die Auswüchse jeglicher Klassen-Vorurtheile, die
2411 2719 3326 2768 von Leipzig und Kassel Routine mit, die nie versa¬
1439 2726 2382 2765 angethan, das bleiben lassen, was sie ist. Und Anna
467 2754 1414 2807 falschen Ehrbegriffe, und wenn dabei der Ehren¬
2414 2754 3326 2803 Aber sie ist auch eine ganze Künstlerin, sie hat See
1442 2761 2389 2807 die Schauspielerin, kann seiner Liebe ihre Liebe
470 2796 1407 2846 koder seine Hiebe bekommt, so ist Schnitzler an de
2414 2800 3323 2839 Ein starkes Talent, eine bescheidene Künstlerin.
1446 2800 2375 2849 nimmer verbergen. Sie thut Alles, um ein Duell zu
467 2835 1235 2884 Ursache ebenso unschuldig, wie die¬
2425 2832 3319 2902 spielte vortrefflich. Herr Schmidt-Häßler als
1442 2839 2386 2884 vermeiden. Sie will mit dem Geliebten fort als seine
1277 2839 1414 2891 Censur
467 2870 1418 2926 „Freiwild“ bekommt eine acute Bedeutung durch
2418 2877 3316 2919 kritische Held des Stückes, als Oberlieuten.
1449 2877 2379 2930 Braut — zum Leidwesen der Schmiere, für die sie jetz
2407 2905 3326 2968 Karinski, war wieder ganz an seinem Platze. M.
460 2916 1407 2979 den vielberufenen Fall Brüsewitz, dessen ganze Ehren
1439 2919 2382 2965 eine „Zugkraft“ wäre... Beide wollen fort. Doch
2414 2954 3340 3000 lernte ihn von einer neuen Seite kennen. Und eine
467 2958 1411 3003 moral hereinspielt aber es gibt eine erschütternde
1442 2958 2309 3018 nun beginnt die Hetze gegen Paul Roenning -
2421 2993 3277 3046 sehr glücklichen Abend hatte Herr von Lenor,
467 2993 1411 3042 Lehre. Und diese Lehre sagt: Muß es denn so sei
1449 2993 2379 3042 Civilist wird zum Freiwild. Allen Vorstellungen zun
460 3028 3281 3077 und wäre hier nicht die Mahnung, die Trotze, nichtachtend die ergreifenden Darlegungen des nicht nur prächtig spielte, der überzeugte:
2414 3060 3330 3119 Offizier von Ehre, Gefühl, Herz. Und flott und fe
470 3077 1418 3123 edle Vorschrift des Erlösers am Platze
1449 3077 2382 3119 als Kartellträger fungirenden, endlich als Mensch zun
2425 3105 3323 3165 gab Herr Kirsch den Husarenlieutenant: für sol¬
470 3112 1414 3161 von Nächstenliebe, Demuth und Er¬
1439 3112 2382 3161 Menschen redenden und die Ehrenfrage zur Daseins¬
463 3147 1418 3200 barmen? Das ist wenigstens die Moral, die der
1456 3147 3316 3203 frage erhebenden Offiziers Rohnstedt, verweigert Rollen ist er geschaffen mit Gestalt, Spiel und Orge
1442 3189 3323 3242 Rönning auch selbst die Schein=Satisfaktion. Die bedeutungsvolle Gestalt des Paul Roennin
467 3186 1411 3253 Dichter dem Zuhörer freistellt, zu seinem Bekenntnis
463 3221 674 3295 zu machen.
2414 3228 3326 3288 verkörperte Herr Pahlau in einer so vollendet
1439 3235 2393 3302 Er will keine Komödie, ihn kümmert die Existenz und
396 3249 1660 3484 in fine
460 3442 1761 3660 are finally,
