3484 4256
191 176 720 272 8. Freiwild
890 192 1296 288 box 14/4
898 1739 1263 1828 Telephon 12801.
523 1821 1617 1898 Alex. Weigls Unternehmen für Zeitungs-Ausschnitte
723 1885 1434 2020 „OBSERVER
519 2010 1610 2096 I. österr. behördl. konz. Bureau für Zeitungsberichte u. Personalnachrichten
717 2072 1438 2153 Wien, I., Concordiaplatz 4.
942 2146 1201 2208 Vertretungen
519 2192 1604 2262 ja Berlin, Budapest, Chicago, Genf, London, New-York,
525 2227 1601 2313 Paris, Rom, Mailand, Stockholm, Christiania, St. Petersburg.
791 2281 1331 2353 (Quellenangabe ohne Gewähr.)
518 2326 1429 2486 Ausschnitt die Freie Presse
1480 2407 1610 2506 Wie¬
720 2430 988 2518 29. 1. 1905
515 2472 1305 2597 Theater= und Kunstnachrichten.
1111 2548 1475 2629 Wien, 28. Januar.
453 2594 1515 2680 (Deutsches Volkstheater.] An Arthur Schnitzler
371 2642 1507 2724 wurde heute eine Ehrenschuld abgetragen. Sein wirksames, viel¬
373 2685 1500 2767 fach dem Leben abgewonnenes Schauspiel „Freiwild, das man
361 2740 1507 2799 einmal im Carl-Theater gespielt, um es vielfachen Intrigen zu
358 2781 1505 2840 opfern, ist am Volkstheater heute wieder aufgenommen worden
358 2813 1500 2886 und errang einen vollen Erfolg. Man kennt den Inhalt des
351 2859 1498 2933 Stückes. Das „Freiwild" sind die kleinen hübschen Künstlerinnen
351 2889 1504 2979 einer Sommerbühne und die Zivilisten, die in deren Nähe leicht
361 2946 1497 3024 zum Opfer der militärischen Duellvorurteile werden. Es gibt
351 2992 1491 3060 wenige flammendere Proteste gegen den Zweikampf als dies
357 3030 1494 3094 Schauspiel, das von den kräftigsten Charakterzeichnungen und den
346 3074 1493 3151 besten szenischen Einfällen belebt wird. Die Herren Tewele,
346 3117 1494 3193 Kramer, Jensen, Kutschera, die Damen Erl und
357 3156 1497 3229 Glöckner haben das Freiwild sehr gut dargestellt, und das
347 3190 1488 3263 Publikum spendete ihnen wie dem Dichter stürmischen Beifall.
350 3242 1494 3315 Wir kommen auf den interessanten Abend noch eingehender
334 3280 473 3349 zurück.
2191 1249 2545 1356 Telephon 1149
1819 1353 2918 1437 Alex. Weigls Unternehmen für Zeitungs-Ausschnitte
2007 1412 2737 1544 „
1821 1537 2912 1624 I. österr. behördl. konz. Bureau für Zeitungsberichte u. Personalnachrichten
2010 1606 2744 1685 Wien, I., Concordiaplatz 4.
2238 1673 2496 1738 Vertretungen
1822 1695 2899 1784 In Berlin, Budapest, Chicago, Genf, London, New-York-
1815 1759 2905 1829 Paris, Rom, Mailand, Stockholm, Christiania, St. Petersburg.
2093 1811 2634 1884 (Quellenangabe ohne Gewähr.)
1814 1890 2261 1976 Ausschnitt aus:
2250 1928 2988 2043 Arbeiter Zeitung, Wien
1818 2007 1971 2073 vom
2026 2055 2311 2175 AND
2059 2145 2730 2258 Theater und Kunst.
1948 2225 2954 2311 Deutsches Volkstheater. Immer wieder ertönte der
1840 2301 2955 2357 mahnende Ruf an die Wiener Theaterdirektoren: Spielt die
1848 2338 2958 2403 Werke der lebenden Wiener, gebet uns Hoffmannsthal,
1851 2387 2954 2452 gebet uns Schnitzler! Und der kundige Herr Weisse
1848 2435 2945 2493 erbarmte sich der Literaturhungrigen und gab den Schreienden —
1851 2482 2961 2536 „Freiwild Jenes an einer anderen Wiener Bühne vor
1847 2526 2958 2584 einigen Jahren abgespielte Thesenstück aus einer Jugendveriode
1848 2574 2954 2634 des Verfassers, in der sich dieser noch nicht in Seelengründen
1848 2619 2962 2683 zurechtzufinden versuchte. Enen Schnitzler, in dem geschickte
1845 2667 2955 2721 Theatralik und flüssige Dialektik eine poetische Leere zudecken.
1851 2711 2961 2773 Unerforschlich sind die Wege des Herrn Weisse. Oder sollte uns
1845 2757 2956 2810 die Tendenz des Stückes als Pikanterie vorgesetzt werden?
1854 2803 2952 2855 Spekuliert man im Weghuberpark jetzt mit Gedankenfreiheit?
1848 2853 2959 2908 Will man sich der Pflicht, ernste Dichtungen in gründlicher
1854 2899 2954 2975 Arbeit zu bewältigen, en ledigen, indem man dem Publiko wohl¬
1854 2942 2956 3009 gefällige Fähnchen schwenkt? Zum Beispiel also das der Duell¬
1857 2991 2966 3055 gegnerei unter dem sich, wie man weiß, auch allerlei zweifelhafte
1862 3038 2958 3110 Gesellschaft, Philistertum und klerikales Duckmausertum zusammen¬
1862 3081 2959 3147 gefunden hat. Wie billig ist doch diese überschwengliche soziale
1857 3137 2961 3196 Polemik gegen ein im ganzen nicht viel bedeutendes Symptom
1851 3179 2956 3252 des militaristischen Uebels, an dessen Heiligkeit zu lasten die wort¬
1851 3233 2958 3293 reiche Freiheitlichkeit nicht wagt! — Der bewährte Liberalismus
1860 3276 2964 3333 des Premierenpublikums versagte auch gestern nicht. Duellfeind¬
1854 3315 2965 3378 licher Bürgertrotz notierte sehr hoch, feudale Schießwut konnte sich
1857 3362 2966 3417 nicht behaupten. Die Darsteller verdienen zumeist Lob. Nam ni¬
1860 3414 2965 3471 lich die Herren Kutschera, Kramer, Tewele und
2792 3455 2931 3524 0.—
1854 3464 2132 3537 Fräulein Erl.
