3484 4256
842 201 1240 298 box 14/3
119 205 693 298 8. Freiwild
2510 1095 3296 1199 er des avant
2849 1151 3281 1221 werde. Herr Sigle,
734 1169 1948 1240 es ist
2849 1195 3277 1262 Wieserherstellung seiner
1653 1206 3296 1288 Dasselbe ergiebt sich aus der Zusammensetzung. Selbstverständlich wohnte, befinde sich seit
298 1199 1490 1288 eine parteipolitische Vereinigung. Wie könnte das aber sein, wenn
305 1262 3299 1370 der mittelparteiliche Professor Herrmann, der liberale Pester Segel gehören die Mitglieder allen möglichen kirchlichen und politischen Richte land am Stammberger e¬
1590 1329 3355 1404 sie dann vielleicht erst später kennen und lieben lernen. Indeß der endete Wurstigkeit
637 1370 1255 1467 Kunst und Kultur.
1586 1385 3318 1445 Typus tritt nun einmal im realen Leben stets nur mit einem Duellweigerung zu belung
2875 1426 3299 1490 — so meint er, vergißt
1590 1426 2834 1486 individuellen Temperament vergrickt in die äußere Erscheinung, und
2860 1463 3296 1530 lich seinem Gegner kein
778 1434 1102 1530 „Freiwild
1568 1463 2830 1530 Offizierswelt, freies Bürgertum, Theaterwelt, echt weibliches Liebes
2860 1504 3303 1575 solch wie ein Mann resp.
1590 1512 2834 1564 empfinden und freundschaftlicher Ausgleichsversuch ergeben hier — bi¬
484 1486 1411 1560 Schauspiel in drei Akten von Arthur Schnitzler.
2923 1542 3296 1594 Doch konsequent
387 1549 2834 1620 „Freiwild" meint der Autor offenbar in doppelter Bedeutung, an die charakteristischsten Temperamente der bürgerlichen wie militäri
313 1568 3296 1653 Einmal spielt er sehr ernst darauf an, daß die weibliche Theaterwelt schen oder schauspielerischen Genossen herab — eine so wechselreiche, die klare Menschenzeich
1590 1616 3269 1683 vielseitige Kombination, daß man Schnitzler vielmehr dazu beglück aus rakend verknetet,
313 1638 1557 1698 für die Kreise gewisser Lebemänner schlankweg als jagdbares „Freiwild
320 1653 3269 1739 gilt. Und dann, noch viel ernstlicher, rückt er der Frage im weiteren wünschen darf, daß er diese individuelle Spiegelung und vielfarbige Sondessprache und mi
317 1694 3277 1769 Verlauf seines Dramas zu Leibe: In wie weit macht sich ein Mann, Berechnung der gegebenen Hauptidee nicht etwa zu Gunsten jenes und ungemein lebensve¬
2860 1739 3266 1791 Emil Schaffer in sein
313 1746 2837 1810 der einem ander Genugthuung für zugefügten Schimpf versagt, selbst trivialeren Typs wieder verflüchtigt und sich so gerade um den eigent
2864 1765 3281 1836 („Gesellschaft“, 13. Jah¬
313 1784 2845 1854 rechtlos im Rechtsstaate? In wie weit wird da der bürgerliche Civilist lichsten Vorzug seines Bühnengeschicks gebracht hat. Der so entstandene
320 1806 3296 1895 zum „Prinzen Vogelfrei gegenüber dem des Königs Rock tragenden Konflikt, in dem jeder wahr und ehrlich, völlig unkarikirt oder zu Dichters findet) zudem
2860 1851 3303 1910 in dem kleinen Badeort
317 1854 2834 1925 Mitär: Wir haben es also mit einem Thesenstück hier zu thun, und Gunsten gar irgend einer Gesellschafts nicht in der Moral verschoben
1597 1880 3296 1948 einfach seine besondere Anschauung lebt und vertritt, dieser aufregende Schnitzler ist es noch
246 1877 1568 1970 der grauenvolle „Fall Brüsewitz steht noch zu lebhaft in aller Er
309 1925 3296 2011 innerung, um nicht die volle Schwere und ganze Tragweite der hiermit Konflikt könnte in der ausgezeichnet iebenswahren Inszenierung und worden. Kommt hier
2867 1962 3281 2015 gepaßte Vertheilung de
317 1962 2845 2044 aufgeworfenen Zeitfrage sofort zu empfinden. Zur Jagd auf „Frei¬ Darstellung am hiesigen Residenztheater" einem ernst Nach¬
320 2003 3296 2082 wild" gehören „Freischützen" und „Wilderer“. Soll der in alten junker denkenden wahrlich eine schlaflose Nacht bereiten. Und in der Thal einem Naturell gemäß
320 2041 3284 2123 lichen Anschauungen befangene, zur Friedenszeit mit seiner natürlichen erscheint uns denn auch dieses „Freiwild" als ungleich präziser im allen ohne Ausnahme
313 2074 3299 2167 Rauflust verkümmernde Militarismus das Privileg dazu dem Bürger= dramaturgischen Wurf und tiefer angelegt in der sozialen Idee, als die dem Leibe sitzt — nun
324 2119 3299 2204 thum gegenüber besitzen, oder aber wird eine heraufdämmernde neue vorigen Sommer an derselben Stelle begrüßte, etwas oscillirende Leistungen in solch raf
2867 2152 3273 2227 zur heißen Jahreszeit
320 2167 2123 2242 Zeit den mit den Anschauungen des 20. Jahrhunderts erfüllten Geistes¬ „Liebelei“ unseres Verfassers.
1672 2175 3292 2275 Natürlich läßt sich sehr leicht nachträglich sagen, daß sich Paul herausgestellt und den
320 2216 1575 2286 menschen der „Herrenmoral" am Ende mit einem bezüglichen Freibrief
320 2234 3269 2324 ausstatten? Das sind heille, tiefgrabende Fragen, die sich uns da auf¬ Roenning mit der von dem bereingefalleren Missethäter, Oberlieutenant zument leeren Bänken
324 2286 3284 2357 rollen. Die große Hauptsache bleibt aber: es ist ein auffallend gutes Karinsky, bei seiner Rückkunft an den Kameradentisch selbst ausdrücklich aufgebürdet werden.
1601 2312 3284 2372 konstatirten Ehrenhaftigkeit der Theaterdame begnügen und sich darauf zu wiederholenden Op¬
335 2327 1583 2394 Stück, mit anregendem Dialog und ohne Leitartikel=Puppen, echt
2867 2353 3255 2409 die umgekehrt gerade
1601 2361 2845 2413 hin füglich aus dieser Gesellschaft ruhig entfernen konnte — zu den
328 2368 1579 2439 künstlerisch, tendenzlos in lebensvollster Individual=Charakteristik gegeben
324 2383 3284 2473 und das wiegt sicherlich mehr, als die andere Thatsache, daß hier das herausfordernden Lächeln und weiteren Reizen des heißblütigen Theaterbesuch die ents
339 2417 3296 2514 aktuelle Zweikampfs=Thema aus einem konkreten, überaus komplizirten Kavalleristen lag ein direkter Grund nicht mehr vor. Auch später, eine würden uns solch ernst¬
324 2469 3288 2551 Falle völlig neu, von Anfang bis zu Ende ungemein fesselnd ent¬ ausweichende Flucht nach mode, em unbekanntem „Neuland" erschiene geeignet dünken. Um
1601 2495 3296 2569 ja für einen wahrhaft freien und überlegenen, auch über alle Feigheits=ben mitten im Sommer
317 2543 547 2614 wickelt wird
2875 2543 3292 2599 stellung, wie z. B. diese
402 2540 2849 2622 Wodurch aber ist es dem Dichter nun wohl möglich geworden, diese Vorurtheile in diesem Falle erhabenen Geist noch keineswegs so sehr
2871 2584 3296 2629 Eindruck gegenüber steht
1601 2584 2845 2644 ungerechtfertigt. Und vollends verwunderlich will manchem vielleich
324 2607 1579 2685 bereits etwas abgeklopfte Idee so interessant und wirksam zu gestalten
2867 2625 3296 2692 daß zum vollen überzeu¬
328 2625 2826 2711 Ich glaube, vor allem durch eine eigenartig frische Mischung der ver= der Umstand vorkommen, daß der Verfolgte im letzten Augenblick
328 2659 3292 2748 schiedenen Interessengruppen, mit welcher er 5—6 ganz heterogene die kurz zuvor noch geprüfte eigene Waffe seinem Widersacher — Wurst Idiom, als hier erreich
1609 2703 3303 2767 wider Wurst — entgegenhält. Aber bei einer Berücksichtigung des in der Charakteristik bis
320 2718 1579 2789 Lebenssphären und Gesellschaftskreise schroff, aber auch streng konsequen
2875 2737 3273 2793 tärischen die Herren
328 2744 2849 2823 ohne Umbiegung oder ausreichenden Opportunismus auf einander erstgegebenen Einwands wäre allerdings das ganze Stück hinfällig und
331 2782 3292 2878 platzen läßt. Gewiß läßt sich diese Verwicklung einander fremder unnütz geworden; der zweite wiederum ist ausschließlich Temperaments civilistischen (die Herre
2871 2819 3299 2882 Figuren der gegnerischer
331 2826 2849 2908 „Milieus" zuletzt wohl auf den antagonistischen Ur=Unterschied zwischen sache des einzelnen und das dritte Moment kann immer noch al=
2875 2856 3299 2908 tretende lustige Schausp.
2633 2845 2852 2919 sich im Be¬
339 2856 2558 2945 geistigem und leiblichem Heldenthum als typischen Grundgegensatz zurück= unglückseliger Zufall unüberlegten Handlungsdranges
1605 2890 3296 2957 wußtsein seines Rechts den Weg zu bahnen — aufge ßt und begriffen Sturm. Hungar. W.
339 2916 1579 2983 führen: Dieses Grundverhältniß träte sicherlich noch weit klarer zu Tage
335 2931 3296 3020 stände Paul Rönning ohne jede persönliche Antheilnahme an dem werden. Blieve somit höchstens noch als ein einzig inneres Manko (mit Galgenhumor sozu
331 2964 3299 3053 Geschick und Ruf der vom Offizier geringschätzig „Theatermensch“ genannten die geistige Inkonsequenz in dem Helden: über die einem über den von Theaterdirektor des
1609 3005 3292 3072 Weg gelaufenen Buben angethane öffentliche Züchtigung bei sich Ge=Kabinetsstück in Ton,
324 3031 1583 3091 Dame, gleichsam mehr theoretisch vom Standpunkt allgemeiner Menschen
324 3042 3281 3195 che als für die belebte Ehe der Anna Radel ein — un machung zu empfinden in gleichen Allemagne aber auch keine volles von leicht die
