3436 4256
959 163 1362 260 box 14/4
260 164 792 251 8. Freiwild
1161 670 1464 766 Telephon 12.801.
641 754 1221 917 „OBSERVE
468 882 1449 961 I. österr. behördl. konz. Unternehmen für Zeitungs-Ausse
660 945 1351 1026 Wien, I., Concordiaplatz 4.
874 1000 1140 1067 Vertretungen
465 1038 1313 1105 in Berlin, Basel, Budapest, Chicago, Clevelan¬
473 1091 1278 1145 Genf, Kopenhagen, London, Madrid, Mailar
474 1128 1233 1207 New-York, Paris, Rom, San Francisco, Sto¬
866 1172 1143 1227 burg, Toronto.
793 1218 1175 1275 Gallenangabe eine der
465 1268 921 1362 Ausschnitt aus¬
977 1280 1338 1391 secourier
535 1328 628 1392 B
664 1325 818 1423 er
483 1379 622 1441 vom
473 1418 1424 1514 Artur Schnitzlers „Freiwild, sowie desselben
406 1491 1426 1564 Verfassers Einakter „Literatur“ aus dem Zyklus
421 1531 1420 1599 „Lebendige Stunden“ sind im kaiserlichen Theater in
409 1585 1432 1640 Warschau in polnischer Bearbeitung mit großem Er¬
418 1613 1424 1683 folg aufgeführt. Die nächste Novität des Warschauer
406 1652 1417 1715 Kleinen Theaters wird Sudermanns „Blumenboot
418 1675 1439 1801 sein, das für diese Bühne ins Polnische übertrage
406 1759 515 1829 wird,
1181 2472 1544 2576 Telephon 12801.
486 2747 1549 2839 österr. behördl. konz. Unternehmen für Zeitungs-Ausschnitte
529 2807 1449 2906 Wien, I., Concordiaplatz 4.
830 2883 1224 2952 Vertretungen
436 2915 1547 2994 in Berlin, Budapest, Chicago, Christiania, Genf, Kopen¬
427 2981 1555 3045 hagen, London, Madrid, Mailand, Minneapolis, New-York,
518 3019 1514 3081 Paris, Rom, San Francisco, Stockholm, St. Petersburg.
834 3058 1207 3133 lenangabe ohne Seuche,
470 3125 888 3200 Ausschnitt aus:
891 3113 1544 3273 Die Welt am Montag, Berlin
1423 3253 1534 3321 A. W.
496 3311 1566 3367 Die Freie Volksbühne war nicht übel beraten, da sie beschloß,
406 3350 1570 3406 Schnitzlers „Freiwild“ zur Aufführung zu bringen. Ist dem Dich¬
406 3391 1569 3441 ter nach besserer, dichterisch höher zu bewertender Wurf
418 3441 1570 3485 gelungen, so weiß er doch in keinem seiner anderen Werke Konflikte
421 3470 1572 3522 so scharf auszufechten wie gerade in diesem Drama, das das Thema
415 3507 1572 3560 der „Duellehre" packend behandelt. Das Volksbühne Publikum,
412 3557 1572 3595 das gestern das Stück zu schauen bekam, hatte natürlich volle Sym¬
415 3581 1572 3637 pathie mit dem Duellgegner, der sich noch dazu eines alleinstehenden
412 3621 1573 3677 Mädchens ritterlich annimmt, und folgte der Handlung — man
421 3656 1572 3726 spürte ordentlich den innigen Kontakt zwischen Bühne und Parkett
459 3697 1572 3745 bis zum Schluß, da aus dem Hinterhalt ein Schuß den Duell¬
412 3733 1572 3788 gegner niederknallt. Und die Darstellung im — Berliner
418 3771 1575 3826 Theater? „Es wächst der Mensch mit seinen größeren
418 3814 1572 3870 Zwecken!“ Das bewahrheitete sich gestern wieder einmal. Den
416 3850 1575 3899 Schauspielern, die abends Bonnsche Schmarren mimen müssen, ist
416 3888 1572 3947 die wohltuende Abwechselung zu gönnen, die ihnen Sonntag nach¬
412 3931 1573 4007 mittags die Freie Volksbühne durch Lösung vernünftiger Auf¬
1418 3966 1500 4034 in.
416 3972 772 4057 geben gemeldete
2797 392 3154 497 Telephon 12801.
2066 661 3166 731 I. österr. behördl. konz. Unternehmen für Zeitungs-Ausschnitte
2202 711 3046 815 Wien, I., Concordiaplatz 4.
2429 800 2827 857 Vertretungen
2047 839 3151 907 in Berlin, Budapest, Chicago, Christiania, Genf, Kopen¬
2035 889 3152 944 hagen, London, Madrid, Mailand, Minneapolis, New-York,
2133 924 3113 996 Paris, Rom, San Francisco, Stockholm, St. Petersburg.
2441 961 2807 1026 (Quellengengabe ohne Genie,
2043 976 2499 1094 Ausschnitt aus:
2666 1018 2912 1125 3-SP. 190
2041 1104 3011 1213 2 vom Neues Wiener Journal
1940 1225 3049 1318 * Aus Berlin telegraphiert man uns: Die Freie Volks¬
1835 1272 3037 1356 bühne führte gestern „Freiwild von Artur Schnitzler auf.
1836 1327 3045 1401 Das Werk übte starke Wirkung. Der Beifall, der wiederholt auch
1835 1383 2896 1491 bei offener Szene gespendet wurde, war überaus lebhaft.
2692 2105 3064 2207 Telephon 12801.
1976 2370 3063 2455 I. österr. behördl. konz. Unternehmen für Zeitungs-Ausschnitte
2096 2440 2958 2529 Wien, I., Concordiaplatz 4.
2330 2531 2733 2581 Vertretungen
1956 2544 3060 2645 in Berlin, Budapest, Chicago, Christiania, Genf, Kopen¬
1946 2614 3067 2684 hagen, London, Madrid, Mailand, Minneapolis, New-York,
2044 2640 3023 2710 Paris, Rom, San Francisco, Stockholm, St. Petersburg.
2345 2689 2725 2747 (Quellenangabe ohne Gewähr.
1946 2734 2402 2830 Ausschnitt aus:
2549 2756 2823 2852 2-St. 1907
1952 2850 2151 2923 vom
2402 2833 3037 2938 ETABLE
2438 2934 2598 3000 *
1973 2972 3136 3055 al. Die Freie Volksbühne veranstaltete gestern im Berliner
1930 3042 3139 3111 Theater für ihre Mitglieder eine Aufführung des Schauspiels
1926 3087 3140 3143 „Freiwild von Arthur Schnitzler. Die gegen den
2614 3125 3139 3189 Stückes, die heute
1926 3128 2522 3200 Duellunfug sich rich¬
2581 3168 3134 3227 privilegierten Kreise ganz
1930 3175 2552 3232 nur noch eine außerhalb der
1933 3210 3140 3268 allgemein gewordenen Wahrheit verkünden, wirkten auf die
1926 3251 3136 3304 Angehörigen des Volksvereins mit unvermindeter Schlagkraft, und
1926 3298 3140 3353 der hier und da in die Szene schallende Beifall ließ erkennen, wie
1930 3349 3139 3397 sehr die guten Gründe, die der Duellgegner Paul Rönning gegen den
1927 3380 3136 3441 Zweikampf ins Feld führte, den Massen aus dem Herzen gesprochen
1926 3434 2054 3502 waren.
1976 3438 3142 3523 Schnitzler hat in seiner spätereren dramatischen Produktion Stücke
1930 3508 3127 3564 von größerer psychologischer Vertiefung geschrieben als das „Frei¬
1923 3549 3133 3599 wild, aber in der frischen Gestaltung der Handlung, in der Schlag¬
1930 3592 3145 3648 fertigkeit und Natürlichkeit des Dialogs gehört dieses Schauspiel zu
1927 3634 3149 3694 seinen besten Schöpfungen. Die gestrige Darstellung war weit davon
1927 3674 3139 3727 entfernt, die Erinnerungen an frühere Aufführungen des
1927 3718 3136 3771 Stückes im Deutschen und im Schiller-Theater zu verwischen. Einzig
1930 3760 3148 3817 Herr Magnus Stift konnte als Rönning befriedigen. Er zeigte
1933 3798 3146 3859 sich in dieser Rolle als ein guter Sprecher und gewandter Darsteller,
1923 3841 3142 3896 der sich mit Geschmack von den Uebertreibungen seiner Mitspieler
1927 3885 3142 3949 fernhielt. In kleineren Rollen bewiesen Alfred Schmasow und
1929 3932 2590 4011 Ernst Dicha ihre gewandte Komik.
2519 3984 2630 4055 .
