3436 4448
159 179 268 263 8.
325 187 691 261 Freiwild
846 193 1256 272 box 14/3
1099 745 1724 880 N. 590. Abendblatt.
1127 880 1702 982 Mittwoch, 16. Dezember.
1093 945 1752 1025 Die „Volks=Zeitung" erscheint täglich zwei Ma¬
1174 1016 1695 1055 — Morgens und Abends —
1096 1021 1755 1109 mit Ausnahme der Tage nach Sonn= und Festtagen
1320 1079 1529 1130 Redaktion:
1273 1109 1576 1163 W., Lützowstraße 105.
1092 1141 1753 1218 hef=Redakteur: Karl Vollrath in Berlin.
1228 1200 1616 1271 Expeditions-Stellen:
1130 1229 1710 1327 W., Lützowstraße 105 und Kronenstraße 46.
1274 1288 1563 1342 Druck und Verlag:
2004 1209 2384 1372 Organ fi
1160 1316 1679 1390 „Gutenberg", Druckerei und Verlag,
1296 1359 1552 1398 Aktien=Gesellschaft.
1220 1368 1619 1426 Berlin I., Litowstraße 105.
2183 1368 2420 1441 Gratis-
1234 1475 2064 1566 Ohrfeige und Pistolenschuss.
1160 1503 2210 1625 Aus der schönen schlesischen Provinzialhauptstadt Breslau
1067 1577 2220 1671 ist wieder einmal etwas recht Interessantes zu melden. Am
1076 1639 2208 1702 letzten Sonnabend ging daselbst im Lobe=Theater Schnitzlers
1093 1681 2220 1755 „Freiwild“ zum ersten Male über die Breiter. In dem Drama
1075 1724 2211 1794 kommt auch ein Lieutenant vor, der von einem Bürger eine
1070 1769 2208 1842 handgreifliche Zurechtweisung erfährt. Der Herr
1073 1811 2205 1874 Lieutenant, ein östreichischer, war einer Künstlerin zu nahe
1084 1857 2205 1913 getreten und erhielt von dem Beschützer derselben eine Ohr¬
1087 1910 2208 1968 eige. Aus Rache und um seine Ehre zu rehabilitiren, schießt
1076 1941 2210 2004 der Herr Lieutenant den Künstler im dritten Akte über den
1072 1981 2211 2047 Haufen. Dies der dramatische Tatbestand, soweit er an dieser
1067 2024 2216 2086 Stelle interessirt. Am Sonnabend nun trug, wie die „Brest
1075 2060 2199 2125 Morgen=Ztg." berichtet, der Herr Lieutenant sowohl im ersten
1075 2103 2203 2171 Akte, in dem ihm die wohlverdiente Züchtigung zu Teil
1068 2146 2202 2228 wird, wie im dritten Akte, in welchem er die Heldentat eines
1068 2194 2197 2254 ehrlosen Buschkleppers vollbringt, Uniform — und das ist
1062 2230 2191 2302 durchaus geboten durch den Gang der dramatischen Entwicklung
1064 2282 2200 2356 und entspricht außerdem vollkommen den in Oestreich geltenden
1064 2318 1976 2386 Bestimmungen über die Adjustirung der Offiziere.
1147 2364 2196 2432 Da kam die zweite Aufführung am Sonntag. Und
1064 2398 2197 2480 siehe da! Der Herr Lieutenant des ersten Aktes empfing
1062 2438 2200 2506 seine Ohrfeige als Zivilist, der schießende Herr Lieutenant
1059 2496 2196 2542 aber des dritten Aktes erschien wiederum in Uniform. Wes¬
2245 2489 2363 2565 Niema
1065 2527 2202 2599 halb diese partielle Unkleidung? Wie kam die Regie dazu,
2233 2553 2346 2607 tadelt
1059 2568 2193 2633 das dramatische Kunstwerk in einer den Effekt nicht unwesent¬
2236 2593 2363 2660 leidige
1064 2615 2196 2687 lich beeinträchtigenden Weise zu — nun, sagen wir zu ver¬
1068 2653 2199 2726 schlimm bessern? Tat sie es aus eigenem Antriebe, oder tat
2233 2661 2363 2740 Anklage
1062 2694 2194 2760 sie es unter dem Zwange einer äußeren Einwirkung? Klar¬
2236 2721 2363 2794 zu ne
1058 2734 2186 2803 stellung wäre jedenfalls erwünscht. Es wird berichtet, daß auch
2231 2768 2352 2819 der
1058 2782 2189 2850 Offiziere der Première beiwohnten, daß dieselben aber — bis auf
2233 2803 2352 2864 in Le
1053 2822 2186 2895 einen — das Theater schon im zweiten Akte verließen. Es
2227 2850 2352 2902 daran
1056 2870 2182 2922 wäre nicht unmöglich, daß die erschreckliche Tatsache der ver¬
2230 2891 2349 2950 Majes
1053 2908 2183 2977 dienten Realzüchtigung eines Vertreters der bewaffneten Macht,
2231 2933 2339 2994 leidig
1050 2960 2182 3023 obschon selbiger als einem fremden Heeresverbande angehörig
2230 2977 2346 3041 schen
1045 3003 2185 3046 gedacht wird, genügte, die Herren aus dem Theater zu ver¬
2230 3021 2305 3068 auch
1045 3043 2183 3103 treiben, und daß daraufhin die Umkleidung des Waffenträgers
2230 3058 2307 3116 eine
1051 3075 2188 3142 in einen Zivilisten erfolgte. Ja, warum fand man es denn
2230 3092 2322 3156 weil
1053 3122 2185 3184 nicht auch für nötig, ebenso den auf einen Wehrlosen
2233 3144 2326 3198 hätte
1050 3165 2182 3230 schießenden Lieutenant zivilistisch zu maskiren? Zu
2224 3185 2333 3258 gröbl
1050 3207 1879 3263 mancherlei Gedanken giebt diese Frage Anlass
1135 3224 2179 3307 Gewiss. Das Breslauer Blatt hat Recht, und sein
2224 3255 2347 3351 de
1048 3280 2177 3358 Theaterreferent giebt an andrer Stelle derselben Nummer des
1045 3329 2174 3391 Blattes einem dieser Gedanken bereits Ausdruck, indem er
2220 3345 2338 3422 gung
1051 3371 2180 3447 schreibt: „In dem Aufzuge, zu dessen Schlusse Karinski
2216 3416 2315 3464 mag
1050 3422 2177 3482 geohrfeigt wird, ging er in Zivil, erst als er im letzten Akte
2219 3443 2329 3507 fragt
1050 3470 2180 3522 „brisewitzte", durfte er wieder in Uniform erscheinen. Nach
2216 3493 2312 3541 diese
1041 3502 2177 3573 dieser neuesten Kleidervorschrift ist also das Zivil¬
2214 3535 2315 3586 wärt
1045 3550 2169 3606 gewand für einen Lumpen, wenn er die verdienten Ohr¬
2214 3575 2312 3631 führ
1045 3589 2172 3645 feigen kriegt, de rigueur, während zum Niederschießen eines
2217 3618 2307 3675 Tod
1039 3626 1862 3708 Wehrlosen hinwiederum die Uniform gehört."
2213 3658 2321 3719 wenn
1127 3669 1545 3726 Wir aber sagen dazu:
2210 3700 2305 3759 bele
1119 3713 2172 3767 Mein liebes deutsches Publikum. Es ist dein Bürger¬
2216 3745 2299 3793 den
1033 3753 2172 3816 tum, das durch seine demütige Unterwürfigkeit unter den
2213 3770 2316 3846 Ba¬
1039 3799 2166 3884 Militarismus solche Kulturbilderchen gezeitigt hat! Aus nichts
2208 3829 2298 3890 zur
1038 3841 1262 3893 wird nichts!
2213 3867 2309 3927 Kön.
1251 3923 1961 3991 Berlin, den 16. Dezember 1896.
1113 3961 2166 4047 Der Magdeburger Majestätsbeleidigungsprozess,
1025 4026 2163 4098 von dem wir am Sonntag Mitteilung gemacht haben, erregt
1036 4073 2278 4166 selbst in streng monarchischen Kreisen großes Aufsehen. Der D.
