3436 4448
209 144 327 241 8.
385 137 718 216 Freiwil¬
909 135 1317 250 box 14/3
1134 867 2237 967 (Die „Jung=Wien=Vorlesung.) Wie zahlreich und distin¬
1020 948 2241 1010 guirt zugleich die Anhänger, wie reizend und elegant die An¬
1025 995 2237 1059 hängerinnen des literarischen „Jung=Wien“ sind, konnte man
1029 1043 2241 1106 Sonntag Abends im Bösendorfer=Saale erkennen. Man war ge¬
1020 1090 2241 1157 kommen, um der Trias Bahr=Hofmannsthal=Schnitzler,
1022 1138 2242 1196 der sich als Interimswiener Georg Hirschfeld angeschlossen,
1031 1192 2241 1259 seine Reverenz zu machen. Im Saale herrschte jene Stimmung,
1025 1243 2241 1301 von deren Schilderung allein ein großer Theil unserer Moderne
1029 1277 2251 1358 lebt. Man war auf den äußersten haul-gout gefaßt, die Gour¬
1031 1324 2239 1391 mandise leuchtete insbesondere aus den schönsten Mädchenangen,
1025 1372 2249 1439 trotzdem sie gar viele der Besitzerinnen im sicheren Vorgefühle
1025 1419 2285 1476 des kommenden Eröthens züchtig gesenkt hielten. Allein man
1034 1465 2249 1525 kann mit Befriedigung constatiren, daß sich die Herren Vorleser
1038 1513 2246 1585 durchaus moralisch ein= und aufgeführt haben. Mit dem Vor¬
1034 1560 2260 1622 rechte des Geistes trat als Erster Georg Hirschfeld an den
1041 1607 2255 1669 Lesetisch. Er hatte zu diesem Zwecke eine fein empfundene
1031 1666 2253 1732 Novelle „Bei Beiden gewählt, die aber vollkommen ein¬
1032 1701 2246 1766 druckslos blieb, da der Autor seine an und für sich höchst be¬
1041 1746 2249 1817 scheidenen Stimmmittel vom Banne einer bis zur Unverständlich¬
1031 1790 2246 1861 keit reichenden Aufregung nicht befreien konnte, so daß selbst in
1038 1854 2239 1914 den ersten Reihen nur ganz vereinzelte der schönen Worte ver¬
1041 1889 2302 1956 ständlich blieben. Ihm folgte Hugo v. Hofmannsthal mit
1041 1943 2304 2005 seiner geistvollen, formvollendeten Dichtung „Der Thor und si
948 1979 2299 2049 de der Tod“. Die langvollen, gedankenreichen Verse müßten, von A
1041 2035 2299 2095 Lewinsky oder Robert vorgetragen, tiefste Wirkung üben. Die si
1041 2067 2297 2144 sorgsam abgetönte, reizvolle Stimmung des Gedichtes verlangt.
1034 2118 2290 2193 nach einem mächtigen Sprecher, als welcher der Dichter gewiß nicht be¬
1038 2169 2246 2237 trachtet werden kann. Das Publicum fand übrigens auch so
1043 2216 2281 2281 lebhaften Gefallen an dem Gebotenen. Arthur Schnitzler
951 2276 2248 2330 ann hatte den ersten Act von „Freiwild“ zur Vorlesung ge¬
943 2313 2255 2374 rad wählt und bemühte sich, die vielen, vielen meist ganz
1043 2371 2251 2425 skizzenhaft gezeichneten Figuren de selben stimmlich ausein¬
943 2402 2251 2478 us; anderzuhalten. Leider war das Tempo ein so übermäßig rasches,
944 2446 2253 2504 ein, daß auch hier die besten Pointen im weiten Raume verpufften.
941 2492 2260 2562 sten Die Sensation des Abends bildete Hermann Bahr. Nur muß
939 2548 2251 2610 fred man diesmal Sensation im besten Sinne auffassen. Der so un¬
934 2587 2258 2680 ngen gemein Vielseitige hat sich nunmehr auch als glänzender Vorleser
1050 2643 2255 2708 von hinreißender Laune und einem Humor gezeigt, welcher das
1046 2694 2253 2761 ganze Publicum in Bann zu halten wußte. Eigentlich war es
936 2723 1017 2788 ich
1046 2745 2260 2798 eine vortreffliche schauspielerische Leistung, denn wie Bahr die
936 2774 1024 2835 Erz¬
1050 2775 2239 2842 einzelnen Personen seiner dem Leben nachgedichteten „Humoreske
946 2825 1027 2884 aus
1052 2832 2251 2888 durch Wort, Mimik und Geste zu charakterisiren wußte, mach
925 2867 1017 2928 ro¬
1043 2876 2258 2934 ihm sobald Keiner unserer anerkanntesten Mimen nach. Auch seine
1045 2920 2255 2990 Beherrschung des Wiener Dialectes, dem er ganz überraschende
1050 2969 2262 3036 Wirkungen abzugewinnen wußte, hat geradezu frappirt. Die Zu¬
1043 3013 2260 3080 hörer kamen aus dem Lachen gar nicht heraus und lohnten mit
1046 3074 2262 3145 stürmischem Beifall. Als Vortragsmeister wird Hermann Bahr
927 3108 1018 3171 Rom
1043 3118 1899 3196 gewiß auch die ersehnte Popularität erlangen.
1152 3157 2267 3229 (Vortrag über amerikanische Verhältnisse.) Morgen
909 3199 1015 3252 vor
1052 3204 2260 3268 (Mittwoch) halb 8 Uhr Abends wird die Bürgerschullehrerin Fräulein
915 3243 1024 3303 ie an
1052 3250 2267 3308 Josefine Luksch im großen Festsaale des Gemeinde=Amtshauses
934 3292 2346 3380 zum des Bezirkes Fünfhaus, Konnagasse 4, einen Vortrag über ihre Er¬ Ve¬
1143 3401 2074 3716 ne
