3484 4224
302 184 732 259 8. Freiwi
1001 184 1404 281 box 14/4
520 561 822 666 Bitte
797 805 1362 927 SERVER
464 903 1528 985 I. österr. behördl. konz. Unternehmen für
765 972 1223 1041 Zeitungsausschnitte
491 1013 1521 1089 Wien, I., Konkordiaplatz 4.
875 1074 1133 1135 Vertretungen
476 1109 1529 1172 in Berlin, Basel, Budapest, Chicago, Cleveland, Christiania,
476 1164 1519 1214 Genf, Kopenhagen, London, Madrid, Mailand, Minneapolis,
472 1203 1516 1265 New-York, Paris, Rom, San Francisco, Stockholm, St. Peters¬
863 1237 1147 1293 burg, Toronto.
718 1280 1282 1366 (Quellenangabe ohne Gewähr).
479 1330 838 1422 Ausschnitt aus:
476 1464 601 1542 vom
800 1448 1532 1570 ches Abendblatt.
538 1536 1450 1605 stellung / zu ermäßigten Preisen. „Der Vertelstudent.
691 1598 1320 1688 Deutsches Landestheater.
902 1659 1109 1723 Freiwild."
527 1674 1464 1786 hauspiel in drei Akten von Arthur Schnitzler.
761 1755 1259 1818 (Volkstümliche Vorstellung.)
611 1790 1462 1858 Dieses Schauspiel, das wohl dem größten
538 1841 1466 1890 Teile unseres Publikums Novität war, ist eine der
545 1878 1462 1931 frühesten Arbeiten Schnitzlers — es erschien un¬
536 1924 1467 1973 mittelbar nach der „Liebelei“ und hat noch einen
534 1947 1459 2009 kräftigern dramatischen Pulsschlag, der bald da¬
533 1997 1463 2036 rauf von dem fein gezeichneten episch-lyrischen Flach¬
533 2041 1462 2084 relief des modernen Wiener Aesthetentums abgelöst
536 2076 1459 2121 wurde. Der Titel bezieht sich teils auf junge schöne
534 2111 1455 2164 Schauspielerinnen eines kleinen Sommertheaters,
533 2147 1462 2190 das uns der Autor vorführt, teils auf den Lebens¬
532 2179 1454 2243 künstler Paul Röning, der in einem scharfen
534 2223 1463 2284 Ehrenhandel mit einem jungen, heißblütigen Offi¬
533 2273 1456 2320 zier die Genugtuung mit der Waffe in der Hand
529 2305 1452 2355 prinzipiell verweigert und von dem verzweifelten
527 2343 1456 2391 Gegner kurzweg niedergeknallt wird. Die beiden
524 2383 1464 2436 etwas theatralisch konstruierten Gestalten geben
536 2418 1456 2473 leichte und dankbare Spielaufgaben ab. Herr
533 2459 1460 2511 Huttig zeichnete mit sicherer Charakteristik den
527 2495 1456 2546 Oberleutnant Karinski, einen vor seinem Ruin
529 2537 1452 2584 stehenden Offizier, der den letzten Rest seines Stan¬
527 2577 1456 2623 desbewußtseins auf eine leichtfertige, im voraus
533 2610 1456 2667 verlorene Karte setzt. Als Paul Roning entwickelte
536 2654 1454 2702 Herr Tiller eine wohltuende Herzenswärme; er
536 2691 1448 2737 fand auch den richtigen Ton für die beinahe plötz¬
527 2732 1448 2775 lich aufspringende Wendung zum Schluß des
521 2768 1444 2818 zweiten Aktes, die nur den mechanischen Zweck hat
527 2809 1447 2855 den dritten Akt mit Knalleffekt zu gewinnen. Der
521 2838 1450 2893 etwas gar zu klug vermittelnde Oberleutnant
521 2885 1450 2932 Rohnstedt war bei Herrn Rittig bestens aufge¬
527 2922 1444 2971 hoben, für den jugendlichen Leutnant Vogel ist
527 2960 1446 3013 Herr Balder wie geschaffen. Außerordentlich
527 3003 1444 3048 wirksam spielte Herr Fritz Hans Kaden den etwas
517 3038 1447 3085 beschränkten, aber kolossal korrekten Poldi Grehlinger.
520 3070 1448 3138 Der undankbaren Aufgabe des Arztes Dr. Welner
521 3121 1446 3164 nahm sich Herr Reinhardt gewissenhaft an. Als
521 3158 1450 3204 Liebhaberin Anna Riedel verstand es Fräulein
524 3188 1450 3237 Niedt sich mit sicherer Beherrschung der Rolle in
524 3232 1451 3290 den passiven Mittelpunkt der Handlung zu stellen
516 3269 1447 3328 Herr Dr. Manning als schäbig geschäftsmäßiger
520 3310 1444 3362 Theaterdirektor, die Herren Romanowsky,
524 3351 1447 3398 Frieberg, Bauer, sowie die Damen Medelsky
520 3394 1448 3442 und Zeckendorf markierten ein frisch abgestimmtes
520 3419 1450 3480 Sommertheater=Milieu. Die flotte Darstellung
527 3456 1448 3520 fand bei dem etwas schwächer besuchten Hause / die
515 3492 946 3568 freundlichste Aufnahme.
874 3532 981 3590 .
2168 942 2836 1175 OBSERVA
1964 1149 3020 1249 I. österr behördl. konz. Unternehmen für
2263 1215 2717 1294 Zeitungsausschnitte
1980 1245 3023 1347 Wien, I., Konkordiaplatz 4.
2369 1317 2634 1389 Vertretungen
1966 1346 3021 1427 in Berlin, Basel, Budapest, Chicago, Cleveland, Christiania,
1966 1398 3023 1464 Genf, Kopenhagen, London, Madrid, Mailand, Minneapolis,
1968 1451 3027 1525 New-York, Paris, Rom, San Francisco, Stockholm, St. Peters¬
2365 1485 2656 1549 burg, Toronto.
2221 1517 2793 1619 (Quellenangabe ohne Gewähr).
1977 1584 2337 1696 Ausschnitt aus:
2431 1626 2818 1768 ad
1985 1725 2119 1802 vom
2354 1802 2969 1886 (Deutsches Landestheater.) Das
2037 1817 2306 1904 Freiwild.
2554 1886 2958 1942 Behauptung
1989 1873 2488 1951 einzige Stück Sch
1993 1927 2958 1980 gegen Behauptung gestellt wird, das einzige, in dem
1989 1964 2960 2017 der stoffliche Anreiz die dramatische Psychologie
1999 2009 2960 2065 zurückdrängt und Schnitzler dem Verdacht ausgesetzt
1999 2054 2952 2106 war, ein Sudermann für Wien zu sein. Nachher
1993 2090 2958 2146 hat er dieses Motiv von körperlich gezüchtigten
1999 2142 2959 2192 Offizier, der ruiniert ist, wenn er seinem Beleidiger
1989 2180 2952 2232 nicht mit der Pistole gegenüber treten kann, in der
1996 2229 2958 2278 feinen Novelle vom „Leutnant Gustl," dem Meister¬
1989 2260 2958 2317 werk unbestechlicher Menschenerkenntnis, die Tragödie
1989 2305 2952 2363 in Komödie verwandelt, wiederholt. Es bleiben im
1996 2345 2958 2402 „Freiwild die kleinen Bilder aus dem Getriebe der
1999 2389 2952 2444 Sommertheater und Bühnentypen, die sarkastisch
1993 2435 2958 2481 und still genug beobachtet sind, um ein wenig vom
1993 2477 2954 2528 Geist ihres Autors zu haben. Die Rolle der
1993 2513 2948 2591 Anna Riedel gibt bei uns Fräulein Niedt
1996 2557 2950 2613 die sie durch ihr braves Naturell glaub¬
1993 2601 2958 2652 haft macht, den Paul Herr Tiller mit großer
1996 2647 2952 2702 Ehrlichkeit und warmen Ton. Als Kaminski zeigt
1993 2684 2964 2740 Herr Huttig von neuem, daß er zwar nicht für
1989 2724 2958 2777 Bonvivants, wohl aber für jugendliche Charakter¬
1999 2776 2965 2828 figuren das Zeug hat. Er bringt die nervöse Un¬
1993 2814 2964 2865 ruhe und die Brutalität des zerrütteten Offiziers
1999 2859 2965 2915 zur Geltung. Frisch und behend ist Herr Balder
1989 2898 2958 2948 als kleiner Leutnant, männlich reif und voll ge¬
1989 2938 2964 2991 lassener Kraft Herr Rittig als Oberleutnant
1989 2981 2967 3046 Rohnstedt. Herr Reinhardt hat die Rolle des
1999 3038 2967 3084 ratenden Freundes. In den Theatertypen sind Herr
1996 3068 2968 3126 Dr. Manning als Sommerdirektor, Herr Bauer
1996 3114 2960 3156 als Regisseur, Fräulein Medelsky als dreiste
2001 3155 2995 3210 Liebhaberin, Herr Romanowsky als unglücklich,
1999 3198 2621 3260 verliebter Komiker recht wirksam.
2073 3236 2981 3316 Das Befinden Gustav Mahlers ist nach
