3392 4256
174 167 685 284 8. Freiwil
859 167 1281 273 box 14/3
309 976 3148 1114 Edler von nun an, auch eben und industriellen Schulen, empfiehlt eine mildere Pensionsfondes, ist die Heeresverwaltung gewiß nicht ab¬
305 1054 1047 1114 des Aeußern, Graf Goluchowski, erschienen.
405 1061 3151 1146 Nach Eröffnung der Sitzung erklärten die Del. Praxis bezüglich des zweiten Dienstjahres der Einjährig geneigt und bestrebt diesbezüglich das Möglichste zu thun.
298 1121 2193 1178 Kaiser und Groß, daß es ihnen unter den jetzigen Freiwilligen und beschwert sich darüber, daß heuer den
2303 1139 3151 1185 Das Heeresordinarium wurde hierauf unverändert
302 1171 3144 1228 Verhältnissen Angesichts der blutigen Vorgänge in den Frequentanten der siebenten Realschclasse das Ein angenommen. — Nach dem Referate des Del. Popowski
309 1207 717 1260 Straßen unmöglich sei
742 1214 3144 1281 eine sachliche Berathung zu jährigen=Recht verweigert wurde. Redner verlangt die über das Extraordinarium des Heeres wurde auch dieses
312 1249 2988 1320 führen, und stellten den Antrag auf Schluß der Sitzung. richtige Uebersetzung der Ortsnamen auf den nach kurzer Debatte unverändert angenommen.
305 1370 2182 1437 Karinski nicht dadurch entehrt ist, daß er die Züchtigung und hat keinen anderen Gedanken als seine Rache. E
2211 1380 3151 1437 der anwesende Dichter wurde wiederholt stürmisch ge¬
305 1423 2182 1483 erhalten, sondern dadurch, daß er sie verdient hat. Der verfolgt Paul, bis er ihm begegnet, und schießt ihr
2211 1434 3148 1490 rufen. Die Vortrefflichkeit des Aufbaues und die Männ¬
302 1480 3144 1540 eine der Freunde bricht sofort die Beziehungen ab, der nieder. Er weiß, daß ihm selbst nichts übrig bleibt, als lichkeit der Weltanschauung sichern dem Drama dauern¬
302 1522 1239 1579 Andere entfernt sich warnend. Ehe er weggeht, erscheint
1260 1522 1700 1597 sich das Leben zu nehmen.
2200 1522 2445 1604 des Interesse.
302 1572 1242 1625 Anna in großer Angst bei Paul. Sie verständigen sich
1345 1537 2182 1629 Das Stück ist vor Allem eine sehr geschickt ge
2300 1540 3148 1632 Die Aufführung war eine sorgfältige und brachte
302 1593 2182 1671 unter dem Druck der Freignisse rasch mit einander und führte Arbeit. Der erste Art führt uns in breiter, be¬
2211 1604 3151 1682 sowohl die Gesammtwirkungen als die einzelnen Scenen
298 1668 1228 1739 beschließen, die Stadt mit dem nächsten Zuge zu ver
1256 1671 3151 1735 haglicher Weise in das Getriebe der kleinen Sommer zu voller Wirkung. Herr Tauber spielte den Karinski
298 1714 2182 1771 lassen. Da wird Oberlieutenant Rohnstedt angemeldet, bühne ein und schließt mit dem starken Effect des An
2211 1728 3141 1781 voll Temperament und zeichnete sowohl das heraus¬
312 1767 3148 1828 Er kommt nicht als Duellzeuge, sondern als Mensch griffes, der mit großer Kunst die Spannung geradezu fordernde Wesen im ersten Acte als die Zerrüttung im
305 1817 2182 1867 mit einer Bitte. In warmer, ehrlicher Weise setzt plötzlich erzeugt. Der zweite Act bringt ein neues Moti¬
2211 1821 3141 1874 letzten mit ansehnlicher Kraft. Herr John lernt in er¬
305 1867 3148 1923 er Paul auseinander, daß Karinski sich duelliren in den Vordergrund und hält das erwachte Jnteresse freulicher Weise Maß halten. Er gab dem Paul die
298 1902 1235 1970 müsse, falls er nicht zum Abschied gezwungen sein
1256 1913 2179 1962 lebhaft fest: einerseits durch die eigenartige Stellun¬
2207 1916 3144 1973 ruhige Sicherheit des in sich gefestigten Mannes, die
312 1948 2182 2012 solle, und er ersucht Paul, das Duell anzunehmen, zur Duellfrage, andererseits durch die sichere und ener
2207 1970 3144 2030 namentlich in den Erregungen des zweiten Actes wirksam
305 2005 2182 2062 Paul bleibt bei seiner Ablehnung. Die Consequenzen gische Führung des Dialogs. Die schönste Scene de¬
2207 2016 3144 2080 zu Tage trat. Den Dialog im zweiten Acte führte er
298 2051 2179 2112 soll Karinski eben tragen. Vergebens weist Rohnstedt zweiten Actes und den Höhepunkt der dichterischen Wir
2204 2058 3158 2122 klar und bestimmt und ließ es an der entscheidenden
298 2104 3141 2161 darauf hin, daß Karinski sich dann das Leben nehmen kung bedeutet die Scene zwischen Rohnstedt und Paul. Stelle an Schwung nicht fehlen. Frl. Fasser, die
298 2158 3141 2225 würde, und geht endlich so weit, Paul vorzuschlagen, Der letzte Act zerflattert wieder ein wenig und bietet den Rollen der schlichten Redlichkeit am meisten heimisch
298 2200 3141 2264 daß das Duell nur der Formalität nach stattfinde eigentlich nur den Abschluß, den wir vom Beginn der ist, machte durchaus einen herzlichen, sympathischen Ein¬
298 2239 1228 2303 und Beide in die Luft schießen. Hat aber Paul kein
1253 2250 3141 2317 Verwicklung an voraussehen können. Die zahlreichen druck. Die verantwortungsvolle Rolle des Oberlieutenants
298 2292 1235 2353 Lust gehabt, sein Leben dem Gegner auszuliefern
1253 2296 3134 2367 Details der Kleinzeichnung erträgt man sehr gut als Rohnstedt spielte Herr Reucker, und wenn auch in
302 2349 2179 2410 so wehrt er umso entschiedener die Proposition ab, zu Einleitung, aber sie halten auf, wenn einmal die Steige
2211 2356 3144 2410 der Gestalt und in der Stimme mehr Kraft zu wünschen
298 2395 2182 2459 einer Comödie zu schreiten und sich das Leben von Karung der Handlung auf der Höhe ist. Was nun da¬
2211 2403 3137 2459 blieb, so hielt er sich doch würdig und ernst und ver¬
298 2434 1228 2505 rinski schenken zu lassen. Nach der verunglückten Missio¬
1256 2442 2179 2498 Colorit anlangt, so hat der Dichter zweifellos Bilde
2211 2452 3141 2509 fügte in den Scenen mit Karinski auch über warme
298 2495 2182 2555 geht Rohnstedt ab. Der Doctor, der mit Rohnstedt aus dem Leben geboten, die in ihrer Trübseligkeit be¬
2207 2502 3137 2559 Töne. Herr Schmidt gab den Arzt mit seinem Ge¬
298 2544 3144 2608 zurückgekommen ist, um ihm beizustehen, bleibt bei Paul kannt sind. Viele satirische Bemerkungen frappiren durch schmack und wußte namentlich in der heiklen Scene des
298 2591 3141 2654 und macht ihn darauf aufmerksam, daß in Rohnstedt's ihre Schärfe, wenn sich auch nicht leugnen läßt, daß zweiten Actes die Stellung des redlichen Mannes zu
298 2633 3137 2704 Worten eine Warnung gelegen war, sich der Wuth Ka¬ mancher Schlager bequem auf dem Wege lag. Auch hier wahren. Mit heiterem Nachdruck und in sehr guter Hal¬
298 2686 3141 2754 rinski's nicht auszusetzen; er räth ihm, sofort abzureisen, konnte man, wie in den dramatischen Arbeiten der jüngsten tung zeichneten Herr Löwe den jungen Lebemann. Herr
298 2733 1228 2789 Aber Paul, der allerdings die Absicht gehabt hat, sofor
1260 2736 2179 2789 Zeit, häufig bemerken, daß der Dichter in einer Erzäh
2200 2750 3141 2804 v. Wymetal den vorschriftsmäßigen Lieutenant, Herr
298 2779 2182 2843 abzureisen, will der Drohung nicht weichen. Ver¬ lung feinere Züge gewählt hätte und ihn die dramatisch
2211 2789 3141 2850 Zeisler verwendete seinen ganzen trockenen Humor
298 2835 3141 2896 gebens beschwört Anna ihren Geliebten, der Gefahr aus¬ Form hie und da zu einer gewissen Derbheit der Strich auf die Gestalt des Schmierendirectors. Unter den Dar¬
291 2878 3134 2960 zuweichen. Rohustedt versucht nun seinerseits, Karinski führung verleitet hat. Das Stück hatte, wie schon be¬ stellern der Schauspieler traten Herr Thaller und
298 2924 1235 2977 zur Vernunft zu bringen, und scheut nicht davor zurück
1256 2931 3073 3013 richtet worden ist, einen durchschlagenden Erfolg, der Frl. Moller als selbstständigere Gestalten hervor.
302 2974 1239 3027 seinem Freunde zu sagen, daß er besser thäte, sich in¬
1260 2977 2182 3034 namentlich nach dem ersten und zweiten Acte sich star¬
2988 2988 3102 3055 F. A.
298 3027 2204 3091 Privatleben zurückzuziehen. Karinski schäumt vor Wuth äußerte. Der Beifall war ein überaus lebhafter, und
