3436 4096
201 110 701 204 8. Freiwil
899 73 1309 182 box 14/2
932 981 1426 1087 zu teuern. gr.
939 1013 1918 1126 Anzahl von interessanten Werken österreichischer und aus¬
935 1122 1548 1189 ländischer Künstler die Ausstellung.
1027 1144 1921 1233 Aus Berlin wird uns vom 3. d. M. tele¬
942 1196 1928 1286 graphirt Arthur Schnitzlers dreiaktiges Schauspiel
942 1255 1928 1331 „Freiwild fand bei der heutigen Erstaufführung im
942 1306 1932 1374 Deutschen Theater großen Beifall, der nur wegen
939 1346 1927 1416 des peinlichen Schlusses von einem kleinen Theile des
946 1386 1925 1476 Publikums bestimten wurde. Trotzdem konnte der Autor
944 1437 1937 1509 auch nach diesem, wie nach den beiden vorhergehenden
949 1457 2038 1565 Akten wiederholt vor der Rampe erscheinen. „Frei¬ her¬
949 1543 1940 1606 wird" behandelt einen ähnlichen Ehrenkonflikt, wie
950 1579 1935 1655 Sudermann's „Fritzchen, nur daß hier der
951 1628 1940 1699 Beleidiger — ein Bürgerlicher — dem gezüchtigten Offizier
953 1669 1934 1751 die Satisfaktion verweigert und ihn vor die Alternative stellt,
950 1713 1940 1797 zu quittiren oder den Gegner à la Brüsewitz zu behandeln.
956 1758 1934 1844 Der Offizier erschießt demnach seinen Gegner coram
937 1788 2037 1889 publico. Auch ohne diese vom Autor nicht vorhergesehene steht
943 2197 1367 2290 4. November 1884.
777 2301 1899 2390 eiten Aktualität wäre der Novität wegen des effektvoll zu¬
774 2343 1893 2438 wieder gespitzten Konflikts, der spannend durchgeführten Handlung
774 2393 1904 2477 n, Sö und des lebenswahren Milleus der Erfolg sicher gewesen.
921 2435 1904 2528 Inszenierung und Darstellung trugen nach Möglichkeit
777 2472 888 2536 toffeln
774 2504 1351 2580 eit ge¬ zum besten Gelingen bei.
1230 2577 1620 2686 Gerichtssaal.
1004 2653 1909 2757 Der gestohlene Marktwagen.) Am 18. August
3182 3903 3358 3976 and
