3392 4384
195 100 410 211 8. F.
446 108 614 212 ei
889 98 1290 196 box 14/3
2438 444 2530 506 263
1230 438 1913 507 LA VITA INTERNATIONALE
1611 548 2568 618 vita spaventosamente uniforme e priva di ogni
673 579 1243 679 Vita viennese
1617 614 2383 689 pensiero o di ogni velleita di critica.
1657 672 2570 725 I giornali non criticano che gli artisti: le
1617 711 2570 774 autorità mai. Questa assenza disperante di com¬
999 700 1540 804 LA PREDA LIBERA
1623 762 2568 824 menti e di impeto, di caldo sentimento di giu¬
1621 813 2576 879 stizia, questa mancanza curiosa di opinioni
1097 800 1563 896 Vienna c'é- laus Deo
1627 862 2568 924 personali, quando si tratti di difendere il de¬
1091 866 1577 940 una giovane scuola,
1617 908 2565 970 bole, questo sistema eterno di Vertuschuny, os¬
1095 916 1516 980 anche in letteratura.
1621 958 2574 1016 sia di segretume di tutto ciò che il pubblico
1127 958 1581 1043 L'ambiente li guarda,
1627 1014 2574 1067 è meglio non sappia, hanno dato e danno
1097 1020 1577 1085 questi intrusi sfrontati,
1621 1055 2580 1124 alla vita intellettuale di Vienna, della quale la
1095 1063 1583 1139 prepotenti e schernitori
1617 1107 2571 1177 stampa è tanta parte - una impronta cosi stra¬
1121 1115 1581 1184 pressa poco con lo
1629 1148 2577 1224 namente barbogia, che invano cerchereste in
1090 1164 1587 1227 stesso sguardo di un
1633 1206 2314 1288 una qualsiasi altra città d’Europa.
1102 1213 1580 1285 vecchio ministro della
1101 1257 1579 1330 estrema Destra che os¬
785 1312 1585 1377 un giovane deputato socialista che si
635 1374 1586 1432 presenta al giuramento. Perché quasi tutto
1665 1398 2583 1459 In questa condizione di cose - la “ giovane
641 1416 1581 1475 o quasi è barbogio. Qui si sequestrano le
1635 1458 2578 1517 scuola, ha del coraggio, e il suo sorgere de¬
639 1465 1587 1520 medaglie commemorative del 1848 col motivato
1639 1500 2586 1553 vessere salutato con un agitar di cappello da
633 1520 1584 1583 che glorificano un poca di assassini, tradi¬
1635 1549 2583 1604 tutti gli amici del progredire umano. Herrmann
639 1574 1579 1635 menti e viltà , tutta roba naturalmente lle-
1641 1593 2583 1656 Bahr nella Zeit, gli scrittori della Neue Revue,
640 1602 1587 1682 gale . Qui la stampa è muta un po per terrore
1634 1646 2577 1702 Filippo Langmann, Arturo Schnitzler, Bur¬
639 1657 1590 1720 un po per dolce abitudine tradizionale. Qui
1639 1693 2578 1757 ghardt, Felix Dörrmann ed altri ancora com¬
641 1709 1596 1784 alle 10 dieci di sera si paga per rientrare nel
1639 1753 2587 1808 battono una nobile battaglia nei giornali, riviste
644 1756 1589 1823 proprio domicilio e alle 11 non si può zuffo¬
1635 1791 2582 1851 e sul teatro per scuotere l'ambiente, per farvi vi¬
639 1798 1581 1869 lare per la strada neppure Wagner. Qui i pro¬
1645 1849 2593 1912 vere il fremito d’una critica sociale e politica,
639 1852 1591 1912 cessi militari sono segreti e insindacabili e
1641 1889 2589 1953 per dare all'arte e alla letteratura un nuovo
645 1909 1584 1964 le sentenze medesime non vengono date in pa¬
1647 1940 2589 1999 orizzonte, ideali nuovi, e quel che più importa,
641 1962 1596 2019 sto alla pubblica curiosità naturalmente mal¬
1641 1988 2593 2058 un impronta di polemica e combattività sin qui
641 2001 1592 2074 sana. Qui il nunzio pontificio è l'ambasciatore,
1645 2044 1892 2105 mai veduta.
641 2046 1591 2114 non solo più gradito, ma anche il più influente.
1693 2071 2583 2148 Questa sincerità di intendimenti, questo al¬
678 2097 1591 2162 Egli raccoglie spesso nel suo tenebroso sa¬
1647 2132 2596 2194 truismo, assolutamente nuovo in un ambiente
645 2158 1596 2208 lone Am Hof i ministri, l'altissima aristocrazia,
1651 2183 2583 2239 dove l’egoismo impera anche nella letteratura¬
647 2192 1595 2253 i capi del pubblico benessere di tutti i rami.
1647 2233 2589 2291 costó la carriera al directore del teatro impe¬
645 2241 1597 2318 Qui si passa il tempo ad obbedire a tutte le
1647 2280 2598 2345 riale della Commedia - il Burgtheater. Burghart
646 2297 1595 2363 autorità che, incominciando dal portinaio¬
1647 2330 2589 2388 volle far la satira d’un ambiente a lui ben co¬
650 2347 1445 2407 vanno sino al presidente del Consiglio.
1651 2375 2592 2439 nosciuto: l'ambiente della magistratura. Ol¬
688 2392 1603 2459 Non si può parlare ad alta voce nè material¬
1651 2419 2601 2485 treche eccellente directore di teatro egli è un
650 2440 1601 2515 mente ne moralmente. L'individuo si fossilizza
1647 2473 2595 2542 giureconsulto di grido. La sua commedia Die
658 2488 1601 2567 per mancanza di libertà. Siccome quasi tutto è
1647 2525 2598 2585 Bürgermeisterwahl, ossia L'elezione del sindaco,
658 2541 1603 2604 probito, non rimane all’abitatore di Vienna
1647 2573 2598 2643 e una critica amara del modo come certi pro¬
651 2593 1604 2651 che la rassegnazione, e la rassegnazione equi¬
1647 2626 2595 2686 cessi vengono condotti e nello stesso tempo
658 2646 1603 2698 vale assai spesso all'intontimento. L'apatia del
1651 2680 2602 2736 dei pregiudizi religiosi e di razza che dominano
658 2687 1607 2751 viennese l’avete vista nei di famosi nei quali
1653 2723 2114 2779 la situazione a Vienna.
656 2736 1608 2800 i deputati venivano trascinati fuor dalla Ca¬
1689 2756 2601 2832 La première di questo lavoro, al Deutsches
654 2782 1609 2848 mera per mano delle guardie di polizia. I reso¬
1658 2811 2604 2876 Volkstheater ebbe un successo enorme , e segno
652 2835 1607 2894 conti di quei fatti - non i commenti (che non
1653 2865 2604 2930 la fine di Burghart come directore del teatro
658 2894 1604 2957 c’erano) - venivano sequestrati. Il movimento
1659 2914 2610 2977 imperiale della commedia. Venne licenziato con
658 2931 1604 2997 di protesta di quei giorni strani di vita inco¬
1662 2966 2607 3029 la buona grazia abituale in questi paesi quando
654 2974 1604 3054 stituzionale in uno stato che pur possiede una
1664 3017 2610 3083 si tratti di non fare troppi scandali: una buona
657 3031 1615 3114 Magna Carta conquistata coi morti del Marzo di
1659 3064 2406 3131 decorazione e.... un impiego migliore.
662 3074 1615 3146 cinquant anni or sono - si limitavano a delle
1705 3115 2611 3180 Ma Burghart continua a scrivere commediee
658 3126 1620 3208 grida di abbasso , della folla e a un paio di
1663 3151 2610 3225 non è improbabile che possa arrivare cosi ai
664 3170 1615 3261 sedie scaraventate dalle finestre dell'Università.
1671 3205 2610 3275 più alti gradi della burocrazia col petto coperto
701 3222 1615 3297 Il viennese è un vecchio sfiduciato. Il suo
1665 3255 2267 3316 di croci di tutte le grandezze.
662 3275 1607 3335 morale à diventato passivo, a forza di repri¬
1705 3309 2610 3375 Filippo Langmann era l'anno scorso un po¬
670 3320 1615 3390 menda, come in quei collegi, dove il bastone
1671 3355 2614 3415 vero impiegato della Cassa di Risparmio di
668 3379 1616 3436 vuol frenare il carattere. Nessuno più di lui à
1668 3406 2610 3464 Brünn. Era assai deriso in paese per alcune
663 3415 1622 3489 soddisfatto di queste umoristiche condizioni di
1665 3451 2610 3523 forti poesie pubblicate in favore delle masse
669 3472 1622 3543 una capitale all'avvicinarsi del 1900. Il viennese
1669 3500 2610 3576 operaie di Boemia. Un suo libro di novelle de¬
668 3533 1626 3595 non farà una grande agitazione che il di in
1665 3547 2613 3610 scrivent la vita dei lavoratori del suo luogo na¬
676 3568 1621 3635 cui un decreto abolisse il caffe e panna. E la
1675 3604 2614 3686 tivo fece scuotere il capo a tutti i conservatori
670 3613 1626 3725 sua passione predominante, il clou della sua
