3436 4224
153 153 282 275 8.
321 157 453 235 re
856 160 1269 267 box 14/3
556 164 660 267 il
3002 1301 3319 1390 europäische
1241 1340 3315 1433 en un corte: Herr v. Duo meille, es liege ja Das hat dabei gar nichts zu thun,
460 1390 563 1440 ....
2064 1415 2264 1483 an
2506 1294 3308 1519 .
1479 1469 2471 1537 seine Umgebung verwickelt wird, für den aufmerksamen
2503 1515 3323 1569 Leben in aller Freudigkeit erstarkt. „Mein liebe
1483 1522 1840 1586 Beobachter gestalten,
799 1483 1073 1597 „Freiwild
2510 1561 3319 1619 sagt er zum Badearzte Wellner, „lieg' Du
1572 1533 2478 1619 Es ist in der Natur der Sache begründet, daß die
453 1537 1455 1640 (Schauspiel in drei Arten von Arthur Schnitzler. Er Aufführung
688 1615 1237 1683 im Carl-Theater am 4. Februar 1898.)
2503 1611 3294 1665 wochenlang da, wie ich, schon ganz bereit,
1483 1604 2467 1665 Dichter, die alles Leben nachzugestalten beflissen sind, sic
2506 1658 3273 1711 abzuschließen, und wache dann auf wie ich
1487 1658 2474 1711 immer wieder angeregt fühlen, gerade diese beiden Themate
542 1654 1458 1725 Unsere Gesellschaftsmoral hat von alt her einige
2510 1704 3319 1758 ob Du noch was anderes empfinden kann
1483 1704 2471 1754 auf die Bühne zu bringen — sie umfassen ja so viel, das
446 1715 1458 1790 Axiome aufgestellt, gegen deren Berechtigung sich der klare,
2510 1750 3326 1800 Seligkeit, wieder da zu sein, wieder dazuzu¬
1490 1750 2478 1804 sie in jeder Beleuchtung blendende Facetten zeigen, und sie
460 1761 1455 1825 gesunde Menschenverstand sträubt, die aber so lange als
2510 1797 3319 1854 Allem, was athmen, was blüht, wieder von eine
1483 1797 2478 1850 bieten einen ungemein dankbaren Stoff, da sie in Jedem,
453 1804 1458 1864 gesetzgiltig betrachtet wurden, daß sie dem Allgemein¬
2503 1843 3323 1893 Tag reden zu dürfen, wie die anderen Menschen
456 1836 2478 1907 empfinden als unantastbare Wahrheiten erscheinen, im so oder so, eine persönliche Saite mitschwingen machen
2503 1893 3326 1943 jetzt nur leben, gar nichts anderes, und spüre
1483 1882 2478 1943 So haben wir mit der Zeit eine ganze, stetig weiter an¬
456 1897 1455 1954 höheren Sinne unhaltbare Axiome, unter welche sich jedoch
2506 1939 3315 1989 lebe, das ist mir genug." Diese Stimmun¬
463 1936 2474 2000 Jeder beugen muß, und wider die der Einzelne nicht verstoßen wachsende Kameliendamenliteratur zusammenbekommen, die
2503 1975 3283 2036 Schlüssel für sein späteres Handeln bietet,
1483 1979 2478 2046 jede Möglichkeit einer Lösung zeigt, vom tragischen Aus¬
449 1993 1462 2043 darf, wenn er innerhalb seiner Klassengemeinschaft ein voll¬
2506 2021 3308 2082 erhöht durch die halb unbewußte Neigung
1487 2032 2481 2086 gang bis zur rosenrothen Heirat mit nachfolgendem haus¬
449 2039 1462 2093 werthiges Mitglied bleiben will. Dazu gehört für den
2506 2071 3323 2125 lungen, reinen Menschenkinde, der naiven Na¬
456 2086 2478 2139 Mann unter Anderem das Verbot, eine Gestrauchelte zur backenen Glücke, und die Zahl der bereits vorhandenen
1483 2125 2481 2178 Säbel= und Pistolenstücke wird alljährlich erheblich ver¬
2503 2118 3319 2192 Riedel. Es ist wie der Frühling, so klar und
463 2128 1458 2189 Frau zu nehmen, und die Verpflichtung, mit der Waffe in
1490 2171 3315 2225 mehrt. Und das wird so lange der Fall sein, bis die voll¬ gedankenlos. Aber nicht lang . . . Lieutenant
460 2175 1455 2235 der Hand die persönliche Ehre zu vertheidigen und der
2503 2221 3319 2271 da, von dem es heißt, er ist au fond ein gute
1494 2214 2471 2271 ständige Umwerthung unserer Moralbegriffe vollzogen
453 2217 1458 2285 gekränkten fremden Genugthuung zu geben. Die Auf¬
2503 2264 3319 2317 famoser Kamerad, es muß nur halt Alles ge¬
1487 2264 1661 2339 sein wird.
453 2271 1455 2321 geklärten von heute, einer besseren Einsicht folgend und
1576 2285 3337 2364 Arthur Schnitzler, dessen Schauspiel „Liebelei" will, sonst ist der Teufel los" und „Was fe¬
453 2314 1458 2367 belehrt durch Kontroversen und Erfahrungen, sind in
2506 2353 3348 2410 Mensch in ewiger Friedenszeit mit seinem Te¬
1483 2360 2478 2414 das erstere Thema in der leichten Spielart des „füßen
453 2356 1458 2417 beiden Fällen über manch Unsinniges schon hinaus, dem
1483 2403 3326 2460 Mädels" gestreift hat, wählte sich die Duellfrage zum an? Es ist ja wahr, solche Leute wie der Karl
453 2406 1458 2463 Worte und der Theorie nach und, soweit es die eigen¬
1490 2446 2474 2506 Vorwurf für sein neues Bühnenwerk. Er trat seiner heikle
2510 2453 3319 2503 Soldaten sein, aber für solche Soldaten gehört
456 2456 1462 2517 Person betrifft. Allein, wenn Einer sich allzu schroff gegen
1487 2496 2474 2549 Aufgabe als Poet gegenüber, in ruhiger Objektivität, jeder
2510 2499 3319 2549 sonst haben sie überhaupt keine Existenzberecht
449 2499 1462 2563 das Hergebrachte auflehnt, nach freiem Gutdünken handelt,
1490 2545 3323 2599 Parteinahme fern, und schuf so tendenzlos nach, was ihm kaprizirt sich auf die Riedel. und da diese stan
460 2545 1455 2606 und es verschmäht, die tolerirten Mäntelchen zu benützen
2506 2588 3333 2649 Einladung zu einem Souper ausschlägt, wer
456 2585 2474 2659 dann sind Alle entrüstet, denn neben der beschränkten, die Wirklichkeit zeigte und wie unter den gegebenen Be¬
1483 2635 2471 2695 dingungen die Ereignisse ja thatsächlich kommen mußten
2506 2638 3312 2688 seinem Selbstbewußtsein verletzt und durch eine
460 2645 1455 2699 aber ehrlichen Ueberzeugung erheben sich die Stimmen
1483 2681 2463 2734 Wenn trotz der ehrlichen künstlerischen Absichten „Freiwild
2503 2677 3323 2738 Bemerkung des spöttisch vergnügten Paul aufges
456 2692 1458 2749 Jener, die aus bewußter oder unbewußter Heuchelei an
456 2720 3301 2791 Anderen das verdammen, was sie unter ähnlichen Um¬ blos ein Theaterstück und keine Dichtung geworden ist, so sie ein unzulässiges Wort an. Paul schlägt ihn
456 2774 3323 2838 ständen vielleicht selbst gethan hätten. Und je verständ¬ mag die Ursache vielleicht darin liegen, daß es ihm durch und da Karinsky, auf Urlaub im Badeorte, kein
1483 2823 3323 2888 Anlage und Temperament versagt war, gerade hier mit trägt, und die Freunde sich dazwischen wer¬
453 2827 1455 2884 licher, je menschlich einfacher das Vorgehen des kühne
1483 2866 2977 2927 den Augen der Seele zu schauen, vielleicht aber auch im Affaire vorläufig abgethan.
456 2877 1455 2930 Sittenverächters ist, um so größer wird der Gegensatz sein
2585 2891 3340 2973 Von einem Duell will Paul nichts wissen.
456 2909 2474 3020 in welchem er sich zu den Uebrigen seiner Schichte befindet, Stoffe selbst, den ohne Rest zu bezwingen, noch Keinem
2492 2966 3326 3016 kundanten Karinsky's sagt er: „Er hat sich beno
453 2966 1725 3030 und desto merkwürdiger und interessanter werden sich die gelungen ist.
1569 2984 3333 3091 Paul Rönning ist der sogenannte Held des Stückes, ein Bube und ich habe ihn behandelt wie ein
456 3016 1479 3105 äußeren und die seelischen Konflikte, in welche er und
1201 3059 2795 3176 Hiezu Nr. 40 des „Wiener Familien-Journal als Gratisbeilage.
