3436 4192
282 146 507 259 8. F.
979 154 1376 250 box 14/4
580 165 794 235 wil
926 1938 1204 2028 —
865 2006 1283 2091 lenangabe, ihre Oerthur)
826 2024 1523 2159 GERIE DERLIN
525 2076 940 2167 Ausschnitt aus:
529 2172 687 2238 vom
788 2160 1184 2272 UN 1913
607 2243 1656 2324 + Das Schillertheater in Charlottenburg brachte am Frei¬
562 2318 1647 2365 tag abend wieder einmal eine Vorstellung heraus, die sich
569 2362 1647 2411 wirklich sehen lassen konnte Schnitzler Tendenzstück
566 2400 1645 2449 „Freiwild, das nachgerade siebzehn Jahre vorliegt, ging
569 2440 1645 2486 da in einer sehr geschickten szenischen Aufmachung und einer
565 2470 1649 2526 trefflicheren Darstellung in Szene. Vielleicht wird sich mancher
561 2512 1645 2565 aus älterer Zeit des Inhalts dieses Protestes gegen den Duell¬
569 2552 1652 2606 unfug entsinnen. Da kommt es um der Ehre einer jungen
569 2583 1652 2633 Schauspielerin willen zu Tätlichkeiten eines sonst ruhigen, be¬
574 2625 1654 2673 sonnen überlegenen Menschen gegen einen Offizier, dessen
571 2667 1650 2715 Landsknechtsnatur infolge finanzieller Nöte sich in allerlei
571 2706 1650 2749 Exzessen Luft zu machen versucht. Der Angreifer lehnt eine
571 2747 1650 2794 an ihn ergehende Duellforderung ab. Seine Begründung ist
566 2783 1649 2834 außerordentlich einfach: Er ist kaum von schwerer Krank¬
571 2823 1650 2875 heit genesen und fühlt stark den Wert des Lebens; einem
558 2860 1650 2918 Buben wird er es nicht in die Hand geben! Für den Offizier,
1699 1180 2785 1246 der unter dem überlieferten Ehrenkoder steht, bedeutet die
1702 1238 2785 1293 Verweigerung der „Satisfaktion" durch den anderen den
1706 1274 1815 1332 Ruin.
1747 1304 2782 1361 In dem Konflikt zwischen dem Ehrenbegriff des Ehren¬
1706 1350 2785 1402 koder und dem auf reinem, menschlichem Gefühl beruhenden
1705 1398 2789 1447 Ehrbegriff des freien Mannes bleibt der letztere Sieger. Aber
1702 1433 2785 1484 der Mann selber fällt, von der Hand des Offiziers bübisch
1706 1471 2782 1514 hingemordet, nicht ganz ohne eigene Schuld: denn er über¬
1706 1506 2785 1563 treibt trotz des Zuredens seiner Freunde und den Bitten der
1706 1542 2785 1591 in den Stunden der Not zur Braut geworbenen jungen Schau¬
1712 1589 2785 1635 spielerin seinen Ehrbegriff, vielleicht weil er doch noch in
1702 1623 2785 1675 alten Vorurteilen befangen ist, und reizt den Gegner zur Tat.
1706 1661 2790 1710 Diese schließt den äußeren wie den inneren Gang der Hand¬
1706 1703 2264 1751 lung entschieden dramatisch ab.
1742 1728 2785 1789 Die Figuren des Stückes standen in der Darstellung vor¬
1697 1780 2786 1829 züglich gegeneinander. Herb und rein das Paar, das sich ge¬
1709 1819 2785 1864 funden hat, die „Naive" und ihr getreuer Schützer Paul
1699 1856 2789 1897 Röming. Besonders der weibliche Part fand in Leonore
1702 1892 2793 1947 Ehn eine so schlichte, in der Bewegung wie im Mienenspiel
1706 1932 2793 1973 trotz der Weichheit mancher Szenen so sein charakterisierende
1699 1972 2789 2016 Vertreterin, daß man wirlich über die Leistung hocherfreut
1714 2013 2783 2055 sein darf. Besonders hervorragend war die schwere kleine
1706 2048 2785 2092 Szene mit dem Uebergang von herber Ablehnung zum freudig¬
1712 2085 2790 2134 innigen Geständnis der Liebe. Conrad Wiene gab sich ebenfalls
1706 2130 2789 2172 schlicht, da wo er mit blasierter Miene seinem Gegner gegen¬
1702 2164 2798 2216 überstand, tat sie gute Wirkung, an anderer Stelle hätte ein
1706 2201 2793 2249 Grad Wärme mehr gute Dienste getan. Doch durfte sich die
1702 2243 2788 2286 Durchführung neben der Partnerin sehen lassen. Den drauf¬
1706 2277 2782 2331 gängerischen Oberleutnant faßte Karl Noack mit zäher Energie
1702 2322 2788 2373 an; so schien er selbst in seiner Unnatur natürlich. Sein
1712 2359 2788 2410 Gegenstück im bunten Rock machte Otto Letroe, durch ganz
1709 2393 2785 2445 feine sachliche Arbeit zu einer zwingend sympathischen Per¬
1717 2438 2786 2485 sönlichkeit. Der andere Typus aus derselben Sphäre, der
1712 2474 2785 2523 leichtlebige Husarenleutnant, war in dem einzigen echt wiene¬
1712 2512 2788 2567 risch sprechenden Harry Förster bestens aufgehoben. Aehnlich
1712 2552 2788 2605 auch der Arzt bei Karl Elzer. Ganz hervorragend gut gelang
1702 2592 2792 2637 die Wiedergabe des Bühnenvölkchens in seinen verschiedenen
1709 2628 2785 2680 Typen, an der Spitze stand höchstüberlegen der Sommer¬
1706 2666 2789 2717 theaterdirektor Max Pateggs, in seinen ernsten wie in seinen
1712 2704 2790 2749 heiteren Szenen überwältigend echt und komisch. Die Herren
1706 2740 2793 2790 Kurth, Gerhard, Marlitz, die Damen Euler und Gold gaben
1712 2783 2790 2834 auch ihrerseits Treffliches. So kann man von einer höchst
1709 2820 2782 2872 gelungenen Vorstellung sprechen und dem Beifall des Publi¬
1712 2864 2190 2927 kums durchaus beistimmen
2594 2861 2764 2921 Dr. Th.
