3436 4192
167 228 270 311 8.
428 215 648 312 wil
848 189 1263 287 box 14/2
2684 148 2871 222 Seite 97.
1992 169 2354 233 7. November 1896.
1610 175 1728 244 Zeit.
1664 265 2907 358 läufig verschoben worden, und man schreitet an ein inneres Anlehen, das,
1672 333 2913 389 wie es auch ausfallen möge, nur eine Verschlechterung der finanziellen Lage
1674 365 2910 423 Spaniens hervorbringen kann. Ob es gelingt oder nicht, in beiden Fällen
1672 411 2915 470 wird die Notenpresse in Anwendung gelangen. In der Türkei erwartet
1672 440 2910 512 man das finanzielle Heil von dem beabsichtigten Eintritt eines russischen
1674 481 2910 550 Vertreters in die Staatsschulden=Commission. Ob dadurch viel geleistet
1672 525 2913 592 werden wird, ist sehr zweifelhaft. Die von der dette publique verwalteten
1680 562 2921 626 Anlehen sind gegenwärtig nicht gefährdet. Nur im äußersten Nothfall wird
1680 604 2918 667 die Türkei die Rechte der europäischen Commission verletzen: und
1677 651 2918 701 wenn diese vorläufig noch weit entfernte Zwangslage eintreten sollte,
1681 678 2920 743 wird die Anwesenheit oder Abwesenheit eines russischen Vertreters in der
1680 723 2926 782 Commission wenig daran ändern. Eine Verletzung des Moharrem=Decretes
1683 757 2916 823 kann, wenn die Mächte wollen, auch ohne Russlands Eintritt zu einer diplo¬
1680 799 2929 863 matischen Action, eventuell zu einem Casus belli gemacht werden. Wenn
1677 834 2926 899 aber, wie wahrscheinlich, den Mächten die „Ruhe im Orient wichtiger als
1677 874 2926 940 die Interessen der Besitzer türkischer Werte sein sollte, so wird daran auch die
1680 916 2926 976 Nominierung eines russischen Deligierten nichts ändern. Eine wirkliche Sanierung
1675 952 2932 1010 der für Finanzen ist nur durch eine Europäisierung der Verwaltung möglich,
1683 993 2926 1065 und damit hat es wohl noch seine guten Wege. Der einzige mögliche, aber
1689 1037 2930 1096 unwahrscheinliche Erfolg des Eintrittes des russischen Delegierten könnte der
1689 1076 2930 1143 sein, dass eine neue Finanzgruppe zur Gewährung eines größeren Darlehens
1692 1112 2930 1180 an die Türkei veranlasst würde, da die Banque Ottomane Gruppe gegen¬
1689 1155 2927 1210 wärtig dazu unfähig ist, und dass die Pforte dadurch für die dringendsten
1689 1204 2398 1272 Verpflichtungen Geldmittel erhalten würde.
2161 1291 2475 1365 Kunst und Leben.
1803 1335 2937 1408 Premieren der Woche. Paris: Vaudeville „Le Partage“
1689 1379 2940 1454 von Albert Guinon. Athénée Comique Madame l'avocat“ von Depré¬
1705 1421 2940 1493 und Galipaux. Folies Dramatiques „Rivoli, von Burani, Musik von
1699 1460 2937 1528 Wormser. Théâtre Réaliste, „La Raleuse" von René Racot und Léo
1702 1511 2940 1574 Monthilda. — Berlin: Deutsches Theater, „Freiwild“ von Arthur
1700 1541 2943 1610 Schnitzler. Lessingtheater, „Die goldene Eva“ von Franz von Schönthan
1702 1582 2943 1658 und Franz Koppel=Ellfeld. Lübeck: Stadttheater, „Das höchste Gesetz" von
1711 1652 1961 1702 T. Szafranski.
1825 1706 2941 1789 Man schreibt uns aus Paris: Den ersten Erfolg der Saison hat das
1708 1763 2943 1827 Vaudeville mit dem modernen Drama: „Le Partage" zu verzeichnen. Sein
1711 1800 2941 1866 Autor heißt Albert Guinon, und hat sich seine ersten Sporen im Théâtre
1711 1845 2946 1911 libre verdient. Es ist wieder das alte Triangel: Gatte, Frau, Liebhaber,
1714 1877 2945 1947 aber die legitime Brutalität des ehelichen Lebens, das den Gatten mit seiner
1713 1917 2948 1989 Frau verbindet, die ungestüme Liebe, mit der diese am Dritten hängt, und
1711 1955 2954 2027 der Hass der Rivalen, das alles wird in einem Tone der tiefsten Mensch¬
1711 1992 2955 2067 lichkeit vorgebracht, und mit einer unerhörten Kühnheit wird das physische
1716 2034 2952 2103 Martyrium der Frau geschildert, die um ihres Kindes willen an der Seite
1713 2075 2951 2144 eines verhaften Gemahls zu bleiben sich verdammt. An diese Frage hat sich
1716 2112 2954 2181 vor Guinon kein Franzose gewagt, und es hat des hervorragenden Talents
1714 2151 2952 2225 der Réjane bedurft, um dem Publicum diese Frauengestalt aufzuzwingen,
1716 2195 2954 2262 welche für das moderne Drama Frankreichs von derselben Bedeutung bleiben
1722 2231 2951 2300 dürfte, wie es beispielsweise die Hedda Gabler für das nordische Drama
1719 2278 2962 2339 ist. — Es war billig, dass eine französische Bühne — das Nouvea
1725 2317 2959 2375 théâtre — sich zur Aufführung der beiden bezeichnendsten dramatisch
1727 2351 2876 2421 Werke Oscar Wildes: „La passante (Lady Windermere's fan)
1724 2386 2891 2464 „Salomé entschlossen hat. Der unglückliche Dichter hat jenseits des Co
1727 2431 2873 2493 eine große Gemeinde, die ihn liebt und bewundert, und wenn man von
1731 2470 2832 2540 Fronde gegen den brutalen Act, dem Wilde zum Opfer fiel, von der
1728 2503 2824 2578 phobie der freieren Gesellschaft Frankreichs und endlich von den
1728 2543 2821 2612 denen Snobismen, die ein künstlerisches Extrem und ein Scandal
1725 2596 2829 2651 Gefolge haben, absieht, so rechtfertigt die große und reine Anerken¬
1725 2626 2818 2688 man hier dem Werke Wildes zollt, noch immer die Aufführung seiner
1725 2668 2813 2724 Die beiden Schauspiele zeigen Wilde von zwei anscheinend verschie¬
1730 2709 2810 2774 ihrem Wesen aber grundverwandten Seiten. Die Fabel und
2887 2737 2974 2788 hrem
1724 2743 2804 2815 von „Passante bieten nichts Hervorragendes oder Neues, sie sind
2865 2776 2974 2827 leben¬
1728 2792 2795 2849 Wesen dem Schema Dumas fils-Sardou nachgebildet; das aber
2854 2810 2969 2866 er und
1741 2820 2796 2893 sache. Sie liefern eben bloß das Lattengerippe, an das der Sa¬
2848 2852 2973 2907 nänen
1731 2862 2782 2926 anarchistische Philosoph Wilde die Blender und Raketen seiner
2837 2898 2969 2943 ordnung
1741 2896 2790 2973 Geistespyrotechnik befestigt hat. Die Maxime: rücksichtslose Un
2846 2932 2968 2985 Lebens¬
1730 2940 2770 3013 aller Gebote der Gesellschaft und der Sitten unter das Gesetz
2834 2969 2976 3024 der wir
1735 2984 2762 3051 genusses bildet den Salpeter dieser glänzenden Feuerwerkskunst,
2806 3015 2963 3065 in
1731 3018 2731 3077 die besten Effecte des „Portrait of Dorian Gray und der
1738 3055 2976 3122 wiedererkennen. Während in der modernen „Passante der Grundinstinct
1741 3099 2976 3165 des Genießenwollens alle Fesseln der Convention mit scharfer Dialektik zu
1744 3137 2980 3207 sprengen sucht, bricht er in „Salomé“ in seiner zügellosen Urform, dem
1741 3168 2979 3241 thierischen Brunstschrei der Begierde hervor. Mit meisterlichem Raffinement
1752 3211 2987 3285 hat es Wilde verstanden, die entsetzliche Gestalt der Tänzerin ums Haupt
1747 3247 2977 3321 des Täufers in den kostbaren Brocat einer farbenreichen Sprache zu hüllen.
1750 3283 2976 3366 Zwar ist der Einfluss Flauberts, ja vielleicht noch mehr der Gustave
1744 3322 2974 3400 Moreaus unverkennbar, aber das doch nur in den unendlich sorgfältig heraus¬
1752 3377 2973 3443 gearbeiteten Details; in der paradoxalen Hauptfigur offenbart sich die ganze
2823 3400 2937 3471 A. H.
1741 3433 2414 3489 Originalität des extravaganten Dichters.
1861 3485 2990 3572 Man schreibt uns aus Berlin: Das Deutsche Theater
1744 3541 2980 3613 brachte uns Arthur Schnitzlers vierartiges Schauspiel „Freiwild“.
1747 3578 2988 3653 Die äußere Handlung ist eine Duellgeschichte: ein Civilist hat einen Officier
1755 3622 2982 3697 geohrfeigt, der Officier fordert ihn, der Civilist verweigert die Genugthuung,
1758 3658 2991 3735 der Officier schießt ihn über den Haufen. Man kann zum Glück nicht sagen,
1750 3705 2991 3764 dass die Geschichte alltäglich ist, aber der Verlauf ist so selbstverständlich,
1750 3742 2998 3808 dass all die Duellgegner, die der Tendenz des Stückes Beifall klatschten,
1758 3786 2998 3853 schon im zweiten Act den ferneren Verlauf vorauswussten und voraussagten.
1758 3817 2996 3889 Von innerer Handlung ist nicht die Rede, da nicht Menschen, sondern Typen
1764 3859 3004 3933 sich auf der Bühne bewegen. Das Interessanteste an dem Stück war sein
1753 3889 3002 3969 Erfolg; ich meine nicht nur den lauten Beifall, den kann man bei einem
1767 3931 2996 4012 gewissen Publicum leicht haben, wenn's gegen Officiere und Duell geht,
1764 3972 2999 4044 besonders aber jetzt, wo der „Fall Brüsewitz" die Gemüther erregt und die
1760 4011 2996 4112 Frage actuell ist. Auch wer, wie ich, diese Natualität peinlich empfand,
