3436 4256
344 168 716 247 Freiwild
190 168 304 268 8.
894 164 1291 275 box 14/4
330 242 423 275 .
151 420 468 520 sch
354 445 1123 567 Budapester Abendblatt
333 531 598 600 11. 10. 1913
380 651 838 750 Magyar Szinház
576 724 794 799 „A préda
401 759 994 845 Freiwild“, Komödie in drei Akten
437 821 910 900 von Arthur Schnitte
282 880 994 958 Es geschieht im Ganzen soviel in
249 924 987 990 den drei Aufzügen: Der Kavallerie¬
1201 915 1899 1060 Ausschnitt aus der
243 975 997 1039 offizier Karinsky hat auf die anständi¬
1411 990 1713 1086 12 1. 1913
246 1031 997 1078 ge Schauspielerin Anna Riedel ein
1197 1021 1362 1103 vom
240 1061 999 1118 Auge geworfen. Für dieses Mädchen
240 1105 1002 1170 interessiert sich der Maler Paul mit
240 1149 995 1218 keuschen Empfindungen. Als dann Ka¬
1470 1167 1704 1252 A préda.
244 1193 1008 1258 rinsky vor Zeugen das Mädchen durch
243 1241 999 1304 verdächtigende Reden beschimpft, ohr¬
1203 1243 1959 1327 — A Magyar Szinház ujdonsiga.
249 1287 994 1353 feigt Paul den Offizier und verwei¬
1177 1311 2089 1373 A darab helyett kezdjk egyszer kivételesen a
246 1340 1003 1397 gert die ritterliche Genugthuung, als
1075 1360 2089 1449 szinésznovel. Schnitzler Artur drámája muy se ui
249 1380 1003 1445 die Sekundanten Karinskys bei ihm
243 1422 1004 1490 erscheinen. Er schlägt sich nicht, da er
1070 1422 2090 1486 és friss alkotas, idestova tizenhat esztendos. A szi¬
246 1463 1002 1539 es nicht verdienen würde, für eine
1070 1468 2091 1548 nésznó, a ki noi fószerepében ma bemutatkootta
246 1510 999 1579 Züchtigung sein Leben hinzugeben, die
1075 1524 2089 1594 Magyar Szinház köönségének, se sokkal id sebb.
246 1556 1000 1610 Karinsky seinerseits verdient. Der be¬
1075 1578 2089 1643 Vero Marta a neve, de e jócsengés szinházi né¬
251 1598 1004 1670 schimpfte, in seiner Existenz bedrohte
1075 1634 2077 1698 nélkul is feltinést keltene, mert de és vonzó meg
255 1649 1004 1728 Offizier schießt den Maler dann nie¬
249 1692 1000 1751 der, an dessen Leiche Anna Riedel ver¬
1075 1691 2089 1757 jelenésén, megyer egyéniségén kivil az igazi szin¬
255 1735 1004 1798 zweifelt, da Paul es gewesen wäre,
1075 1738 2082 1807 padi tehetés szantalan jelevel bizonyitotta kets
248 1781 1004 1842 der sie aus der jammervollen Existenz
1075 1790 2091 1860 telen hivatottsagt. Egyszersé, közvetellensés,
252 1821 1008 1881 einer tugendhaften und deshalb ver¬
1073 1850 2086 1904 benssé és szinte érés sugarzik játkábol es be¬
251 1866 1011 1932 folgten Schauspielerin herausgehoben
1079 1900 2086 1963 hizelgö, engedelmes orgánumát már most is me¬
253 1910 1004 1978 hätte. Das Theater wird einen großen
258 1959 1011 2014 Erfolg haben mit dem Debut Martha
1075 1957 2096 2021 lepoen kifejez változásokra tudja kormányoni.
255 2006 1006 2067 Verös, die als Anna Riedel, ihr En¬
1079 2010 2090 2078 A mit ma adott, még csak igeret, de régéta lit¬
258 2052 1004 2117 gagement am Magyar Szinhäz an
1082 2069 2093 2130 tun kedo szinsnot, a kinek feldsképessegeben
258 2094 1013 2149 tritt. Ein achtzehnjähriges Mädchen,
1075 2118 2089 2184 annyira me lehetett volna bini, mint a Ver Mar
252 2140 1015 2205 das überquillt von künstlerischem Fein¬
1082 2178 2096 2232 tában. Merre visz az uta; az przeles leśnyalakok
258 2187 1015 2244 empfinden und im Ausdruck innerer
1079 2224 2089 2285 ábrázolásával vagy a vivió asson, megvilá-
261 2226 1008 2293 Regungen staunenswerthe Subtilitä¬
261 2271 1011 2323 ten in durchaus individueller Art pro¬
1075 2280 2095 2345 gitásával lesze nagyobb sikere: ma kori
264 2314 1018 2377 duziert. Man hat es hier mit einem
1084 2332 2102 2398 von Bemutatkával kaput nytt
264 2369 1017 2431 superfeinen Darstellerinstinkt zu thun
1084 2381 2091 2451 magának, csöndesen, nesztelen sa köönsä
258 2404 1015 2469 und einer Persönlichkeit, die den Rie¬
1081 2442 2095 2520 fölfedezes es elismerés rômével nuotta felje a
264 2454 1015 2514 senschatten einer schier unberechenba¬
261 2507 1017 2555 ren Zukunst vorauswirft. Martha
1079 2495 1198 2559 keet.
258 2541 1020 2602 Verö wird die künstlerische Sensation
1183 2544 2099 2615 A szinszne, a kinek szerepét jätsza, predaja
261 2584 1016 2643 des heutigen Abends sein, der die Kol¬
1084 2606 2098 2674 lesz ket megrogott ellensées foliogas gylko kon-
270 2639 1017 2691 legen Csortos, Z. Molnár, Va¬
1081 2665 2098 2718 fliktusának, akárcsak a drámu ket höse, a kik ugy
264 2675 1021 2740 go, Pap, Kerteß, Tornai und
273 2730 1024 2779 Sebestyen mit bewundernder Lie¬
1075 2723 2098 2788 állanak szemben egymással, mint ket világ képi-
270 2770 928 2867 be als noble Statisten asistieren
1082 2772 2095 2827 seli. A préda cim nem jellemi ugy sorsukat, es¬
1084 2816 2098 2889 toba végzetüket, mint a német Freiwild: Schnitzler
1075 2880 2115 2937 szerint a fölfogás rabszolá dúvadai lesznek az
1075 2925 2104 2995 idegen valássterůlenek, akár a kedyk viszi, akár
1084 2981 2113 3044 a véleten sodori ket oda. Ezert bukik el A préda
1082 3032 2108 3102 hösněje és ket höse is. Az egyik, Rönning fest, a
1082 3085 2108 3145 civil-erköles oltalma alatt keresia holdogs got, a
1088 3146 2098 3211 másik. Karinski föhadnagy, a tisti beslet fana¬
1084 3202 1220 3264 tikusa.
1194 3245 2111 3306 A konfliktus kettejak közt a szinsnö. Riedel
1088 3304 2109 3364 Anna, miatt támad. A kis osztrák fürdahlen, a
1088 3353 2109 3415 hol a drama vezes hamarsaggal lejatszódik, a fo¬
1084 3412 2104 3476 hadnagy meg akarja hoitan a helybeli Ripacs-
1091 3474 2109 3535 szintársulat naivajat. Annat. A leany tistesseges és
1084 3510 2113 3576 bar maga is duvada a mocsárnak, a melben
1090 3575 2104 3646 élnie kell, silárd elhatározással a végsig vedel¬
1091 3624 2111 3700 mezi magat. Szereti a gazdag es függeten Rönnin¬
1088 3678 2109 3743 get, de szeremet csak akkor valla meg neki, a mi¬
1088 3735 2108 3800 kor a festö miatta arcus uti a föhadnagot is a par¬
1088 3787 2104 3856 baj elkerilhetellennek lätszik. Amde a párbajó
1091 3837 2118 3903 nem les semmi, mert Rönning nem akar eléglételt
1088 3896 2118 3960 adni a katonatszinek. Az 5 felfogása szerint ügt
1097 3949 2113 4007 vele elintzte: megfenyitette ésa katonaista
1084 4005 2115 4061 inzultura rászolgalt. Karinskinak azonban párbaj
1093 4061 2109 4122 kell mert párbaj nélkul vée a pályájának, a életé¬
2001 4113 2109 4172 an
1201 4106 1601 4176 Es wert in
2168 944 2277 1040 a
2135 1126 3142 1197 alighanem valban elavult es irojának hibaja, hogy
2135 1183 3147 1246 nem tudott örökerényt beléje rejeni, mert a ko-
2135 1237 3155 1303 felfogás változásával már nagyon sok szinpadi mu-
2138 1298 3154 1353 vet lattunk diadalmasan dacolni. Ez a drama nem
2138 1352 2900 1424 az effata erikes mek közl valo.
2246 1402 3151 1473 Csortos Gyula és Törz, Jenö mivés elle¬
2138 1462 3152 1548 dessel es éles karakterrajzzal geketek erthet vé és
2140 1508 3154 1567 elfogadhatová tenni ez élettel leszámolt katonatiszt
2138 1564 3158 1625 és az élettel szeszelyes játékot uz festo alakit.
2149 1618 3154 1693 Csortos dacos rezignaciója és Törz akaratos de¬
2140 1671 3155 1763 gessée, Vero Marta finoman rezonál jatkaval
2149 1727 3155 1790 egytt pompas hast bitositoit néhány jelenetnek.
2139 1781 3151 1843 Az ellentées fölfogások keresztutján alló Wellner
2147 1828 3156 1891 orvos es Rohnstedt föhadnagy szerepében Papp Mi¬
2144 1891 3154 1963 häly és Sebestyen Géza jeleskedet, de a humoros
2149 1944 3154 2009 epizódszerepek alakitilan — Réthey Lajos ki-
2156 1990 3156 2055 veelve — nem tellettavaralan muka vi¬
2149 2042 3151 2113 ki Ripacs-trupp tagiai, igaz, hogy Schnitzlerné
2186 2109 3160 2170 latosan riitä karrikatur, de a hoy gó,
2149 2158 3164 2231 kerts, Kordos es Haraszty Mici jásák zeket at
2146 2202 3160 2279 alakokat, az a karrikatura kifigurázása. En most
2149 2264 3165 2330 torzio, valmennyt als mögl
2147 2315 3163 2390 a sins angegeben mutta si-
2146 2379 3099 2452 nész-munka atelier illa memergezi az illuziot.
2252 2431 3163 2498 A bemutato köön velemmel, helyen¬
2153 2480 3167 2551 kent it reklidesse kierte a darabo es ele¬
2149 2529 3172 2599 adását és bo tapssal jutalmazta minden föivonás
2149 2591 3165 2652 után a szere Kööttük képpen Vero Martát,
2149 2647 3172 2726 a kit ketzer a ja alatt is zugó taps kisetki
2771 2696 3172 2780 Erényi Nandor.
2149 2708 2372 2792 sein padrol.
