3436 4448
218 224 392 331 8.
426 232 723 311 reiwi
197 1278 301 1330 und
388 1288 703 1386 die schriftliche
205 1322 294 1378 fang
220 1465 708 1534 erhält natürlich am
201 1508 708 1571 zum Duell. Wird er sie
203 1558 705 1630 denn er hat recht gethan,
193 1600 701 1659 echte, mit welchem Karinsky
194 1652 709 1713 prochen, habe er sie jenem
201 1690 704 1743 tenant Karinsky kann, ohne
201 1735 709 1797 Kaisers Rock nicht länger
225 1778 705 1840 hartnäckig verweigert, will
213 1820 707 1880 Er sucht seinen Gegner auf
221 1873 704 1919 auf seinem Entschluß ver¬
198 1910 708 1972 An der Leiche jammert die
198 1954 705 2005 das Alles geschehen und die
216 1996 709 2071 Verlobten auch das Glück
193 2060 707 2142 eues, was uns hier geboten
228 2139 704 2182 in denen das Duell eine
201 2175 708 2226 d wo es sich um das Duell
201 2217 708 2281 immer auch um den Begriff
218 2265 712 2325 hier doch vor einem neuen
198 2303 711 2364 an eine Duellforderung ab¬
193 2346 716 2405 Eltern oder nahe Angehörige
218 2391 716 2456 auch in dramatischer Form
193 2439 716 2496 delt worden, — ob man sie
193 2487 716 2533 se ablehnen darf, weil man
194 2524 722 2588 peil man das Leben so gern
198 2569 716 2623 ächte, das ist das Neue an
203 2615 717 2676 was dem Stück immerhin
194 2653 711 2714 sse verleiht. Der Verfasser
194 2700 712 2759 Frage, sonst hätte er Paul
187 2746 719 2805 en und sympathischen Zügen
193 2784 722 2837 sein Werk als litterarisches
187 2832 712 2885 ist die Hauptbedingung die,
187 2879 719 2939 strahirt, ob man nun jene
194 2917 719 2977 ssers unterschreiben will oder
190 2961 722 3038 nur die Aufgabe, die er sich
914 240 1303 328 box 14/3
811 1257 1862 1337 Gustav Wenn mit Frl. Elisabeth Karnatz, St. Pauli Eilbeck.
810 1316 1674 1359 Willy Hüde mit Frl. Alice Ann, Hamm-Billwärder.
803 1356 1752 1405 Max Nusbaum mit Frl. Elf Schulz, Hamburg=Altona.
812 1466 1862 1533 selbst gestellt hat, glänzend gelöst, so erfordert es die
807 1515 1863 1571 Gerechtigkeit, daß man auch für den Fall, daß man hin¬
814 1562 1868 1618 sichtlich der Tendenz des Stückes anderer Ansicht ist,
812 1600 1858 1661 seinem Werke immer seinen Werth beläßt. Leider kann
810 1649 1862 1705 ich aber nicht behaupten, daß Arthur Schnitzler seine
803 1691 1333 1754 Aufgabe glänzend gelöst hat.
896 1702 1872 1788 Paul Rönning könnte der Sohn des Grafen Trast
807 1777 1863 1827 aus Sudermann's „Ehre sein. Dieser sah nicht ein,
810 1820 1866 1872 warum er sich einiger „Dummheiten" wegen eine Kugel
807 1868 1373 1922 durch den Kopf schießen sollte,
1405 1862 1865 1925 — Paul Rönning sieht
810 1907 1862 1962 nicht ein, warum er, da er recht gehandelt, auf das Leben
810 1954 1866 2003 verzichten sollte. Auch das Geld hat Paul vom Grafen
812 1998 1865 2044 Trast geerbt. Aber dieser war alt und Paul ist
815 2040 1865 2097 jung. Und so hat Paul Rönning in seinen Adern doch
806 2083 1865 2131 auch einen Tropfen vom Blute desjenigen, der innerhalb
812 2131 1858 2179 der letzten zwanzig Jahre den allergrößten Einfluß auf
815 2169 1865 2219 die Ingend ausgeübt, — von Friedrich Nietzsche. Wenn
812 2217 1865 2266 Paul die Welt so schön findet, wenn er rücksichtslos über
815 2258 1858 2314 die Häupter der andern wegschreitet, so ist das Nietzsche's
812 2303 1865 2363 „Freude und Wille zum Leben" ebensowohl wie Nietzsche's
822 2346 1873 2401 „Grausamkeit. Nur das Schaffen-Wollen der Nietzsche'schen
822 2392 1865 2449 Philosophie fehlt ihm, da er selbst bekennt, daß er nur
812 2430 1870 2490 genießen will. Darin aber liegt der Hauptfehler dieser
812 2478 1874 2536 und der meisten übrigen Figuren dieses Stückes. Wenn
822 2520 1872 2576 auch in anderm Sinne, so wollen doch auch die Schnitzler¬
827 2570 1865 2626 schen Officiere und Schauspieler kaum etwas anderes als
822 2609 1868 2662 „genießen" — jeder auf seine Art. Man hört, wie Paul
819 2653 1862 2703 Rönning von der Schönheit des Lebens spricht; man hört,
819 2696 1865 2752 wie die Officiere von Sekt und galanten Abenteuern sich
822 2741 1862 2791 unterhalten, und man bekommt auch einen Blick in das
822 2782 1868 2830 Leben und das Herz der Mitglieder des Sommertheaters.
819 2825 1873 2878 Auf keiner Seite ein ernstes männliches Wollen. So hat
819 2874 1873 2934 Schnitzler auch keine Individuen von Fleisch und Blut
823 2916 1874 2977 geschaffen, sondern gewisse schablonenhafte Typen der
819 2958 1873 3015 menschlichen Gesellschaft, an denen man im Leben kalt
2361 1208 2919 1317 hatte, wurden nur
2335 1295 3019 1364 Kaiser bestimmte Spiesesaal im
1929 1249 3018 1415 it is in reich vollendet, der gan¬
1957 1347 2163 1410 Moni
1962 1466 3019 1524 und interesselos vorüberzugehen pflegt. Und wenn sie
1960 1508 2623 1566 nun gar auf der Bühne erscheinen?
2048 1542 3016 1621 Die einzige Gestalt, die einigermaßen ans Herz
1965 1600 3012 1657 greift, ist Anna Riedel. Sie möchte gern aus den
1971 1656 3012 1706 Verhältnissen heraus, die sie umgeben, aber sie kann nicht,
1965 1687 3015 1743 da sie verdienen muß, um zu leben. Fr. Doré wußte
1968 1733 3015 1786 dieser Figur, die freilich viel zu wünschen übrig läßt,
1968 1775 3012 1830 warmes Leben zu verleihen. Sehr behaglich allerdings
1972 1824 3018 1878 schien sie sich bei dem ewigen Seufzen und Schluchzen
1968 1865 3020 1914 ebensowenig zu fühlen, wie Herr Nihl in der Rolle des
1965 1904 3018 1964 Paul Rönning bei dem ewigen Ablehnen der Duellforde¬
1965 1956 3022 2007 rung. Insofern aber waren diese beiden Figuren noch
1965 1996 3022 2038 bevorzugt, als sie von dem Dichter doch nicht gerade als
1972 2037 3029 2097 typisch österreichische Personen gedacht sind. Das war
1968 2076 3020 2135 aber der Fall bei den Lieutenants Karinsky (Hr. Witt),
1968 2131 3020 2179 Rohnstedt (Hr. Hallenstein) und Vogel (Hr. Homann).
1975 2171 3018 2220 Allen drei Herren merkte man es an, daß sie im Wiener
1972 2215 3023 2269 Dialect und Wesen nicht so recht zu Hause waren. Daß
1977 2254 3018 2311 sie sich aber nach Kräften bemühten, aus ihren Rollen zu
1972 2296 3023 2349 machen, was zu machen wär, muß bei ihnen sowohl wie
1968 2345 3018 2394 bei den Herren Bozenhard und Flashar anerkannt
1975 2390 3024 2441 werden, welche den „Ehrenicoder“ auf der Bühne zu ver¬
1968 2430 3024 2479 treten hatten. Indem ich zum Schluß noch der Schau¬
1980 2471 3020 2536 spielertruppe des Sommertheaters gedenke — Hr. Brahm
1980 2519 3020 2574 spielte den Director Schneider, Hr. Görner den Re¬
1975 2555 3018 2618 gisseur Finke, Frl. Engl die Soubrette Pepi Fischer und
1980 2605 3018 2661 Frl. Schäffer die zweite Liebhaberin Kätchen Schütz,
1973 2650 3023 2696 indem ich aller dieser und auch der Regie des Herrn
1972 2695 3018 2745 Director Adolf Steinert rühmend gedenke, möchte ich
1975 2730 3024 2794 zugleich darauf hinweisen, wie schwer es ist, eine leicht¬
1972 2778 3029 2839 lebige Schauspielertruppe zu schildern, nachdem Goethe
1971 2821 3022 2878 im „Wilhelm Meister" ein Muster aufgestellt, das keines¬
1975 2867 3018 2923 wegs unter allen Unständen nachgeahmt werden muß,
1975 2916 3024 2978 das aber keineswegs so leicht nachgeahmt, geschweige denn
1975 2958 2434 3029 übertroffen werden kann.
