3436 4256
217 155 715 232 8. Freiwil
904 157 1322 251 box 14/3
322 213 421 270 .
515 229 616 261 .....
853 952 1305 1039 Deutsche Zeitung.
1774 959 2148 1044 5. Februar 1898.
2602 966 2774 1046 Seite 7
507 1014 1648 1109 Damenchor betheiligen wird. Unter der Leitung des Bundes¬
1679 1029 2812 1111 Kameraden zu retten, ein Scheindell vorzuschlagen, glaub
507 1089 1648 1169 chormeisters Ferdinand Habel werden Männerchöre von
1682 1094 2826 1160 lich zu machen; ein so unmögliches Gebilde kann nur in
500 1131 1650 1196 Waerent, Morley, Podbertsky, Weidt, Blümel, Koch
1682 1141 2826 1194 der Phantasie eines Menschen entstehen, der Ehrenhändeln
510 1186 1652 1230 J. Langentreu und gemischte Chöre von Haydn, Mendels¬
1682 1189 2837 1234 völlig ferne steht. Darum hätte sie aber Schnitzler auch nicht
507 1215 1652 1280 sohn und Schubert zur Aufführung gebracht. Die Orchester¬
1689 1227 1983 1290 schildern sollen.
2573 1230 2791 1285 A. Loch.
500 1263 1650 1334 begleitung besorgt die vollständige Concertcapelle Anton
1778 1276 2827 1341 Theater in der Josefstadt. „Aschermittwoch" von
510 1310 1039 1387 Sitter (vormals Fahrbach).
1691 1321 2826 1379 Hans Fischer und Josef Jarno ist ein toller Faschings¬
1689 1372 2819 1421 schwank, ein buntes Durcheinander absichtlicher und zufälliger
1686 1418 2827 1472 Verwechslungen, dessen Inhalt sich einfach darauf reducirt,
1682 1461 2827 1513 daß ein Lebemann, der Witwer und Vater einer erwachsenen
577 1426 1585 1529 Theater, Kunst und Literatur.
1689 1502 2129 1565 Tochter ist, bei seinem
2165 1505 2829 1561 letzten tollen Streiche von dieser
1682 1546 2832 1599 überrascht wird und sich bemüht, aus dieser unangenehmen
846 1515 1305 1611 Der Fall Burckhard.
2167 1589 2855 1672 um diese etwas abge¬
1686 1582 2138 1652 Lage herauszukommen.
587 1594 1643 1665 Von dem Herrn Hofschauspieler Hugo Thimig erhalten
1693 1628 2233 1701 de einigermaßen
495 1641 950 1723 wir folgende Zuschrift:
1681 1667 1873 1739 Situation
795 1681 1194 1773 „Löbliche Redaction!
1689 1716 1851 1774 Tochter,
1682 1761 1855 1815 Pensions
590 1735 1648 1807 Ich ersuche höflichst um die Aufnahme folgender Be¬
503 1790 1653 1848 richtigung. Aus meiner Erwiderung in der „Frankfurter
1681 1800 1853 1862 als Beg
1687 1846 1827 1916 bemüht
500 1843 1650 1901 Zeitung", welches Blatt die Anwürfe der „Zeit" gegen mich
1682 1891 1860 1949 ihr —
500 1889 1652 1942 abgedruckt hatte, schlich sich ein Druckfehler auch in
510 1931 1660 1983 Wiener Zeitungen ein. Derselbe erschien mir so durch¬
1687 1933 1862 1988 er sei ne
503 1976 1655 2029 sichtig, daß ich glaubte, mit einer Richtigstellung lediglich
1687 1978 1858 2036 davonge
1689 2020 1850 2077 die bei
507 2020 1652 2070 eine unfreiwillig komische Wirkung erzielen zu können.
1689 2065 1819 2123 Gattin
500 2061 1650 2116 Nun muß ich den Druckfehler doch richtig stellen,
1691 2107 1853 2175 Es wä-
500 2102 1655 2150 denn Herr Director Burckhard hat in zu meinem Er¬
1687 2148 1793 2204 unter
510 2148 1655 2199 staunen nicht erkannt. In meinem Briefe an die „Frank¬
510 2174 1856 2249 furter Zeitung" hieß es nämlich: „Richtig dagegen auszufüh
507 2237 1652 2283 ist es, daß im December des Herrn Directors
1691 2237 1862 2295 Tänzerin
510 2280 1879 2327 Burckhard und meine obere Behörde, als sie Kenntniß von wieder a¬
1686 2322 1863 2379 an ihren
500 2324 1655 2377 einer Reise erhielt, die mich in Familienangelegenheiten nach
503 2363 1863 2428 Dresden führte, mir den Auftrag ertheilte, an Herrn weg. Die
1689 2402 1838 2462 Glocke"
500 2399 1636 2457 Dr. Schlenther eine vertrauliche Voranfrage zu stellen.
503 2443 1875 2500 Durch ein Versehen hat nun der Setzer aus den Worten besonders
1682 2495 1863 2551 zu seine
500 2496 1650 2546 „des Herrn Directors Burckhard" die Worte „der Herr
1691 2539 1862 2595 eigentlich
503 2537 1648 2605 Director Burckhard" gemacht, so daß gedruckt in der
1686 2583 1873 2636 moralisch,
500 2583 1650 2634 „Frankfurter Zeitung" zu lesen stand: „Richtig dagegen
1694 2624 1873 2682 Pohl=Mei=
500 2628 1650 2675 ist es, daß im December der Herr Director Burckhard und
1689 2667 1863 2732 „Münche
500 2665 1655 2721 meine obere Behörde, als sie Kenntniß von einer Reise
1682 2713 1870 2764 waren an
503 2713 1648 2768 erhielt, die mich in Familienangelegenheiten nach
1691 2754 1856 2812 Fräulein
507 2754 1648 2805 Dresden führte, mir den Auftrag ertheilte, an Herrn
1689 2800 1875 2856 „Lachrolle
512 2802 1628 2846 Dr. Schlenther eine vertrauliche Voranfrage zu stellen.
1691 2839 1870 2899 Theaterdi
503 2839 1648 2896 Schon daraus, daß es hieß „erhielt" und „ertheilte, statt
1686 2885 1873 2942 Debutant
500 2885 1647 2952 „erhielten" und „ertheilten", wie es hätte heißen müssen, wenn
1684 2930 1867 2986 die Tocht
503 2930 1648 2981 es sich auf Herrn Director Burckhard und die obere
1686 2969 1872 3044 nicht und
503 2972 1648 3022 Behörde bezogen hätte, geht hervor, daß ein Druckfehler
503 3015 1647 3075 passirt war. Daß ich der Oeffentlichkeit hätte glauben
500 3059 1652 3117 machen wollen, auch Herr Director Burckhard selbst habe mich
1687 3044 1875 3128 morgen
500 3104 1647 3157 mit einer Voranfrage an einen Directionscandidaten betraut,
1686 3110 1873 3170 „In Beh¬
510 3145 1647 3208 erschien mir überdies zu absurd und zu lächerlich, um eine
1677 3153 1873 3220 beginnt u
510 3194 952 3254 Correctur zu verdienen.
592 3218 1648 3281 Mit Rücksicht auf die weiteren Mittheilungen des Herrn
1686 3238 1870 3305 (Sonnabe
512 3273 1648 3325 Dr. Burckhard bemerke ich Folgendes: Den vertraulichen
1689 3295 1879 3370 Franz wie
510 3320 1647 3383 Auftrag meiner oberen Behörde erhielt ich erst, als diese
507 3358 1648 3411 auf dienstlichem Weg Kenntniß von meiner mir von Herrn
1682 3375 1814 3448 abend)
510 3404 1652 3460 Director Burckhard bereits bewilligten Reise nach Deutsch¬
1682 3428 1875 3510 „Freiwild
507 3450 1648 3505 land bekam. Den Urlaub dazu hatte ich unter
510 3491 1643 3544 wahrheitsgetreuer Motivirung bei Herrn Director Burck¬
1689 3522 1862 3588 kurz vor
507 3534 1652 3587 hard erbeten, denn ich wußte damals noch nichts von
1681 3575 1877 3631 ball" un
507 3571 1648 3631 der mir bevorstehenden Mission. Nach meiner Rückkehr habe
1682 3617 1851 3677 Hortense
510 3619 1648 3670 ich mich ordnungsgemäß bei Herrn Director Burckhard be¬
1691 3653 1879 3716 heute Vor¬
510 3663 1647 3718 danken müssen und seine Glückwünsche zur Erledigung
1687 3706 1875 3759 konnte a
503 3704 1653 3767 meiner Privatgeschäfte empfangen. Ihm dabei von dem ver¬
1686 3749 1882 3803 erst Nacht
510 3750 1648 3798 traulichen Auftrage etwas zu sagen, den ich auf meiner
1682 3786 1870 3848 erfolgte,
507 3793 1648 3848 Privatreise mitbekommen hatte, war ich weder berechtigt
1682 3834 1873 3889 Fräuleins
503 3837 821 3890 noch verpflichtet.
590 3861 1855 3955 Im Voraus bestens dankend, mit ausgezeichneter Hoch- ebenfalls
1689 3923 1875 3991 gelangte
510 3923 836 3999 achtung ergebenst
1089 3947 1445 4032 Hugo Thimig,
1689 4008 1875 4071 Hans La
865 4008 1640 4069 k. und k. Hofschauspieler und Regisseur.
1689 4056 1892 4121 Heldenlie¬
590 4052 1647 4114 Aber, erlauben wir uns zu bemerken, hinter dem
1725 4102 1819 4156 la
1280 4107 1638 4156 an
396 4047 478 4104 om
399 4097 476 4144 ria,
