3392 4224
208 161 414 273 8. F
909 172 1322 273 box 14/3
486 175 748 298 wild
213 900 862 988 es unway, September
894 990 2005 1075 durch, daß er den Schlag bekommen, dadu, daß er ihn verdien
898 1064 2005 1122 hat, hat er sie verloren. Gerade dieser Mensch, der so viel auf
202 1030 656 1158 lleton.
892 1118 2000 1178 Ehre hält, hat die Ehre eines anderen Wesens leichtfertig besudelt.
894 1156 2005 1219 Rohnstedt entfernt sich mit einer angedeuteten Warnung. Rönning
202 1172 468 1268 Freiwild.
889 1207 2009 1263 hatte kurz vorher beschlossen, mit Anna den Badeort zu verlassen
894 1261 2012 1310 und sie zu seiner Frau machen, um sie aus dem verderbenden
208 1234 856 1335 on Arthur Schnitzler. Erste Auf¬
211 1299 712 1369 Theater am 4. Februar 1898.
900 1301 2007 1357 Milieu des Theaters zu retten. Die Warnung Rohnstedt's bewegt
898 1353 2012 1409 Rönning's Freund Wellner, ihn zur schleunigsten Abreise, zur
213 1346 856 1413 Paul Rönning ist eben von einer
894 1393 2003 1449 Flucht vor Karinski, zu treiben. Wellner nennt das die Konsequenz
208 1400 856 1452 und will jetzt nur leben, gar nichts
894 1447 2005 1499 der Anschauungen Rönning's. Aber dieser zieht die Konsequenz
217 1449 856 1501 er lebt. In dem kleinen Badeorte, in
903 1492 2005 1541 seiner Ansichten dahin, daß er bleibt, bleibt auch trotz der Bitten
202 1490 856 1564 det er eine Bekannte aus der Stadt,
900 1541 2007 1595 seiner Braut Anna. Was nun geschieht, ist vorauszusehen. Wohl
204 1539 856 1599 ters Anna Riedel, ein anständiges
894 1584 2005 1635 wappnet er sich gegen den Angriff Karinski's mit einem Revolver,
208 1588 856 1649 Gegensatze zu ihren Kolleginnen sowohl
892 1631 2003 1689 aber Karinski kommt ihm bei der Begnung zuvor und schießt
211 1640 860 1689 Direktors wie die Einladungen zu den
900 1673 2007 1749 Rönning nieder. Dieser stirbt als „Freiwild" für die eingebildete
208 1682 862 1738 hnt. Diese, die die jungen und schönen
898 1729 1496 1792 Ehre eines Lumpen im Waffenrock.
213 1732 862 1790 Freiwild“ betrachten, sind darob nicht
1004 1736 2003 1837 Das Schauspiel Schnitzler's hat, wie schon berichtet, einen
208 1779 856 1841 rektor, der ihr kündigt, weil sie ihm
894 1819 2005 1870 starken und verdienten Erfolg gehabt. Es bietet zunächst eine
208 1821 862 1879 ht" und seinen verehrten Freunden,
898 1870 2009 1924 köstliche und doch tiefernste Schilderung des Lebens der Kunst¬
202 1868 856 1931 über „unliebenswürdig ist. Sie hat
889 1913 2003 1969 proletarier beiderlei Geschlechts. Der Direktor des „Kunstinstituts,
211 1926 853 1982 hr fehlt der künstlerische Ernst, der
892 1964 2009 2016 der die Herren des Chors einfach hinausschmeißen will, denn in
208 1960 856 2023 zieren bis in die Nacht hinein zu
892 2005 2012 2063 der Operette brauchen wir absolut keinen Herrn; die Ritter, die
208 2016 860 2074 Offizieren stellt Anna am meisten der
894 2056 2014 2108 Verschwornen, die Gondoliers können alle von Damen gegeben
208 2056 856 2128 in Spieler und Schuldenmacher, der
894 2103 2003 2153 werden", auch sehen die Kerle so hungrig aus, daß sie das
208 2103 856 2164 gehauen, weil ihn dieser, ohne es zu
903 2141 2005 2204 Publikum verstimmen — und der die Entlassung der Anna Riedel
211 2155 853 2204 ls er erfährt, daß sich Paul für Anna
900 2197 2009 2253 sofort zurücknimmt, weil sie eine „Zugkraft" geworden, nachdem
204 2202 862 2271 beim Kaffeehaustisch aufs frechste und
894 2238 2005 2298 sich „das Publikum für sie, eine Naive, duellirt, dieser Direktor
208 2242 860 2303 er Anna fallen. Dafür schlägt Paul
211 2292 2012 2352 ins Gesicht. Karinski würde nun wird in zahllosen Exemplaren zu finden sein. Aber auch das, was
898 2341 2009 2395 den eigentlichen Konflikt in diesem Schauspiel ausmacht, der
213 2339 856 2410 wenn er seinen Säbel bei sich hätte,
898 2386 2007 2446 Kampf gegen das Duell und den Wahn der sogenannten Offiziers¬
202 2392 860 2468 sehen die Offiziere ohne Säbel. Die
898 2430 2012 2491 ehre, ist, wie wir finden, durchaus natürlich und lebenswahr dar¬
202 2435 524 2504 an ihn auch zurück.
898 2482 1998 2538 gestellt. Manche Rezensenten haben gemeint, daß Rönning
220 2455 860 2538 zum Duell kommen. Aber Rönning
900 2522 2003 2589 inkonsequent handle, weil er nicht fliehe, da er doch wisse, was
181 2520 853 2603 hießen zu lassen, und weigert sich trotz
894 2576 2012 2632 ihm bevorstehe. Ja, gewiß wäre es klug gewesen, aber hätte der
202 2576 856 2648 de, das Duell anzunehmen. Auch die
894 2621 2005 2677 Dichter Rönning als Tendenzpuppe auf die Bühne stellen sollen.
202 2623 856 2681 tenants Rohnstedt, der zu Rönning
894 2668 2005 2728 die ihre Reden gegen das Duell ableiert, oder hat er uns nicht
202 2679 865 2728 nicht dürfte, „als Mensch“ kommt und
894 2710 2005 2773 vielmehr einen Menschen, einen Mann zeigen wollen? Wir halten
204 2717 862 2769 bens. Rohnstedt weist darauf hin, daß
892 2762 2009 2811 es für sehr begreiflich, daß er nicht fliehen und den Vorwurf der
193 2762 860 2829 er nicht Genugthuung für den ihm an¬
898 2804 2005 2865 Feigheit auf sich laden will, obwohl er, von schwerer Krankheit
204 2811 862 2867 er müßte ehrlos quittiren. Aber Paul
898 2854 2012 2910 genesen und als Bräutigam das Leben nun doppelt gern hat.
202 2856 860 2916 Entschlusse: „Was ist mir denn dieser
900 2901 2009 2955 Und wenn ein siebenmalweiser Kritiker erklärt hat, als Gegner
208 2908 865 2964 Preis retten soll! Ich kann ihm so
900 2950 2036 3024 des Duells hätte er den Offizier selbst nicht schlagen dürfen, so
213 2948 871 3033 ich sie ihm nehmen konnte. Nicht da¬
2536 874 2809 948 gunt ersten
2121 905 3156 992 gen. Herr Direktor Perger scheint sich für den Manner¬
2047 1026 3149 1080 ist das einfach die Anschauung eines Eunuchen. Die Herrschaften,
2050 1068 3156 1127 die immer in den modernen Stücken Menschen sehen wollen, sind
2047 1120 3156 1178 nun beinahe entrüstet, weil der Dichter Rönning durch und durch
2050 1169 3158 1225 als Menschen handeln läßt. Das ist nichts Anderes, als die in
2050 1207 3158 1275 unserem Wiener Bürgerthum tiefeingewurzelte Hochachtung vor
2047 1261 3154 1315 dem Militarismus und seinen Brutalitäten. In Einem mögen
2041 1308 3152 1362 die Herren allerdings recht haben; einen Offizier, der für seinen
2045 1351 3158 1416 Kameraden bitten geht und sogar ein Scheinduell vorschlägt,
2043 1407 3149 1458 gibt es nicht. Die feine psychologische Motivirung des Autors
2050 1449 3156 1510 durch Rohnstedt's Verhältniß zu Karinski macht das nicht glaub¬
2047 1494 3156 1550 würdiger. Aber welchen Hieb versetzen doch die Herren Kritiker
2047 1543 3154 1608 dem Militarismus mit seinem Wahn- und Zunftzopf, wenn sie,
2047 1588 3156 1649 indem sie die Unmöglichkeit der Figur Rohnstedt's haarscharf be¬
2050 1635 3152 1693 weisen wollen, damit zugleich unfreiwillig erklären, daß in der
2047 1682 3060 1734 Armee jedes menschliche Fühlen und Denken erdrosselt wird!
2155 1705 3152 1785 Das Schauspiel Schnitzler's spricht trotz dieses Fehlers
2043 1776 3156 1841 aufs eindringlichste gegen das Duell und verurtheilt aufs schärfste
2043 1826 3156 1888 die Brüsewitzereien wahnwitziger Gesellen, die in Zivilisten“ nur
2050 1868 3156 1926 Freiwild erblicken. Um so eindringlicher, als es in seiner einfachen,
2041 1922 3152 1973 nie pathetisch werdenden Sprache und seiner natürlichen und doch
2043 1964 3152 2023 überaus spannenden Szenenführung ein Kunstwerk ist wie wenige.
2047 2016 3154 2076 Ein Stück sozialen Elends einerseits und ein Stück sozialen Irr¬
2050 2061 3156 2121 wahns auf der anderen Seite zeigt uns der Dichter, und ohne
2047 2106 3154 2162 selbst Partei zu ergreifen, zieht er jeden Ehrlichen auf die Seite
2047 2155 3154 2204 der Gegner eines barbarischen Ehrbegriffes und des Duells.
2047 2200 3167 2267 Dazu kommt, daß das Schauspiel ein echtes Wiener Stück ist.
2050 2242 3152 2305 Die Phantasie=Uniformen des Carl-Theaters haben dem Stücke
2050 2292 3167 2359 den Wiener Erdgeruch so wenig nehmen können, wie die Zensur.
2043 2341 3156 2399 die aus dem Buche sorgfältig alles strich, was auf Wien
2047 2386 2202 2453 hinweist.
2155 2417 3174 2498 Die Aufführung war, wie schon berichtet, eine durchaus
2038 2473 3158 2551 vorzügliche. Herr Reusch spielte den vom Autor ausgezeichnet
2050 2527 3158 2583 charakterisirten Lieutenant Karinski geradezu großartig. Herr
2043 2574 3161 2628 Klein als Rönning wußte mit den einfachsten Mitteln die
2043 2625 3161 2675 größte Wirkung zu erzielen. Für den Humor sorgten Herr
2041 2675 3158 2733 Tewele als Theaterdirektor, der zwar ein wenig parodirte,
2045 2724 3156 2773 ohne jedoch seiner Rolle zu schaden, und Herr Korff als
2047 2762 3158 2811 Duellhanswurst, der, wenn ihm einer ein Wörter sagt, sein
2043 2807 3161 2874 Buckerl macht und ihm seine Zeugen schickt. Und gut waren all¬
2041 2858 3152 2937 übrigen Künstler, einzeln und besonders in ihrem Zusammenspiele.
