3392 4384
108 156 218 246 8.
805 152 1211 250 box 14/3
361 152 609 258 wil
681 866 1034 974 Telefon 12801.
411 954 1296 1039 Unternehmen für Zeitungs-Ausschnitte
1388 977 1522 1062 Ausch¬
1363 1051 1467 1152 Nr.
566 1058 1136 1175 „OBSERVER
142 1122 1529 1251 I. österr. behördl. concess. Bureau für Zeitungsberichte und Personalnachricht
430 1207 1276 1322 Wien, IX. Türkenstrasse 17.
379 1312 1333 1395 Filiale in Budapest: „Figyelö", VIII. Josefsring 312.
140 1457 577 1559 Ausschnitt aus:
704 1471 1310 1611 Arbeiter Zeitung
724 1593 1113 1715 B. 1898
442 1641 577 1705 vom
373 1797 1368 1901 Carl-Theater. Das dreiaktige Schauspiel „Freiwild
253 1869 1381 1958 von Arthur Schnitzler, das auf deutschen Bühnen längst
257 1906 1379 2002 Heimatsrecht gefunden, ist gestern endlich auch in Wien, der Stätte
253 1951 1379 2050 des Schaffens seines Autors, mit großem Erfolge aufgeführt
251 2002 1372 2096 worden. „Freiwild“ ist ein kräftiges und packendes, tiefernstes,
244 2067 1370 2142 mehr noch: ein muthiges Stück, und deshalb mag es begreiflich
251 2099 1368 2182 sein, daß man in Wien so lange gezögert hat, es dem Publikum
248 2149 1368 2241 vorzuführen. „Freiwild“ nennt der Verfasser die armen jungen
248 2188 1365 2282 Theaterproletarierinnen, die von lächerlich niedrigen Gagen leben
244 2236 1365 2336 sollen, die oft große Talente sind, aber mit der Entlassung be¬
246 2283 1359 2366 droht werden, wenn sie sich nicht den Gönnern des Direktors hin¬
242 2343 1363 2418 geben. „Freiwild" sind aber auch jene Männer, die einen
239 2386 1361 2473 frechen Buben züchtigen und sich dann von diesem, weil
232 2423 1359 2528 sie sich nicht mit ihm duelliren wollen, niederschießen lassen
232 2483 1358 2568 müssen, weil dieser Bube, der seinen Lebenslauf in
232 2526 1358 2611 Mädchen verführung und Schuldenmachen erfüllt, zufällig in einer
227 2565 1358 2653 Offiziersuniform steckt. Man begreift, daß das Stück in diesen
235 2616 1347 2699 Tagen der Brüsewitzerei eine mächtige Wirkung üben muß, wenn¬
235 2676 1351 2758 gleich oder trotzdem der Autor den Zwang und den Wahn, in
230 2710 1349 2807 dem die Militärangehörigen leben und künstlich erhalten werden,
227 2758 1354 2846 nicht nur von der albernen, sondern auch von der sozusagen
221 2816 1347 2899 menschlichen Seite darzustellen versucht. Das Publikum wurde
218 2848 1345 2938 von der Tendenz des Werkes mächtig gepackt, und die schlagenden
218 2894 1347 2984 Ausführungen „Rönnings" gegen das Duell wurden wiederholt
218 2951 1512 3036 demonstrativ beklatscht. Die Darstellung war eine geradezu inclusive
219 2997 1340 3078 glänzende: Herr Meyer=Eigen als „Rittmeister Rohn¬
1388 3032 1492 3085 Porto.
1375 3059 1501 3101 Zahlbar
214 3050 1524 3138 stedt" wird aber gut thun, sein etwas zu starkes Pathos, das mit im Voraus.
214 3090 1326 3170 der einfachen Sprache und echten Natürlichkeit des Stückes
214 3138 1551 3228 gestern ein bischen kontrastirte, zu mildern. Sonst müssen wir sie ist das
214 3184 1328 3278 alle Künstler unbedingt loben. Auf das Stück kommen wir noch
1358 3205 1552 3266 eht es den
211 3230 423 3298 zu sprechen.
1358 3248 1473 3326 dern.
2156 883 2510 1000 Taleton 1891.
1887 989 2786 1094 Unternehmen für Zeitungs-Ausschnitte
2867 998 3053 1078 Ausschnitt
2830 1066 3043 1193 Nr. 25
2037 1081 2616 1202 „OBSERVER
1635 1175 3050 1273 1. österr. behördl. concess. Bureau für Zeitungsberichte und Personalnachrichten
1935 1237 2756 1356 Wien, IX/1 Türkenstrasse 17.
1827 1331 2834 1405 — Filiale in Budapest: „Figyel“, VIII. Josefsring 31a.
1632 1485 2083 1598 Ausschnitt aus:
2209 1487 2866 1648 Frankfurter Zeitung
1949 1634 2294 1795 von /
1878 1938 2889 2060 — Wiener Brief.) Aus W. wird uns ge¬
1827 1986 2890 2120 schrieben: „Die letzten Tage jeder Woche sind hier der Aufführung
1832 2066 2885 2149 neuer Stücke gewidmet. Gestern wurde Arthur Schnitzlers
1832 2105 2903 2191 gedanken- und farbenreiches Schauspiel „Freiwild im Karl¬
1834 2133 2899 2237 theater mit großem Beifall gegeben; in der Josephstadt
1835 2182 2924 2266 erheiterte die Posse „Aschermittwoch von Fischer und Jarn und
1818 2221 2813 2319 heute laufen in zwei Theatern neue Stücke vom Stapel.
2039 2874 2703 2970 Bezugs-Bedingungen.
1666 2944 2823 3027 Für 50 Zeitungsausschnitte (Artikel oder Notizen fl. 7.50
2885 2982 3036 3043 inclusive
2719 3004 2809 3057 14.—
2908 3036 3014 3071 Porto.
2574 3046 2846 3106 „ 25.—
2897 3062 3028 3103 Zahlbar
1745 3016 1830 3103 20
2566 3083 2839 3136 „ 55.—
2867 3087 3050 3136 im Voraus.
2595 3121 2802 3186 100.-
1689 3098 1830 3207 1000
1788 3156 3087 3228 Im Gegensatze zu anderen Bureaux für Zeitungsausschnitte ist das
1669 3209 3089 3276 Abonnement durch keine bestimmte Zeitdauer begrenzt; — auch steht es den
1669 3248 2995 3321 Abonnenten frei die aufgegebenen Themen zu ergänzen oder zu ändern.
