3436 4256
196 180 321 272 8.
331 171 446 285 Fr.
897 184 1309 268 box 14/3
929 758 1472 853 sich
897 779 2270 897 hinter ein noch in der Gährung befindliches Talent sich befindet. Die Stücke der
768 844 855 920 että
906 874 1606 942 schwanden nach zweimaliger Aufführung.
1016 880 2288 975 Das Carltheater hatte mit Arthur Schnitzler's dreiactigem
771 908 853 960 chen
770 946 863 1013 durch
906 920 2290 1020 Schauspiel „Freiwild“ eine sehr interessante Première. Das Stück hat seinerzeit
914 954 2290 1056 bei seiner Erstaufführung in Breslau durch die Demonstrationen, die gegen die
777 1003 866 1070 Uster
918 990 2288 1096 Tendenz desselben die dortigen Officierskreise ergriffen, Aufsehen gemacht. Es
777 1062 872 1108 sin.
912 1026 2290 1134 behandelt die leider wieder so sehr actuelle Duellfrage, die, wie es scheint, trotz
783 1098 874 1146 ilern
914 1077 2305 1176 allem Fortschritt und aller Cultur nicht aus der Welt zu schaffen ist. Der in
779 1140 876 1186 ilern
927 1110 2303 1212 jeder Hinsicht corrumpirte und ruinirte Lieutenant Karinsky verfolgt die junge,
783 1176 872 1227 trock¬
927 1150 2299 1250 ideal angelegte Schauspielerin Riedel mit seiner nichtswürdigen „Liebe, wird
785 1216 872 1267 sin
925 1189 2305 1288 von ihr zurückgewiesen und beleidigt aus Zorn ihren Freund, den reichen Maler
783 1250 880 1305 n, in
923 1224 2305 1326 Rönning. Dieser schlägt ihm ins Gesicht und verweigert das sodann geforderte
927 1256 2314 1368 Duell mit der gerechtfertigten Motivirung, daß er doch nicht dazu auf der Welt
790 1315 885 1381 Eine
937 1296 2305 1408 sei, um sich möglicherweise von einem Schurken, der nur seine verdiente Züch¬
942 1332 2316 1442 tigung empfing, niederschießen zu lassen. Karinsky lauert Rönning auf, trifft ihn
785 1366 884 1412 ranke
933 1372 2316 1488 auf der Promenade, und als Rönning wieder die Satisfaction verweigert, schietzt
792 1404 884 1452 rin),
794 1440 887 1495 t ist.
931 1412 2314 1526 er ihn nieder! Man sieht, daß der Autor tres seines guten Willens auch keine
792 1484 891 1531 anche
939 1450 2316 1562 andere Lösung der Duellfrage gewußt hat, die doch im Grunde genommen sehr
944 1484 2318 1592 einfach ist. Man weicht entweder solchen Menschenbestien, wie Karinsky eine ist,
804 1520 895 1571 ger¬
944 1533 2328 1632 ganz aus, oder aber, wenn sie einen anfallen, schlägt man ihnen nicht blos ins
798 1556 893 1609 I. D.
798 1596 901 1642 mer¬
948 1562 2320 1672 Gesicht, sondern schlägt sie einfach ganz nieder, wie man ein wildes Thier ja
800 1632 893 1678 ntlich
942 1602 2324 1706 auch nicht mit menschlichen Vernunftgründen unschädlich macht, sondern todi¬
950 1645 2333 1748 schießt. Das ist kein Mord, sondern gerechte und ganz selbstverständliche Noth¬
806 1674 895 1725 Tom¬
948 1682 2329 1780 wehr, für ideale Menschen natürlich, die nicht gleich wegen eines höhnischen
819 1710 908 1771 oder
956 1718 2328 1822 Blickes, mit dem irgend ein Dummkopf sie mustert, sich beleidigt fühlen. Herr
956 1763 2331 1862 Klein stellte den idealen Helden, den der Autor sonderbarer Weise von einer
800 1763 914 1839 u den
806 1826 912 1875 viel¬
808 1801 2333 1911 nun, Canaille vernichten läßt, mit der höchsten Lebendigkeit dar, besonders im zweiten
2134 2345 2552 2438 Deutsche Kunst= und
1096 2460 2487 2571 Act, wo er sich einigen Freunden und den militärischen Kameraden seines Feindes
1112 2518 2483 2601 gegenüber ausspricht und rechtfertigt. Auch die Scene, wie er der Schauspielerin
1108 2556 2481 2641 seine Liebe gesteht, spielte er warm und herzlich, mit Gefühlstönen, wie sie kein
1102 2594 2480 2677 Wiener Schauspieler besitzt. Die Herren Reusch (Karinsky) und Meyer¬
1102 2630 2480 2723 Eigen (Rittmeister) waren „schneidig" wie echte Preußen, obgleich ihre Uni¬
1121 2670 2489 2757 formen nicht ganz preußisch sich ausnahmen. Das Stück hat noch eine zweite
1108 2713 2487 2793 Tendenz, nämlich die Corruption in Theaterkreisen an den Pranger zu stellen,
1117 2746 2491 2833 und da gab es ganz heitere Scenen, die zu den ernsten in keinem guten Contrast
1117 2787 2493 2873 standen. Herr Tewele war ein köstlicher Schmierendirector. Das Stück fand
2185 2822 2470 2886 O. v. Kapff.
1117 2854 1526 2926 demonstrativen Beifall.
1317 2937 1936 3048 la
