3436 4384
834 86 1241 193 box 14/3
137 84 666 211 8. Freiwild
478 875 2523 956 Unbeschnittene Theaterberichte des Dr. Hahn.
2043 946 3058 1023 wirklich für jeden schwarzgelben Oesterreicher empörend.
995 954 1997 1025 gesinnt sind, haben ihrem Ekel gegen Aaron's Stück
130 954 941 1040 Theater.) „Freiwild." Sauspiel von Aaron
2035 1012 3055 1053 Wo sind denn die berufenen Vertheidiger der Armee? Der
987 1007 1994 1058 kräftigen Ausdruck verliehen und sogar die Judenzeitungen,
2038 1048 3055 1096 Herr Melingo und das „Armeeblatt" stecken selber bis
990 1053 1992 1104 die klügere Referenten als den Felix Salten und den Ehren¬
140 1045 939 1101 etto=Welt, in der man so gerne höchst coura¬
2043 1091 3047 1140 an den Hals im Judenthum drinnen und von sonst be¬
992 1091 1994 1142 juden Chiavacci haben, lassen die krummen Judennasen
137 1091 944 1142 n, dann aber um keinen Preis Genugthuung
2040 1127 3055 1178 rufenen autoritativen Factoren rührt sich auch Niemand,
990 1132 1890 1188 betrübt hängen ob der gräßlichen Blamage Aarons.
181 1135 941 1183 hatte sich letzten Freitag wieder vollzählig
2038 1168 3055 1218 um dem Herrn Ritter von Jauner energisch auf die
145 1160 944 1218 auner versammelt, um sich an den Orfeigen,
1063 1175 1994 1246 Doch weniger von den Bekenntnissen und Anschauungen
2045 1208 3055 1249 Hühneraugen zu treten. Ist es möglich, daß es in der
137 1203 939 1277 auernswerthe Officiers=Watschenmann Reusch
987 1229 1989 1302 einer feigen Judenseele über das Duell, als vom „Frei¬
2045 1244 3052 1287 Residenz des allerhöchsten Kriegsherrn ein Theaterdirector
160 1246 903 1292 über sich ergehen lassen mußte, zu ergötzen.
995 1280 1430 1343 wild“ wollten wir reden.
2045 1285 3055 1328 wagen darf, allabendlich die Darsteller von Officierstypen
145 1280 939 1335 geborenen Duell=Gegner der Leopoldstadt
2045 1325 3060 1371 abohrfeigen zu lassen und dadurch einen Brand zu
148 1330 936 1371 um Aaron's Theorie vom Heroismus der
1066 1320 1992 1389 Wer ist das „Freiwild“ und wer die Jäger? Nach
2043 1361 3058 1407 verschulden, bei dem mehr als das Ringtheater, bei dem
145 1369 944 1412 Verweigerung auf das wüthendste zu be¬
990 1381 1994 1437 der Meinung Aaron's sind Provinz=Schauspielerinnen das
2043 1399 3065 1468 das Ansehen und Prestige der Armee in Flammen
155 1404 944 1455 dieselben Juden, die sich über die Absprechung
987 1419 1994 1465 „Freiwild“ und Officiere die Jäger. Nach dem Talmud
2045 1437 2236 1503 aufgeht?
145 1447 931 1488 ctionsfähigkeit durch die arische Studenten
990 1465 1992 1514 hingegen sind alle Nichtjuden das „Freiwild“ und
137 1483 939 1531 r kränkten, klatschten sich die schmutzigen Hände
2121 1483 3060 1536 Man muß sich ja heutzutage bei¬
987 1498 2002 1549 alle Juden sollen die auserwählten Jäger sein und das
145 1521 939 1569 lown Klein, nachdem er den Clown Reusch
2043 1531 3058 1582 nahe schämen, Officier zu sein; und ob
995 1542 1997 1590 Stück Aaron's selbst ist der beste Beweis dafür, indem der
155 1564 946 1608 hatte, großartig erklärte, er habe ganz einfach
2045 1572 3060 1618 wohl dem Kaiser berichtet wird, welches
990 1577 1999 1638 Lieutenant Kazinski durch alle Phasen der Verzweiflung
148 1603 946 1669 h erschießen zu lassen und Reusch möge seine
2050 1615 3058 1659 Schindluder die Judenliberalen und
992 1615 1798 1679 gehetzt wird, bis er direct zum Mörder wird.
148 1638 832 1709 ruhig behalten und nach Hause tragen.
2050 1656 3065 1709 ihr Spießgeselle Jauner mit seinen
1053 1666 1994 1717 Was aber speciell die Frauen und die Frauenehre be¬
244 1671 936 1727 sollte eigentlich „Bekenntnisse
2053 1692 2605 1755 Officieren treiben?
990 1702 1997 1763 trifft, so ist noch niemals ein Officier in der Gerichtssaal¬
150 1717 936 1763 igen Judenseele" heißen, denn un¬
2129 1730 3060 1804 Bei dieser Gelegenheit vermögen wir nicht eine Remi¬
987 1755 1997 1798 rubrik der Tagesblätter vorgekommen, während es darin
145 1763 939 1806 immer und brutaler sind niemals die Ge¬
2043 1778 3058 1842 niscenz zu unterdrücken, die geeignet ist, ein Fingerzeig ge¬
992 1791 1994 1842 alltäglich von geilen Judenbuben wimmelt, die wegen Ehe¬
140 1798 944 1847 Indenschaft ausgesprochen worden und zumal
2050 1832 3060 1877 bendes Streiflicht auf die Keckheit zu werfen, derartige
995 1829 1999 1877 bruch, Verführung, Nothzucht und anderen scheußlichen
145 1839 944 1880 stische Zug mit dem proponirten Schein=Duell
2053 1870 3055 1915 Stücke continuirlich, ja principell zur Aufführung zu brin¬
995 1872 1997 1921 Sittlichkeits Delicten verurtheilt werden, und was kleiner
145 1877 944 1923 In tief in die Judenseele blicken. Durch und
2053 1908 3068 1961 gen. Als man in einer einzigen relativ harmlosen, wenn
992 1913 1999 1956 beleidigende Judenfrechheiten und Juden=Insulten gegen
155 1915 936 1964 sein und doch satisfactionsfähig sein wollen
2045 1946 3063 1994 auch nicht sehr taktvollen Coupletstrophe in einer Posse
995 1949 1999 2002 Frauen und Frauenehre anbelangt, da weiß der Wiener
153 1954 944 1999 urch feige sein sein und doch in Schein=Duellen
2043 1984 3063 2035 eines durch und durch schwarzgelben Autors eine verletzende
995 1989 2004 2040 ein Lied davon zu singen. Die Zeiten sind ja längst vorüber,
153 1994 939 2043 olle spielen wollen: das ist das hölzern
2043 2027 3063 2073 Kritik der Armee erblicken zu sollen glaubte, wurde dem
995 2030 1999 2076 wo der Officier der „verfluchte Kerl war. Heute spielt den
150 2032 944 2076 die Juden mit dem ganzen Aufwand ihrer
2050 2063 3065 2109 betreffenden Theater — es war dies das Theater an der
995 2068 2002 2114 „verfluchten Kerl ausschließlich der Judenjüngel und der
155 2068 941 2116 Juden Casuistik so gerne darstellen möchten
2055 2101 3058 2144 Wien — sofort von Seite des Obersthofmeister¬
995 2104 2004 2152 lausigste Judenbub betrachtet in Wirklichkeit jedes arische
155 2111 944 2157 m unmöglichen Beginnen blamiren sich die
2055 2139 3063 2190 Amtes das Hoflogen=Abonnement gekündigt und
990 2144 2004 2193 Weib als sein „Freiwild". Das ist die thatsächliche
150 2147 936 2198 lich bis auf die Knochen. Selbst die schlitz
2045 2177 3055 2231 erst nach Jahren gelang es der Direction, das Wieder=Abon¬
990 2185 1804 2238 nüchterne Prosa zur Schnitzler'schen Phantasie.
155 2188 936 2233 kellockigen Schönen Israels sahen bei der Erst
2045 2218 3060 2261 nement der Hofloge auf dem Petitionswege durchzusetzen.
1076 2208 2002 2269 Und nun noch ein Wort. Uns geht ja die Geschichte
150 2228 949 2279 pre klatschenden Gatten und Brüder ziemlich
2050 2261 3058 2322 Es war dies eine empfindliche pecuniäre, aber noch empfind¬
995 2249 1999 2310 nicht viel an, wir sind ja kein Militär=Fachblatt, sondern
155 2266 936 2315 d die Officiere auf der Bühne und im Par
2053 2294 2528 2368 lichere moralische Remedur,
995 2302 1999 2350 ein antisemitisches Volksblatt, aber was seit letzterer Zeit
163 2302 949 2356 freundlich an; Blätter, die als ausgesprochene
995 2340 2004 2391 mit der Lemee im Carl-Theater getrieben wird, ist schon
160 2345 959 2422 sane dem Officier nicht sonderlich freundlich
2063 2409 2511 2503 Weingärten,
560 2417 2032 2501 „Wien hat nicht nur Häuser, sondern auch
664 2493 2427 2584 sagte Dr. Lueger in Abwesenheit des Ackerbauministers auf dem Weinbauern-Tag.
