3436 4448
236 176 737 285 8. Freiwil
925 178 1331 276 box 14/3
1505 937 1892 1004 Telefon 12801.
1052 1029 2344 1138 Alex. Weigls Unternehmen für Zeitungs-Ausschnitte
2065 1103 2197 1163 Ausschult
2096 1134 2339 1250 Nr. 95
1393 1119 1991 1266 OBSERVER
1078 1159 1265 1266 105
994 1252 2406 1331 I. österr. behördl. conc. Bureau für Zeitungsberichte u. Personalnachrichten
1173 1314 2235 1400 Wien, IX. Türkenstrasse 17.
1396 1393 2033 1486 Filiale in Budapest: „Figyel-
999 1469 2408 1535 Vertretungen in Berlin, Chicago, Genf, London, Newyork, Paris, Rom, Stockholm.
995 1590 1479 1688 Ausschnitt aus:
1553 1607 2190 1745 Breslauer General-Anzeiger
1017 1725 1513 1836 von 120
1449 2100 2072 2197 Theater und Musik.
2102 2156 2381 2281 10
1551 2181 1954 2269 Deutsches Theater.
1243 2237 2100 2300 „Freiwild. Komödie von Arthur Schnitzler.
1243 2267 2369 2337 Nachdem die ernste Muse in letzter Zeit mit Erfolg im Deutschen
1173 2307 2367 2374 Theater zum Wort gelangt war, wagte die Direction den Versuch,
1178 2364 2374 2415 Schnitzlers Komödie „Freiwild“ herauszubringen; leider ohne alles,
1166 2406 2366 2448 Glück; das Theater war am „Premièren=Abend derartig leer, daß
1166 2441 2366 2503 wir uns höchlichst wunderten, daß überhaupt gespielt wurde. Daß
1163 2478 2357 2522 die Darsteller vor leeren Bänken zu keiner eigentlichen „Begeisterung
1163 2513 2369 2562 kommen können, ist erklärlich und verständlich, und damit seien viel¬
1168 2561 2369 2605 Mängel im Voraus entschuldigt. Schnitzler ist einer der talentvollsten
1043 2543 1126 2633 Für
1163 2591 2371 2640 und sympathischsten unserer modernen Dichter; ein feinsinniger Pi¬
1166 2626 2378 2677 chologe und Hasser aller Scheinmoral, geht er scharf gegen die Schäden,
1170 2666 2369 2708 in der sogenannten guten Gesellschaft vor und zieht mit rücksichts¬
1163 2703 2366 2754 loser Offenheit den Schleier fort von Unnatur und Lüge. In „Frei¬
1157 2738 2369 2784 wild führt er uns zu einer kleinen Theatergesellschaft, Schmiere vom
1163 2763 2422 2823 reinsten Wasser. Zu den Mitgliedern derselben zählt auch ein junges
1020 2809 2425 2865 Abonn Mädchen, das, talentvoll und begeistert für die Kunst, trotz der schlech¬
1025 2851 2371 2914 Abonnten Beispiele der Colleginnen und vieler Versuchungen seine Reinheit
1163 2890 2383 2934 bewahrt hat. Aber wer glaubt es? So ein „Mädel gilt ebenso wie
1166 2928 2425 2979 die meisten der im Kampf ums Dasein sich mühenden Frauen als je
1175 2963 2417 3014 „Freiwild“, auf das beliebig Jagd gemacht werden kann. Die Herren u¬
1024 2956 1138 3030 Anna
1163 3000 2420 3051 Officiere, die in diesem Kreis verkehren, denken wenigstens so. Ein
1034 3027 2422 3088 der junger Maler aber tritt für die Ehre der Dame ein, zuchtigt den Be¬
1031 3062 1136 3115 wodu
1163 3076 2427 3138 leidiger und wird „selbstverständlich gefordert. Er lehnt das Duell en
1031 3102 2366 3155 des ab und sein Gegner, der wegen verweigerter Satisfaction den Abschied
1038 3148 2374 3213 werde nehmen muß, erschießt ihn hinterrücks. Das Werk ist interessant und
1163 3190 2362 3238 spannend vom Anfang bis zum Ende, wenn — es gut gespielt wird.
1170 3226 2369 3270 Aber damit wollen wir in Anbetracht der Verhältnisse nicht rechten,
1166 3264 2369 3312 sondern nur die heute erwähnen, die ihre Sache „brav, gemacht
1166 3306 2366 3350 haben. Da sei zuerst Herr Belling genannt, der, mit dem öster¬
1166 3338 2366 3379 reichischen Accent vertraut, einen flotten Husaren-Leutnant Vogel
1166 3375 2374 3428 gab. Eine recht annehmbare Leistung bot Fräulein Niehl als Anna
1163 3410 2362 3461 Riedel; sie hatte besonders in den Scenen mit dem Maler Rönning,
1166 3451 2366 3496 den Herr Director Gerlin spielte, recht glückliche Momente. Herr
1163 3486 2353 3537 Meder sei als Oberleutnant Rohnstedt deshalb lobend erwähnt, wei¬
1163 3526 2353 3570 er mal ausnahmsweise besser sprach und auch sonst ganz „patent
2228 3567 2323 3621 E
1145 3565 1759 3628 war. Der Rest sei — Schweigen!
