3436 4448
849 209 1259 323 box 14/2
153 209 696 325 8. Freiwild
488 793 585 866 262
1031 801 1909 876 BERG, DAS THEATER IN WATER 189697.
483 900 1434 995 seine Fauste, die gegen die Kirche schlagen
1475 905 2438 995 auf dem Titelblatte der Buchausgabe sagt
493 966 1431 1038 thun ihm nur selber wehe, sein Hauch, der
1485 975 2431 1041 mehr als Heinrich allen seinen Reden,
480 1004 1439 1082 die Mauern einblasen soll, schwacht nur seine
1485 1034 2436 1092 die fast immer gegativ bleiben (abgesehen
485 1068 1439 1126 Lunge. Seine Rede wird haltlos und sie kommt
1482 1080 2438 1133 von dem natürlich, was sie gegen seine Frau
478 1121 1439 1174 auf das Bekenntnis hinaus: ich weiss nichts
1475 1133 2436 1184 und Freunde sagen sollen.) Das Schlimmste
483 1167 1441 1230 mehr zu sagen. „Ich weiss nicht, wer mich
1475 1162 2434 1242 aber ist, dass Hauptmann hier auch seine Dar¬
483 1211 1431 1288 zwang, doch zwang mich was." So pflegte
1478 1233 2434 1283 stellungskunst im Stiche gelassen hat. Ausser
476 1257 1439 1339 bisher nur Wildenbruch seine Helden reden
1475 1269 2438 1334 der alten Wittichen ist keine einzige Gestalt
478 1310 1431 1378 zu lassen. Hauptmann hat etwas sagen wollen,
1475 1330 2431 1388 so dargestellt und charakterisiert, dass man
483 1364 1429 1422 aber sein Gedicht ist nichts als eine einzige
1485 1368 2424 1429 sie sahe und an sie glaubte, wie sonst an Haupt¬
483 1398 2429 1480 Elegie über das Thema: „Mir gab kein Gottmanns Menschen. Das berühmte Rautendelein,
483 1461 1434 1521 zu sagen, was ich leide." Und weil er nicht
1473 1468 2431 1533 das dem Drama den Theatererfolg verschafft
480 1514 2429 1587 wusste, was er sagen sollte, redete er um so hat, ist ein Zwischending zwischen Mensch
476 1541 2426 1635 mehr, man das nicht verstand, hat und Naturgeist, wie das ganze Drama zwischen
473 1609 1441 1660 man gesagt: die Versunkene Glocke" sei der
1490 1611 2429 1681 Wirklichkeit und Märchenhaftigkeit hängen
483 1640 1444 1711 Faust der Modernen man ja auch zur Zeit
1475 1660 2434 1723 geblieben ist. In der Symbolik hat ich der
473 1706 1431 1761 nicht verstanden hat und steilenweise heute
1475 1711 2429 1771 Dichter vergriffen. Sein Held ist ein Glocken¬
478 1749 1434 1805 noch nicht versteht. Und weil sich Haupt¬
1478 1769 2429 1839 giesser, und er thut, als wären noch nie Kirchen
483 1803 1434 1863 mann am Ende selber nicht mehr erstand,
1470 1825 2426 1875 auf Bergen erbaut worden. Des Glocken¬
473 1849 1429 1902 hat er statt eines realistischen ein Märchen¬
1478 1851 2421 1914 giessers Werk aber schwebt immer in der
483 1900 1429 1953 drama geschaffen, diese neueste Mode, Ge¬
1482 1909 2426 1970 Höhe. Und was soll dies Werk einem Meister,
478 1963 2424 2026 schaffen hat er sie nun eigentlich nicht, auch der schaffen will über das Christentum hinaus,
483 1994 1429 2055 Fulda nicht, der ihm mit dem „Talisman" vor¬
1470 1999 2426 2065 also doch eine Kirche? Das Bild von der
473 2043 1429 2099 anging. Das Märchend ist vielmehr
1478 2055 2426 2123 versunkenen Glocke ist herrlich und tiefsinnig,
473 2079 1441 2147 die eigentlich romantische Kunstform, ist
1470 2099 2419 2169 aber das Gleichnis von dem Glockengiesser
473 2147 1436 2210 aber so alt fast wie das deutsche Drama
1470 2150 2419 2213 ohne Sinn und Gehalt; einen Baumeister hätte
466 2184 1429 2256 selber. Gewissermassen ist es die Ablösung
1475 2203 2424 2261 man eher verstanden, der sich gegen die Kirche
473 2237 1429 2298 des religiös mythologischen Draas, ve ja
1470 2256 2419 2317 auflehnt und heidnische Werke schaffen will
483 2290 1431 2349 das Märchen selbst nur verirrte Mythologie
1473 2300 2419 2380 Tempel oder die neue Kunst des neuen Men¬
473 2332 1431 2400 ist. Es wurde die Exemplifizierung allgemei¬
1468 2356 2417 2412 schen, das Werk des Übermenschen. Aber
478 2385 1429 2443 ner menschlicher Leiden und Kämpfe die
1475 2402 2419 2458 wieder auf den Baumeister passte nicht die
488 2436 1427 2504 Verlebendigung und Naturerfüllung der Stroher¬
1470 2448 2424 2514 Sehnsucht nach dem Quelle der Märchenpoesie:
471 2489 1434 2550 nen Allegorie, welche die Symbolik verzopfter
1558 2494 2375 2555 „Es singt ein Lied, verloren und vergessen,
1548 2531 2237 2589 Ein Heimatlied, ein Kinderliebeslied,
478 2538 1429 2594 Gelehrtendichtung war. Der „Faust" ist das
1548 2577 2298 2620 Aus Märchenbrunnentiefen ausgeschöpft.
480 2586 1431 2654 grosse Ereignis dieser Gattung, Kleists „Kath¬
1553 2596 2419 2681 Das wieder ist die Sprache eines Dichters,
473 2632 1419 2691 chen von Heilbronn, Hebbels „Genoveva
1555 2666 2424 2730 sich vom konsequenten Realismus befreien
473 2681 1431 2751 die tiefsten Versuche der Art. Bei Fulda wird
1468 2708 2419 2780 will. Auch sonst geschieht vieles in dem
471 2722 1429 2797 das Märchen eine Fabel à la Gellert oder Rückert,
1473 2759 2419 2814 Drama, das keiner von des Dichters Parakleten
478 2778 1427 2836 die er buchstäblich auf die Bühne bringt, für
1470 2800 2419 2865 enträtseln kann. Heinrich stirbt, „der Sonne
483 2822 1427 2899 Tieck war es das Vehikel der sogenannten
1470 2853 2419 2921 ausgesetztes Kind", wie er sich selbst einmal
471 2875 1429 2948 romantischen Ironie. Bei Hauptmann verrat es
1473 2912 2419 2965 sehr hübsch nennt. „Die Sonne kommt, jubelt
476 2924 1427 2989 wieder seinen tiefen religiösen und mythischen
1473 2958 2421 3026 ihm Rautendelein zu, und verworren, wie sie
473 2965 1427 3035 Ursprung. Und das ist das Interessante an
1473 3009 2198 3069 getönt, klingt diese Dichtung aus:
473 3028 1427 3091 der Sache. Seine Kleine-Leute-Religion schut
1470 3050 2123 3110 „Hoch oben: Sonnenglockenklang
473 3074 1427 3140 das „Hannele", der Mythos vom Übermenschen
1463 3079 2419 3154 Die Sonne. Sonne kommt! Die Nacht ist lang.“
473 3108 1417 3191 gab ihm „Die versunkene Glocke, Aber
1541 3127 2419 3195 Das ist schwere Traumlyrik, kein Drama, es
473 3171 1419 3234 Heinrich ist kein Übermensch, nicht einmal
1470 3171 2419 3239 schläfert ein, es ermüdet. Lyrik, die sich nicht
473 3215 1429 3280 ein Mann, sondern ein schwacher schwanken¬
1470 3227 2414 3295 löst von der Gemütsstimmung ihres Erzeugers,
473 3278 1419 3346 der Mensch, der ins Licht will, aber in di¬
1470 3288 2421 3348 befreit weder Hörer noch Redner, sondern macht
473 3312 1419 3385 Finsternis hineinstolpert. Der Dichter sehnte
1473 3329 2412 3397 nur beiden Pein. Hauptmann ist so wenig Dra¬
471 3368 1429 3436 sich heraus aus der dumpfen Atmosphäre des
1470 3372 2414 3443 matiker wie Wildenbruch; der eine ist es gewor¬
473 3419 1429 3474 sozialen Elends, die aber sein Lebenselement
1475 3426 2414 3494 den, weil der Maler, der andere, weil der Rhe¬
471 3462 1419 3530 ist; in jedem zweiten Verse ist von Licht
1463 3462 2409 3533 toriker in ihm nach den Theater verlangte. Aber
473 3520 1429 3574 Sonne, Tag die Rede, die Formeln des deut¬
1463 3523 2412 3584 so nahe wie hier, standen sie sich bisher nirgends.
476 3569 1422 3635 schen Sonnenkults klingen überall an. Hein¬
1463 3579 2419 3635 Hauptmann konnte Menschen auf die Bühne
463 3608 949 3690 rich selbst ist Baldur.
1463 3610 2419 3690 bringen, Wildenbruch konnte Scenen aufbauen.
541 3649 1424 3724 Aber damit wird es nicht Licht in ihm
1463 3666 2424 3732 In den letzten Werken haben sie ihrer Tugen¬
478 3688 1427 3778 und über ihm. Nietzsche hat ihm sein Gemüt
1470 3729 2426 3792 den vergessen und haben selbst den Schein
483 3763 1417 3829 verwirrt. Ein von einem Pfeile getroffenen
1473 3775 2419 3836 von Dramatik von sich gethan. Sie sind in
476 3802 1422 3892 Schwan, das Tier Baldurs und Lohengrins
1461 3819 2419 3906 Bezug auf Dramatik nichts mehr als die Be¬
3081 924 3217 1000 herrs.
3079 987 3217 1053 Selbst
3089 1038 3210 1102 würdi
3084 1085 3217 1150 wegge
3084 1135 3239 1194 Packen
3091 1182 3224 1247 4.
3089 1233 3227 1296 und
3084 1279 3198 1342 die
3076 1330 3166 1393 aus
3081 1376 3234 1439 werden
3067 1424 3169 1492 en
3081 1478 3232 1541 ausge¬
3079 1524 3261 1589 getreuen
3076 1567 3241 1638 nach
3081 1674 3186 1737 von
3081 1718 3191 1778 drie
3089 1769 3198 1829 Mo¬
3079 1820 3254 1885 die das
3089 1868 3195 1931 von
3084 1914 3241 1977 die Re¬
3081 1965 3232 2031 einer
3074 2028 3188 2123 Vor¬
3069 2705 3161 2766 gro¬
3069 2795 3205 2861 nicht
3069 2848 3212 2914 da auf
3069 2897 3193 2958 Das
3074 2943 3224 3004 Gother
3074 2994 3232 3057 Liebe
3076 3047 3232 3113 lichen,
3072 3096 3239 3159 eine un
3069 3147 3239 3205 seines
3076 3191 3251 3249 Tode in
3069 3237 3241 3305 Aufgabe
3069 3292 3256 3360 halb ein
3072 3341 3241 3419 es ist
3142 3389 3237 3450 Das
3069 3419 3239 3506 technisse
3072 3489 3229 3554 welcher
3072 3537 3198 3598 regun
3067 3581 3241 3647 danken
3072 3635 3178 3693 desh
3076 3683 3164 3744 jung
3079 3739 3161 3790 ung
3076 3780 3188 3846 Wind
3081 3829 3178 3904 laute
