3436 4448
175 171 575 287 8. Freiw.
865 185 1273 287 box 14/3
1345 1029 2273 1109 Ziele bestehen zu lassen, die der Autor im Auge hat
2316 996 3324 1113 Maer ist an ihnen der Reihe der von den
1360 1080 3320 1153 Er will feststellen, daß es eine Menschenclasse unter ihm geliebten und hoch geachteten Schauspielerin nicht bolde¬
549 1073 1218 1175 Thalia-Theater.
1356 1127 3069 1189 uns geht, der gegenüber den anderen Menschen kommen. Er schlägt ihn auf den Mund...
3200 1145 3309 1207 dieser
1360 1167 2258 1240 classen die Eigenschaft des „Freiwild" in
2309 1171 3327 1251 Im Beginn des zweiten Actes erfahren wir, daß zu ihr
735 1175 1025 1273 „Freiwild"
1360 1218 3324 1291 wohnt. Auf Grund dieser Feststellung baut er die Secundanten des Karinsky bei Rönning ge¬ Offici¬
1364 1258 3316 1327 den Conflict des Stückes auf, der in seiner Spitze wesen, von diesem aber kurzer Hand abgelehnt seine
455 1262 2262 1360 Das neue Schauspiel des Herrn Arthur Schnitzler, mit einem empfindlichen Ausfall wider das Due
2287 1309 3313 1371 worden sind. Rönning hat einen Buben, der ihm nie zu
418 1331 3324 1418 Verfasser des hier gleichfalls schon aufgeführten endigen soll, in Wirklichkeit aber nur mit einem über den Weg gelaufen ist, gezüchtigt wie er es ver¬ weisun
411 1375 1338 1440 Schauspiels „Liebelei", spielt in einem kleinen Bade¬
1364 1385 2254 1447 Hiebe wider den gesunden Menschenverstand abschließ
2287 1400 3324 1473 dient, damit ist der Fall für ihn erledigt. An diesem Riede
418 1422 3189 1505 ort, — wie im Theaterprogramm ausdrücklich ver= der den letzteren allerdings insoweit nicht ganz un¬ Entschlusse hält er auch seinen Freunden gegenüber
415 1469 1331 1516 merkt ist, — „nicht allzuweit von Wien“. Dieser Ver
1353 1458 3324 1560 verdient trifft, als er just an entscheidungsvollster fest, nachdem diese ihm unverhohlen ausgesprochen, aufzu¬
418 1513 1335 1560 merk soll dem Stücke eine fest umgrenzte locale Fär
1356 1520 3313 1611 Stelle des Stückes den Autor schnöde im Stiche ge- daß er sich damit auch für sie unmöglich gemacht hat
418 1553 1331 1607 bung sichern. Man hat auf Grund dieses Vermerke
1356 1560 1542 1629 lassen hat.
2280 1574 3324 1640 hat. Er habe nur in Erfüllung einer Pflicht, Eintre
418 1593 1345 1651 also nicht nur ein Recht, zu verlangen, daß die Leute
1385 1574 3316 1676 Ausgang und Verlauf des Conflictes entwickeln somit im guten Rechte gehandelt, und das al
407 1647 1331 1694 im Wiener Dialect sprechen, sondern man dar
1356 1640 3324 1731 sich folgendermaßen. Der noch sehr jugendliche dafür sich todtschießen lassen, das steht zwar
404 1684 2258 1764 auch annehmen, daß, was geschieht, nur Cavallerie=Oberlieutenant Karinsky hat seine Auge
2280 1702 3324 1764 nicht nach seinem Geschmack, dazu ist ihm sein Hand¬
415 1727 3324 1818 hier, in diesem einen, des Näheren bezeichneten u. a. auch auf die neu engagirte Liebhaberin des Lesen zu lieb. Das Gleiche erklärt er auch einem rinsky
411 1771 3320 1862 Orte zu geschehen möglich ist und sonst nirgends, kleinen Sommertheaters, Fräulein Riedel, geworfen, meraden des geohrfeigten Karinsky, der zu Rönning ertrag
407 1818 3276 1894 Dieser letzteren Annahme widerspricht indeß hier aber ausnahmsweise nur Abweisung erfahren, mit dem Vorschlag kommt, dem Letzteren wenigstens ein
407 1858 3320 1934 der Autor selbst, indem er in verschiedenen Das reizt ihn natürlich, und, von Hause aus zu ein Scheinduell zu bewilligen, da anderen Falles wirkli¬
407 1909 1335 1964 Redewendungen, die er in das Stück auf¬
1360 1924 3320 1985 allerlei querköpfigen Dingen angelegt, verpflichtet er jenem nichts übrig bleibe, als sich glattweg eine stehen
404 1949 1247 1996 genommen hat, deutlich betont, daß
1360 1960 3284 2033 sich seinen Kameraden gegenüber, die spröde Dame Kugel in den Kopf zu schießen. Rönning erklärt muß
407 1996 3302 2076 was ihm an diesem einen Orte als „Freiwild" gilt, zur Theilnahme an dem beabsichtigten gemeinsamen kühl, keine Ursache zu haben, den Herrn daran zu sagen
404 2029 2258 2113 d. h. als ein „Wild" nach dem zu jagen es Jeder Abendessen zu veranlassen. Ein Kellnerjunge, de
2284 2058 3309 2120 hindern. Im dritten Art wird Rönning von Karinsky nieve
404 2084 3313 2178 mann frei steht, ihm „Freiwild ist überall. Unter eine von Karinsky eigenhändig geschriebene Karte an an derselben Stelle ereilt, wo die Ohrfeige gefallen gewie¬
407 2131 1331 2174 „Freiwild" vermeint sind „die vom Theater". „Wenn
1353 2134 3309 2214 Fräulein Riedel überbringt, wird kurz ab¬ ist. Dreimal wiederholt Karinsky an Rönning die nur
407 2174 3316 2251 die beim Theater auch schon anständig sein gewiesen. Karinsky erklärt im offenen Restau¬ Frage, ob er ihm Genugthuung geben wolle. Drei¬ jede
415 2211 1273 2265 wollen, kennt man sich gar nicht mehr aus!",
1345 2233 3313 2302 rations-Garten, so daß es Jedermann hören mal antwortet dieser mit „nein!" Beim dritten aber
407 2258 3327 2342 sagt einer der Officiere, die in dem Stücke mitthun, kann, daß er nun selbst gehen werde und sicher sei, „Nein, während er zugleich festen Schrittes auf den mehr
404 2298 3302 2389 und er sagt dies unter Bezugnahme auf das All¬ sich keinen Korb zu holen. Zur Erltung dessen Officier losgeht, erhebt dieser den Revolver, es willig
407 2349 3316 2451 gemeine, und nicht in Anwendung auf die besonderen proponirt er eine Wette um 20 Flaschen Seet, die fällt ein Schuß und mit diesem zugleich auch komm¬
400 2396 1324 2440 Verhältnisse des einen kleinen Theater jenes Badeortes
1345 2400 2491 2458 einer der Kameraden auch annimmt. Aber dem Rönning.
3196 2418 3313 2484 ihn de
404 2429 2251 2509 der „nicht allzuweit von Wien“ gelegen ist. Und Herrn Oberlieutenant ergeht es, wie es dem Kellner
2309 2422 3182 2513 Es wäre unrichtig, dem Verfasser zu bestreiten, daß
3225 2462 3313 2516 Die
400 2480 3316 2560 um jede mißverständliche Deutung dieser einen jungen ergangen ist. Auch er muß vor verschlossener er mit geschickter Berechnung vorgegangen ist und Temp¬
404 2524 3309 2600 Aeußerung unmöglich zu machen, fehlt es nicht Thüre Kehrt machen. Sein Mißgeschick wird von Wirkungen erzielt hat, die stark auf die Nerven des
404 2567 2254 2629 an einer zweiten Aeußerung der gleichen Art, Allen, die davon hören, heiter aufgenommen, u. a
2280 2585 3313 2665 fallen. Doch die Mittel, deren er sich hiezu bedient, verein
393 2604 3305 2684 die noch dazu von autoritärer Seite, nämlich von dem auch von einem näheren Bekannten des Fräulein sind nicht die des Kunstdramas vornehmen Stils, im
396 2644 3313 2727 Theaterdirector selber kommt. Von dem Luxus, sich Riedel, einen Herrn Paul Rönning, der am Neben sondern die des Effectstückes groben Kalibers. Verdie
400 2698 3313 2793 Anzüglichkeiten des Publikums zu verbitten, so be¬ tische sitzt. Wider diesen Herrn Rönning kehrt sich Ohrfeige und Todtschlag sind, so wenig als in der nehme
404 2738 2244 2807 merkt nämlich dieser Ehrenmann, können allenfalls nun der ganze Zorn des Oberlieutenants Karinsky
2269 2767 3320 2840 gesitteten Gesellschaft, so wenig auch im literarischen ihn in
393 2774 1324 2844 Mitglieder des Hoftheaters Gebrauch machen, nich
1349 2800 3291 2865 „Warum es ihm zu lächeln beliebe? Was es wohl Kunstwerk Recht oder Unrecht beweisende ganz
393 2829 3313 2913 aber die der kleineren Bühnen, an denen es sich viel für Gründe geben könne, die eine Dame bestimmen, Documente. Das sind die guten Gründe der erschei¬
396 2876 3305 2953 mehr für jede Dame empfiehlt, sich den Herren ihre Thüre verschlossen zu halten? Ob denn mit unter Rodies, und denen mögen sie überlassen Symp
396 2913 3305 3004 Theaterbesuchern „sehr entgegenkommend zu erweisen, diesen Gründen nicht auch der denkbar sei, daß sie bleiben. Der einzige Mann in dem Stücke, Persö
433 2964 3298 3062 Das ist deutlich genug gesprochen, um noch irgend einem Dritten nur darum den Einlaß verweigere, der im Wesen und in seinen Anschauungen den An¬ Herrn
393 2996 2189 3127 einen Zweifel über die Art und die Beschaffenheit der weil schon ein Zweiter sich bei ihr befinde...
2247 3018 3320 3113 forderungen der guten Sitte näher kommt, ist Ober¬ Rochust
553 3076 1120 3309 on
