<?xml version="1.0" encoding="UTF-8" standalone="yes"?>
<PcGts xmlns="http://schema.primaresearch.org/PAGE/gts/pagecontent/2013-07-15" xmlns:xsi="http://www.w3.org/2001/XMLSchema-instance" xsi:schemaLocation="http://schema.primaresearch.org/PAGE/gts/pagecontent/2013-07-15 http://schema.primaresearch.org/PAGE/gts/pagecontent/2013-07-15/pagecontent.xsd">
    <Metadata>
        <Creator>prov=READ-COOP:name=PyLaia@TranskribusPlatform:version=2.12.1:model_id=39995:lm=provided:date=28_03_2024_21:33</Creator>
        <Created>2019-10-07T11:50:04.997+02:00</Created>
        <LastChange>2024-03-28T21:33:15.413+01:00</LastChange>
        <TranskribusMetadata docId="223990" pageId="9505618" pageNr="401" tsid="156390712" status="IN_PROGRESS" userId="40391" imgUrl="https://files.transkribus.eu/Get?id=NGTCANJZSXEVZWGHKLCYRTAH&amp;fileType=view" xmlUrl="https://files.transkribus.eu/Get?id=SJSBKIOIXRGIEFDZRNJRIOPH" imageId="6195832"/>
    </Metadata>
    <Page imageFilename="223990_0401.jpeg" imageWidth="3344" imageHeight="4352">
        <ReadingOrder>
            <OrderedGroup id="ro_1712662631379" caption="Regions reading order">
                <RegionRefIndexed index="0" regionRef="tr_1"/>
                <RegionRefIndexed index="1" regionRef="tr_2"/>
            </OrderedGroup>
        </ReadingOrder>
        <TextRegion orientation="0.0" id="tr_1" custom="readingOrder {index:0;}">
            <Coords points="194,256 194,2457 1820,2457 1820,256"/>
            <TextLine id="tr_1_tl_1" custom="readingOrder {index:0;}">
                <Coords points="185,293 731,287 731,213 328,236 185,219"/>
                <Baseline points="194,280 221,282 248,284 275,285 302,283 329,280 356,282 383,283 410,283 437,282 464,280 491,282 518,283 545,283 572,284 599,286 626,286 653,285 680,283 707,284 734,283"/>
                <TextEquiv>
                    <Unicode>8. Freiwild</Unicode>
                </TextEquiv>
            </TextLine>
            <TextLine id="tr_1_tl_2" custom="readingOrder {index:1;}">
                <Coords points="871,293 1151,290 1199,307 1216,291 1238,305 1282,291 1282,210 1267,205 1201,223 1145,211 871,219"/>
                <Baseline points="880,277 905,280 930,283 956,283 981,284 1006,285 1032,286 1057,286 1083,286 1108,286 1133,286 1159,285 1184,284 1209,283 1235,283 1260,282 1286,277"/>
                <TextEquiv>
                    <Unicode>box 14/4</Unicode>
                </TextEquiv>
            </TextLine>
            <TextLine id="tr_1_tl_3" custom="readingOrder {index:2;}">
                <Coords points="723,666 1816,712 1811,630 1628,586 1429,650 718,580"/>
                <Baseline points="731,644 785,648 839,651 894,655 948,659 1003,662 1057,666 1112,670 1166,673 1221,674 1275,677 1329,680 1384,682 1438,683 1493,689 1547,693 1602,696 1656,700 1711,704 1765,704 1820,704"/>
                <TextEquiv>
                    <Unicode>(Stadttheater.) Artur Schnittes Schauspiel „Frei¬</Unicode>
                </TextEquiv>
            </TextLine>
            <TextLine id="tr_1_tl_4" custom="readingOrder {index:3;}">
                <Coords points="596,697 1797,769 1808,714 593,655"/>
                <Baseline points="605,689 665,690 725,694 786,698 846,701 907,703 967,707 1028,713 1088,718 1149,719 1209,722 1269,724 1330,729 1390,733 1451,734 1511,738 1572,743 1632,746 1693,747 1753,751 1814,755"/>
                <TextEquiv>
                    <Unicode>wild wurde vor vielen Jahren am Carl-Theater und dann auch</Unicode>
                </TextEquiv>
            </TextLine>
            <TextLine id="tr_1_tl_5" custom="readingOrder {index:4;}">
                <Coords points="587,748 1811,817 1786,758 584,697"/>
                <Baseline points="596,737 656,737 717,741 778,746 839,749 900,751 961,755 1022,760 1083,764 1144,768 1205,772 1265,773 1326,776 1387,778 1448,782 1509,786 1570,790 1631,793 1692,794 1753,798 1814,802"/>
                <TextEquiv>
                    <Unicode>am Deutschen Volkstheater aufgeführt. Es ist eine Jugendarbeit</Unicode>
                </TextEquiv>
            </TextLine>
            <TextLine id="tr_1_tl_6" custom="readingOrder {index:5;}">
                <Coords points="583,794 1802,858 1799,812 1708,801 581,744"/>
                <Baseline points="591,779 651,786 712,788 773,791 833,794 894,798 955,802 1015,806 1076,811 1137,812 1198,816 1258,820 1319,823 1380,825 1440,829 1501,833 1562,835 1622,841 1683,842 1744,844 1805,850"/>
                <TextEquiv>
                    <Unicode>des Dichters, mit persönlichen Vorzügen und persönlichen Schwächen.</Unicode>
                </TextEquiv>
            </TextLine>
            <TextLine id="tr_1_tl_7" custom="readingOrder {index:6;}">
                <Coords points="584,831 1809,895 1806,854 583,791"/>
                <Baseline points="593,826 654,833 715,837 776,838 837,842 898,846 959,848 1020,855 1081,856 1142,860 1203,864 1264,868 1325,872 1386,876 1447,877 1508,881 1569,883 1630,886 1691,891 1752,895 1814,898"/>
                <TextEquiv>
                    <Unicode>Der zweite Akt ist der beste in seiner ganzen Oekonomie und</Unicode>
                </TextEquiv>
            </TextLine>
            <TextLine id="tr_1_tl_8" custom="readingOrder {index:7;}">
                <Coords points="586,897 1808,943 1805,899 1698,889 583,831"/>
                <Baseline points="593,883 653,881 714,883 775,889 836,890 897,894 958,898 1019,903 1080,904 1141,908 1202,912 1262,916 1323,919 1384,923 1445,925 1506,929 1567,931 1628,934 1689,938 1750,940 1811,940"/>
                <TextEquiv>
                    <Unicode>szenischen Konzentration. Trotz dieser scheinbar äußerlichen Vor¬</Unicode>
                </TextEquiv>
            </TextLine>
            <TextLine id="tr_1_tl_9" custom="readingOrder {index:8;}">
                <Coords points="581,939 1806,991 1768,943 578,899"/>
                <Baseline points="588,931 649,931 710,931 771,934 832,938 893,942 954,947 1015,951 1076,952 1137,956 1198,960 1259,964 1320,965 1381,969 1442,973 1503,976 1564,978 1625,982 1686,984 1747,988 1808,988"/>
                <TextEquiv>
                    <Unicode>züge hat das Werk aber noch etwas, was „Tendenzstücke" sonst</Unicode>
                </TextEquiv>
            </TextLine>
            <TextLine id="tr_1_tl_10" custom="readingOrder {index:9;}">
                <Coords points="578,985 1802,1045 1799,999 575,939"/>
                <Baseline points="585,970 646,975 707,979 768,977 829,986 890,990 951,994 1012,998 1073,999 1134,1003 1195,1007 1256,1011 1317,1014 1378,1016 1439,1020 1500,1023 1561,1025 1622,1030 1683,1034 1744,1035 1805,1032"/>
                <TextEquiv>
                    <Unicode>nicht haben zarten Duft und poetischen Zauber. Das ist theatra¬</Unicode>
                </TextEquiv>
            </TextLine>
            <TextLine id="tr_1_tl_11" custom="readingOrder {index:10;}">
                <Coords points="576,1030 1762,1102 1796,1043 573,983"/>
                <Baseline points="585,1020 645,1024 706,1026 767,1029 827,1032 888,1037 949,1044 1009,1044 1070,1047 1131,1051 1192,1055 1252,1056 1313,1060 1374,1062 1434,1065 1495,1069 1556,1073 1616,1077 1677,1078 1738,1082 1799,1083"/>
                <TextEquiv>
                    <Unicode>lisch und künstlerisch zugleich, während sonst Stücke in den meisten</Unicode>
                </TextEquiv>
            </TextLine>
            <TextLine id="tr_1_tl_12" custom="readingOrder {index:11;}">
                <Coords points="575,1080 1797,1137 1794,1096 1655,1080 572,1030"/>
                <Baseline points="582,1071 642,1072 703,1076 764,1077 825,1081 886,1085 947,1086 1007,1090 1068,1095 1129,1098 1190,1100 1251,1104 1312,1108 1373,1112 1433,1116 1494,1119 1555,1121 1616,1122 1677,1126 1738,1130 1799,1131"/>
                <TextEquiv>
                    <Unicode>Fällen entweder theatralisch oder künstlerisch sind. Schnitzler</Unicode>
                </TextEquiv>
            </TextLine>
            <TextLine id="tr_1_tl_13" custom="readingOrder {index:12;}">
                <Coords points="575,1124 1789,1181 1752,1134 572,1080"/>
                <Baseline points="582,1116 642,1117 703,1123 763,1128 824,1129 884,1131 945,1137 1005,1138 1066,1142 1126,1146 1187,1147 1248,1151 1308,1156 1369,1160 1429,1161 1490,1165 1550,1167 1611,1173 1671,1175 1732,1177 1793,1179"/>
                <TextEquiv>
                    <Unicode>ist in der dramatischen Psychologie, in der rück¬</Unicode>
                </TextEquiv>
            </TextLine>
            <TextLine id="tr_1_tl_14" custom="readingOrder {index:13;}">
                <Coords points="566,1185 1802,1241 1799,1184 563,1127"/>
                <Baseline points="573,1164 634,1167 696,1169 757,1173 819,1176 881,1182 942,1185 1004,1188 1065,1193 1127,1194 1189,1198 1250,1202 1312,1204 1373,1208 1435,1212 1497,1214 1558,1217 1620,1221 1681,1225 1743,1227 1805,1232"/>
                <TextEquiv>
                    <Unicode>sichtslosen Entschleierung alles Seelischen später viel</Unicode>
                </TextEquiv>
            </TextLine>
            <TextLine id="tr_1_tl_15" custom="readingOrder {index:14;}">
                <Coords points="345,1258 1538,1312 1572,1233 342,1193"/>
                <Baseline points="352,1235 413,1242 474,1246 536,1250 597,1253 658,1253 720,1256 781,1262 842,1266 904,1268 965,1271 1026,1274 1088,1276 1149,1277 1210,1281 1272,1283 1333,1287 1394,1291 1456,1295 1517,1295 1579,1295"/>
                <TextEquiv>
                    <Unicode>er gehen — nun mit nur an das unsere Mühe</Unicode>
                </TextEquiv>
            </TextLine>
            <TextLine id="tr_1_tl_16" custom="readingOrder {index:15;}">
                <Coords points="358,1290 1560,1367 1571,1312 354,1255"/>
                <Baseline points="364,1283 424,1290 485,1292 545,1295 606,1298 667,1296 727,1307 788,1309 848,1315 909,1319 970,1319 1030,1321 1091,1325 1151,1329 1212,1331 1273,1334 1333,1336 1394,1340 1454,1343 1515,1343 1576,1343"/>
                <TextEquiv>
                    <Unicode>Land denken — aber Ansätze und Bausteine finden sich schon</Unicode>
                </TextEquiv>
            </TextLine>
            <TextLine id="tr_1_tl_17" custom="readingOrder {index:16;}">
                <Coords points="359,1352 1577,1404 1523,1353 356,1295"/>
                <Baseline points="367,1340 427,1338 488,1342 548,1346 609,1349 670,1351 730,1355 791,1359 851,1361 912,1365 973,1369 1033,1370 1094,1374 1154,1378 1215,1379 1276,1380 1336,1383 1397,1387 1457,1388 1518,1390 1579,1387"/>
                <TextEquiv>
                    <Unicode>hier. Wie trefflich versteht er es, mit ein paar Strichen Menschen</Unicode>
                </TextEquiv>
            </TextLine>
            <TextLine id="tr_1_tl_18" custom="readingOrder {index:17;}">
                <Coords points="365,1396 1580,1447 1532,1396 364,1355"/>
                <Baseline points="373,1384 433,1385 493,1389 554,1393 614,1395 675,1399 735,1402 796,1406 856,1410 917,1411 977,1414 1037,1419 1098,1423 1158,1423 1219,1426 1279,1430 1340,1432 1400,1435 1461,1437 1521,1437 1582,1435"/>
                <TextEquiv>
                    <Unicode>zu zeichnen, ein Milieu festzuhalten. Man fühlt sich sofort</Unicode>
                </TextEquiv>
            </TextLine>
            <TextLine id="tr_1_tl_19" custom="readingOrder {index:18;}">
                <Coords points="359,1443 1566,1493 1563,1443 358,1396"/>
                <Baseline points="367,1432 427,1434 487,1438 547,1441 607,1444 667,1446 727,1450 788,1455 848,1459 908,1462 968,1463 1028,1465 1088,1468 1148,1472 1209,1474 1269,1477 1329,1480 1389,1483 1449,1484 1509,1486 1570,1486"/>
                <TextEquiv>
                    <Unicode>heimisch in seiner Welt, glaubt an seine Figuren und nimmt</Unicode>
                </TextEquiv>
            </TextLine>
            <TextLine id="tr_1_tl_20" custom="readingOrder {index:19;}">
                <Coords points="356,1493 1569,1543 1549,1492 354,1440"/>
                <Baseline points="364,1477 424,1481 484,1485 545,1489 605,1492 666,1494 726,1498 787,1499 847,1503 908,1505 968,1510 1028,1513 1089,1517 1149,1519 1210,1524 1270,1526 1331,1528 1391,1531 1452,1532 1512,1534 1573,1534"/>
                <TextEquiv>
                    <Unicode>Anteil an ihren Schicksalen. So vergißt man, daß das Duell¬</Unicode>
                </TextEquiv>
            </TextLine>
            <TextLine id="tr_1_tl_21" custom="readingOrder {index:20;}">
                <Coords points="353,1537 1336,1571 1574,1617 1532,1541 351,1492"/>
                <Baseline points="361,1528 421,1529 482,1533 543,1537 604,1538 664,1542 725,1543 786,1548 847,1552 907,1556 968,1560 1029,1564 1090,1565 1150,1567 1211,1567 1272,1569 1333,1569 1393,1576 1454,1580 1515,1582 1576,1582"/>
                <TextEquiv>
                    <Unicode>problem vom Sturm der Zeit weggefegt wurde — das rein</Unicode>
                </TextEquiv>
            </TextLine>
            <TextLine id="tr_1_tl_22" custom="readingOrder {index:21;}">
                <Coords points="344,1581 1484,1654 1550,1632 1549,1589 342,1540"/>
                <Baseline points="352,1573 412,1577 472,1581 532,1582 592,1585 652,1589 712,1593 773,1594 833,1596 893,1602 953,1603 1013,1607 1073,1611 1133,1611 1194,1613 1254,1617 1314,1621 1374,1623 1434,1624 1494,1628 1555,1626"/>
                <TextEquiv>
                    <Unicode>Menschliche dieses Konflikts weckt noch immer unser Interesse</Unicode>
                </TextEquiv>
            </TextLine>
            <TextLine id="tr_1_tl_23" custom="readingOrder {index:22;}">
                <Coords points="344,1626 1560,1686 1557,1632 342,1581"/>
                <Baseline points="352,1620 412,1624 473,1628 533,1629 594,1633 655,1640 715,1641 776,1645 836,1647 897,1650 958,1652 1018,1656 1079,1659 1139,1659 1200,1665 1261,1666 1321,1670 1382,1671 1442,1675 1503,1677 1564,1677"/>
                <TextEquiv>
                    <Unicode>Die Friedensatmosphäre, die durch das Stück weht, mutet fas¬</Unicode>
                </TextEquiv>
            </TextLine>
            <TextLine id="tr_1_tl_24" custom="readingOrder {index:23;}">
                <Coords points="344,1685 1370,1742 1549,1734 1554,1688 341,1628"/>
                <Baseline points="352,1674 412,1672 472,1676 532,1680 593,1683 653,1685 713,1686 774,1689 834,1695 894,1698 955,1700 1015,1707 1075,1709 1135,1709 1196,1713 1256,1714 1316,1716 1377,1719 1437,1720 1497,1722 1558,1725"/>
                <TextEquiv>
                    <Unicode>schon historisch an — aber sie ist glänzend getroffen. Dabei</Unicode>
                </TextEquiv>
            </TextLine>
            <TextLine id="tr_1_tl_25" custom="readingOrder {index:24;}">
                <Coords points="348,1729 1493,1788 1552,1745 345,1685"/>
                <Baseline points="355,1716 415,1720 475,1724 535,1728 595,1731 655,1733 715,1737 776,1741 836,1743 896,1743 956,1747 1016,1751 1076,1755 1136,1756 1197,1758 1257,1761 1317,1764 1377,1767 1437,1768 1497,1772 1558,1776"/>
                <TextEquiv>
                    <Unicode>entzückt ein Dialog von seltener Natürlichkeit. Worte voll tieferer</Unicode>
                </TextEquiv>
            </TextLine>
            <TextLine id="tr_1_tl_26" custom="readingOrder {index:25;}">
                <Coords points="342,1765 1438,1834 1546,1833 1544,1792 339,1722"/>
                <Baseline points="349,1761 409,1768 469,1772 529,1776 589,1777 649,1780 709,1784 769,1785 829,1789 889,1793 949,1794 1009,1798 1069,1802 1129,1803 1189,1805 1249,1808 1309,1809 1369,1813 1429,1814 1489,1818 1549,1820"/>
                <TextEquiv>
                    <Unicode>Anmut schweben vorbei, Worte, die nicht bloß Klang haben,</Unicode>
                </TextEquiv>
            </TextLine>
            <TextLine id="tr_1_tl_27" custom="readingOrder {index:26;}">
                <Coords points="338,1822 1489,1888 1550,1880 1549,1834 336,1776"/>
                <Baseline points="346,1814 406,1815 466,1819 527,1820 587,1826 648,1828 708,1829 769,1832 829,1835 890,1841 950,1842 1010,1844 1071,1848 1131,1850 1192,1853 1252,1856 1313,1858 1373,1862 1434,1863 1494,1865 1555,1871"/>
                <TextEquiv>
                    <Unicode>sondern auch Seele. Und das Wertvollste an dem Stück bleibt</Unicode>
                </TextEquiv>
            </TextLine>
            <TextLine id="tr_1_tl_28" custom="readingOrder {index:27;}">
                <Coords points="338,1865 1543,1923 1540,1871 1418,1860 336,1822"/>
                <Baseline points="346,1859 406,1863 466,1867 526,1868 586,1874 646,1876 706,1877 766,1881 826,1885 886,1889 946,1892 1006,1894 1066,1895 1126,1899 1186,1901 1246,1904 1306,1905 1366,1909 1426,1910 1486,1913 1546,1916"/>
                <TextEquiv>
                    <Unicode>die künstlerische Objektivität. Zwei Weltanschauungen kämpfen in</Unicode>
                </TextEquiv>
            </TextLine>
            <TextLine id="tr_1_tl_29" custom="readingOrder {index:28;}">
                <Coords points="334,1919 1540,1982 1507,1916 331,1862"/>
                <Baseline points="343,1907 402,1911 462,1915 522,1916 582,1919 642,1921 702,1925 761,1929 821,1933 881,1934 941,1940 1001,1940 1061,1943 1121,1946 1180,1948 1240,1952 1300,1953 1360,1957 1420,1958 1480,1961 1540,1964"/>
                <TextEquiv>
                    <Unicode>dieser Komödie vom Mannesmut miteinander und beide haben recht,</Unicode>
                </TextEquiv>
            </TextLine>
            <TextLine id="tr_1_tl_30" custom="readingOrder {index:29;}">
                <Coords points="333,1964 1452,2028 1540,2022 1538,1984 330,1919"/>
                <Baseline points="340,1955 400,1959 460,1961 520,1967 580,1967 640,1969 700,1973 761,1977 821,1980 881,1981 941,1985 1001,1989 1061,1990 1121,1994 1182,1994 1242,1996 1302,2000 1362,2004 1422,2006 1482,2010 1543,2011"/>
                <TextEquiv>
                    <Unicode>oder keine. Die Aufführung war sehr sett. Herr Strobl spielte den</Unicode>
                </TextEquiv>
            </TextLine>
            <TextLine id="tr_1_tl_31" custom="readingOrder {index:30;}">
                <Coords points="330,2010 1521,2081 1535,2022 327,1964"/>
                <Baseline points="337,2005 397,2005 457,2007 517,2011 577,2015 637,2019 697,2020 758,2026 818,2028 878,2032 938,2035 998,2035 1058,2038 1118,2041 1179,2041 1239,2044 1299,2048 1359,2052 1419,2054 1479,2058 1540,2062"/>
                <TextEquiv>
                    <Unicode>Oberleutnant Karinski, eine Figur, die keine Tendenzpuppe ist,</Unicode>
                </TextEquiv>
            </TextLine>
            <TextLine id="tr_1_tl_32" custom="readingOrder {index:31;}">
                <Coords points="321,2065 1543,2116 1466,2058 319,2024"/>
                <Baseline points="328,2050 388,2054 449,2056 510,2059 571,2063 632,2065 693,2068 754,2073 815,2074 876,2078 937,2084 997,2083 1058,2087 1119,2089 1180,2089 1241,2093 1302,2097 1363,2099 1424,2104 1485,2104 1546,2107"/>
                <TextEquiv>
                    <Unicode>mit eindringlicher Charakteristik. (Herr Hubert Reusch, bot in dieser</Unicode>
                </TextEquiv>
            </TextLine>
            <TextLine id="tr_1_tl_33" custom="readingOrder {index:32;}">
                <Coords points="319,2105 1532,2165 1456,2108 317,2068"/>
                <Baseline points="328,2098 388,2102 448,2104 508,2107 569,2111 629,2113 689,2116 750,2120 810,2124 870,2125 931,2129 991,2131 1051,2134 1111,2137 1172,2140 1232,2141 1292,2145 1353,2149 1413,2150 1473,2154 1534,2155"/>
                <TextEquiv>
                    <Unicode>Rolle ein Kabinettstück schauspielerischer Gestaltungskraft.) Einen</Unicode>
                </TextEquiv>
            </TextLine>
            <TextLine id="tr_1_tl_34" custom="readingOrder {index:33;}">
                <Coords points="321,2156 1523,2222 1530,2165 317,2102"/>
                <Baseline points="328,2146 388,2150 448,2152 508,2155 569,2156 629,2160 689,2164 750,2167 810,2169 870,2173 931,2177 991,2178 1051,2178 1111,2182 1172,2184 1232,2188 1292,2192 1353,2196 1413,2199 1473,2201 1534,2205"/>
                <TextEquiv>
                    <Unicode>sehr sympathischen Ton und angenehme Sicherheit hat Herr Zeska.</Unicode>
                </TextEquiv>
            </TextLine>
            <TextLine id="tr_1_tl_35" custom="readingOrder {index:34;}">
                <Coords points="325,2213 1532,2263 1529,2216 1404,2198 324,2156"/>
                <Baseline points="334,2196 394,2197 454,2201 514,2202 574,2206 634,2208 694,2211 754,2215 814,2217 874,2220 934,2224 994,2226 1054,2229 1114,2230 1174,2232 1234,2235 1294,2239 1354,2243 1414,2247 1474,2250 1534,2253"/>
                <TextEquiv>
                    <Unicode>Fräulein Rosenquist gab die Anna Riedel mit guter Haltung</Unicode>
                </TextEquiv>
            </TextLine>
            <TextLine id="tr_1_tl_36" custom="readingOrder {index:35;}">
                <Coords points="316,2252 1396,2320 1526,2320 1523,2266 313,2206"/>
                <Baseline points="325,2244 385,2245 445,2245 505,2250 565,2253 625,2255 685,2259 746,2263 806,2265 866,2268 926,2272 986,2276 1046,2277 1106,2278 1167,2282 1227,2283 1287,2287 1347,2291 1407,2295 1467,2297 1528,2301"/>
                <TextEquiv>
                    <Unicode>ohne ins Sentimentale zu verfallen. Einen lustigen Typus schuf</Unicode>
                </TextEquiv>
            </TextLine>
            <TextLine id="tr_1_tl_37" custom="readingOrder {index:36;}">
                <Coords points="316,2296 1432,2358 1530,2358 1529,2312 314,2253"/>
                <Baseline points="325,2292 385,2292 445,2294 506,2301 566,2301 627,2303 687,2307 748,2310 808,2312 869,2316 929,2319 989,2319 1050,2323 1110,2327 1171,2328 1231,2334 1292,2338 1352,2340 1413,2343 1473,2345 1534,2349"/>
                <TextEquiv>
                    <Unicode>Herr Nerz als Theaterdirektor. Sehr verdienstlich die Herren</Unicode>
                </TextEquiv>
            </TextLine>
            <TextLine id="tr_1_tl_38" custom="readingOrder {index:37;}">
                <Coords points="311,2357 1509,2423 1523,2358 308,2295"/>
                <Baseline points="319,2337 379,2338 439,2342 500,2346 560,2349 621,2351 681,2355 742,2356 802,2360 863,2364 923,2368 983,2373 1044,2376 1104,2378 1165,2378 1225,2382 1286,2384 1346,2387 1407,2388 1467,2392 1528,2393"/>
                <TextEquiv>
                    <Unicode>Nichter und Norfolk. Lebhafter Beifall begleitete die Wieder¬</Unicode>
                </TextEquiv>
            </TextLine>
            <TextLine id="tr_1_tl_39" custom="readingOrder {index:38;}">
                <Coords points="307,2400 433,2404 467,2431 559,2448 752,2444 758,2367 345,2340 304,2360"/>
                <Baseline points="313,2384 338,2384 363,2384 388,2386 413,2388 438,2389 463,2391 488,2393 513,2394 538,2396 563,2398 588,2399 613,2399 638,2400 663,2401 688,2403 713,2405 738,2408 764,2411"/>
                <TextEquiv>
                    <Unicode>aufführung des Stückes,</Unicode>
                </TextEquiv>
            </TextLine>
            <TextLine id="tr_1_tl_40" custom="readingOrder {index:39;}">
                <Coords points="1350,2452 1370,2449 1386,2458 1396,2451 1463,2474 1497,2461 1493,2403 1473,2411 1467,2407 1460,2414 1440,2406 1415,2418 1372,2392 1347,2392"/>
                <Baseline points="1358,2438 1386,2438 1414,2439 1442,2441 1470,2444 1498,2447"/>
                <TextEquiv>
                    <Unicode>a. e.</Unicode>
                </TextEquiv>
            </TextLine>
            <TextEquiv>
                <Unicode></Unicode>
            </TextEquiv>
        </TextRegion>
        <TextRegion orientation="0.0" id="tr_2" custom="readingOrder {index:1;}">
            <Coords points="1853,430 1853,3938 3026,3938 3026,430"/>
            <TextLine id="tr_2_tl_1" custom="readingOrder {index:0;}">
                <Coords points="2407,422 2469,422 2529,470 2580,425 2722,432 2720,371 2663,388 2614,379 2597,393 2580,381 2508,391 2460,378 2406,398"/>
                <Baseline points="2417,450 2442,450 2468,450 2494,450 2520,452 2546,456 2572,457 2598,459 2624,457 2650,456 2676,456 2702,458 2728,462"/>
                <TextEquiv>
                    <Unicode></Unicode>
                </TextEquiv>
            </TextLine>
            <TextLine id="tr_2_tl_2" custom="readingOrder {index:1;}">
                <Coords points="2190,487 2776,506 2773,433 2580,427 2525,469 2469,422 2189,419"/>
                <Baseline points="2199,480 2229,478 2259,478 2290,480 2320,482 2351,482 2381,480 2412,480 2442,481 2473,484 2503,488 2534,489 2564,489 2595,492 2625,492 2656,493 2686,495 2717,495 2747,495 2778,495"/>
                <TextEquiv>
                    <Unicode>NOTREPERATURENSTALT</Unicode>
                </TextEquiv>
            </TextLine>
            <TextLine id="tr_2_tl_3" custom="readingOrder {index:2;}">
                <Coords points="2184,516 2754,532 2865,564 2871,452 2783,507 2182,485"/>
                <Baseline points="2193,513 2227,511 2261,512 2295,514 2329,516 2363,516 2397,518 2432,519 2466,519 2500,519 2534,521 2568,523 2602,525 2636,525 2671,527 2705,528 2739,528 2773,528 2807,526 2841,528 2876,526"/>
                <TextEquiv>
                    <Unicode>fiacres- u. Pachte werden nach even.</Unicode>
                </TextEquiv>
            </TextLine>
            <TextLine id="tr_2_tl_4" custom="readingOrder {index:3;}">
                <Coords points="1968,535 2802,558 2788,527 2232,522 2091,453 1967,498"/>
                <Baseline points="1976,522 2017,522 2058,522 2100,522 2141,528 2183,536 2224,539 2266,542 2307,543 2349,543 2390,544 2431,546 2473,547 2514,549 2556,549 2597,552 2639,552 2680,555 2722,555 2763,555 2805,549"/>
                <TextEquiv>
                    <Unicode>a vn que de van</Unicode>
                </TextEquiv>
            </TextLine>
            <TextLine id="tr_2_tl_5" custom="readingOrder {index:4;}">
                <Coords points="1945,603 3002,626 2979,561 1944,527"/>
                <Baseline points="1952,561 2004,564 2057,565 2109,569 2162,570 2215,573 2267,576 2320,576 2373,577 2425,579 2478,581 2531,585 2583,585 2636,586 2689,588 2741,590 2794,591 2847,591 2899,593 2952,594 3005,596"/>
                <TextEquiv>
                    <Unicode>gen u. alt 20</Unicode>
                </TextEquiv>
            </TextLine>
            <TextLine id="tr_2_tl_6" custom="readingOrder {index:5;}">
                <Coords points="2201,717 2269,741 2375,724 2412,744 2449,724 2526,744 2600,729 2716,744 2725,697 2677,674 2619,697 2545,664 2469,681 2411,660 2360,684 2224,652 2198,667"/>
                <Baseline points="2208,707 2234,709 2260,710 2286,712 2312,714 2338,716 2364,716 2391,716 2417,718 2443,719 2469,719 2495,719 2521,719 2547,722 2574,725 2600,725 2626,726 2652,728 2678,728 2704,728 2731,725"/>
                <TextEquiv>
                    <Unicode>Wiener Stadttheater.</Unicode>
                </TextEquiv>
            </TextLine>
            <TextLine id="tr_2_tl_7" custom="readingOrder {index:6;}">
                <Coords points="1928,795 2535,778 3022,818 3021,746 2813,718 2320,744 2128,689 2021,735 1927,712"/>
                <Baseline points="1937,764 1991,761 2045,761 2100,763 2154,764 2209,767 2263,770 2318,770 2372,770 2427,773 2481,773 2535,777 2590,779 2644,781 2699,782 2753,783 2808,786 2862,788 2917,788 2971,791 3026,793"/>
                <TextEquiv>
                    <Unicode>(Zum ersten Male: „Freiwild, Schauspiel in drei Akten von</Unicode>
                </TextEquiv>
            </TextLine>
            <TextLine id="tr_2_tl_8" custom="readingOrder {index:7;}">
                <Coords points="2266,831 2537,823 2565,845 2639,829 2652,842 2665,838 2665,801 2628,805 2583,783 2514,798 2460,780 2417,795 2264,780"/>
                <Baseline points="2274,814 2300,816 2326,817 2352,819 2379,820 2405,820 2431,822 2457,823 2484,823 2510,823 2536,823 2562,824 2589,826 2615,826 2641,828 2668,832"/>
                <TextEquiv>
                    <Unicode>Artur Schnitzler</Unicode>
                </TextEquiv>
            </TextLine>
            <TextLine id="tr_2_tl_9" custom="readingOrder {index:8;}">
                <Coords points="2010,880 2984,906 3012,817 2736,800 2549,849 2007,814"/>
                <Baseline points="2017,856 2067,856 2117,859 2167,860 2217,862 2267,864 2317,865 2367,867 2417,868 2467,871 2517,871 2567,874 2617,874 2667,876 2717,877 2767,879 2817,883 2867,883 2917,886 2967,887 3017,889"/>
                <TextEquiv>
                    <Unicode>Ein merkwürdiges Wiedersehen. Jener Dichter, über den</Unicode>
                </TextEquiv>
            </TextLine>
            <TextLine id="tr_2_tl_10" custom="readingOrder {index:9;}">
                <Coords points="1920,919 3015,940 3013,892 1919,863"/>
                <Baseline points="1928,904 1982,907 2036,907 2091,907 2145,910 2200,910 2254,913 2309,915 2363,916 2418,919 2472,919 2526,919 2581,921 2635,924 2690,925 2744,928 2799,929 2853,933 2908,934 2962,937 3017,937"/>
                <TextEquiv>
                    <Unicode>sich so viele beklagen, daß er von der Erotik nicht loskommt, ha¬</Unicode>
                </TextEquiv>
            </TextLine>
            <TextLine id="tr_2_tl_11" custom="readingOrder {index:10;}">
                <Coords points="1913,973 2955,1006 3013,991 3012,940 1911,919"/>
                <Baseline points="1919,949 1973,956 2028,958 2083,958 2138,961 2193,961 2248,962 2303,964 2358,964 2413,967 2468,968 2522,970 2577,972 2632,976 2687,976 2742,979 2797,979 2852,982 2907,985 2962,985 3017,982"/>
                <TextEquiv>
                    <Unicode>eine schöne Spanne Zeit vor dem Weltkrieg ein Kampfstück gegen</Unicode>
                </TextEquiv>
            </TextLine>
            <TextLine id="tr_2_tl_12" custom="readingOrder {index:11;}">
                <Coords points="1910,1020 2910,1053 3018,1042 3018,994 1908,976"/>
                <Baseline points="1916,1002 1971,1003 2026,1005 2081,1007 2136,1008 2192,1008 2247,1009 2302,1011 2357,1011 2412,1014 2468,1017 2523,1019 2578,1020 2633,1023 2688,1023 2744,1024 2799,1028 2854,1032 2909,1032 2964,1032 3020,1032"/>
                <TextEquiv>
                    <Unicode>die Gesellschaft des Duellwanges, mehr als das gegen die</Unicode>
                </TextEquiv>
            </TextLine>
            <TextLine id="tr_2_tl_13" custom="readingOrder {index:12;}">
                <Coords points="1908,1062 2995,1102 3012,1043 1907,1022"/>
                <Baseline points="1916,1050 1971,1053 2026,1054 2081,1056 2136,1056 2191,1059 2246,1060 2301,1062 2356,1062 2411,1062 2466,1065 2521,1067 2576,1068 2631,1071 2686,1071 2741,1072 2796,1074 2851,1077 2906,1080 2961,1080 3017,1086"/>
                <TextEquiv>
                    <Unicode>wassenbewehrte Mannesehre geschrieben und in seiner anmutig</Unicode>
                </TextEquiv>
            </TextLine>
            <TextLine id="tr_2_tl_14" custom="readingOrder {index:13;}">
                <Coords points="1914,1117 3010,1134 3009,1100 2856,1082 1913,1059"/>
                <Baseline points="1922,1101 1976,1101 2031,1102 2085,1104 2140,1107 2195,1107 2249,1110 2304,1110 2358,1112 2413,1113 2468,1114 2522,1116 2577,1118 2631,1122 2686,1122 2741,1125 2795,1125 2850,1127 2904,1128 2959,1128 3014,1131"/>
                <TextEquiv>
                    <Unicode>spielerischen Art vieles, das meiste von dem gesagt, was die jüngere</Unicode>
                </TextEquiv>
            </TextLine>
            <TextLine id="tr_2_tl_15" custom="readingOrder {index:14;}">
                <Coords points="1916,1162 2878,1193 3010,1181 3009,1134 1914,1114"/>
                <Baseline points="1922,1146 1976,1149 2031,1150 2085,1152 2140,1155 2195,1158 2249,1158 2304,1160 2358,1161 2413,1161 2468,1165 2522,1168 2577,1168 2631,1167 2686,1167 2741,1171 2795,1173 2850,1173 2904,1176 2959,1173 3014,1176"/>
                <TextEquiv>
                    <Unicode>Generation der Hafenclever, Unruh, Zweig anno 1915 bis 1917</Unicode>
                </TextEquiv>
            </TextLine>
            <TextLine id="tr_2_tl_16" custom="readingOrder {index:15;}">
                <Coords points="1910,1205 2964,1245 3002,1239 3001,1182 1908,1162"/>
                <Baseline points="1916,1199 1970,1199 2024,1200 2079,1202 2133,1205 2188,1205 2242,1206 2297,1210 2351,1209 2406,1208 2460,1211 2514,1214 2569,1214 2623,1216 2678,1217 2732,1220 2787,1220 2841,1222 2896,1226 2950,1223 3005,1217"/>
                <TextEquiv>
                    <Unicode>in furchtbarer Erregung und recht umständlich aus sich heraus¬</Unicode>
                </TextEquiv>
            </TextLine>
            <TextLine id="tr_2_tl_17" custom="readingOrder {index:16;}">
                <Coords points="1916,1258 3004,1284 2993,1236 1914,1204"/>
                <Baseline points="1925,1247 1979,1247 2033,1248 2087,1250 2141,1252 2195,1253 2249,1256 2304,1257 2358,1259 2412,1259 2466,1259 2520,1262 2574,1264 2628,1265 2683,1268 2737,1268 2791,1268 2845,1270 2899,1271 2953,1274 3008,1274"/>
                <TextEquiv>
                    <Unicode>schleuderte. Da ist dieser Oberleutnant Karinski, der Schlachten¬</Unicode>
                </TextEquiv>
            </TextLine>
            <TextLine id="tr_2_tl_18" custom="readingOrder {index:17;}">
                <Coords points="1911,1307 2965,1347 3009,1285 1910,1270"/>
                <Baseline points="1919,1295 1973,1296 2028,1298 2083,1300 2138,1304 2192,1304 2247,1304 2302,1306 2357,1307 2411,1307 2466,1310 2521,1311 2576,1311 2630,1315 2685,1319 2740,1319 2795,1319 2849,1321 2904,1322 2959,1323 3014,1322"/>
                <TextEquiv>
                    <Unicode>mensch, von dem seine Kameraden sehr richtig sagen, daß er erst</Unicode>
                </TextEquiv>
            </TextLine>
            <TextLine id="tr_2_tl_19" custom="readingOrder {index:18;}">
                <Coords points="1910,1355 2988,1392 3001,1336 1908,1310"/>
                <Baseline points="1916,1343 1970,1346 2024,1346 2079,1348 2133,1352 2188,1352 2242,1355 2297,1355 2351,1355 2406,1355 2460,1358 2514,1358 2569,1360 2623,1361 2678,1364 2732,1367 2787,1367 2841,1369 2896,1370 2950,1373 3005,1373"/>
                <TextEquiv>
                    <Unicode>in Kriege seinen Daseinszweck fände und sein Gegenspiel, Paul</Unicode>
                </TextEquiv>
            </TextLine>
            <TextLine id="tr_2_tl_20" custom="readingOrder {index:19;}">
                <Coords points="1902,1406 3001,1436 2979,1378 1902,1353"/>
                <Baseline points="1910,1390 1964,1394 2019,1396 2074,1398 2129,1399 2183,1399 2238,1402 2293,1402 2348,1404 2402,1408 2457,1408 2512,1408 2567,1408 2621,1411 2676,1411 2731,1412 2786,1414 2840,1416 2895,1417 2950,1421 3005,1423"/>
                <TextEquiv>
                    <Unicode>Röming, der dem Waffenkoder die Stirn bietet. Und beide fallen</Unicode>
                </TextEquiv>
            </TextLine>
            <TextLine id="tr_2_tl_21" custom="readingOrder {index:20;}">
                <Coords points="1900,1452 2992,1487 3004,1436 1899,1401"/>
                <Baseline points="1907,1441 1962,1444 2017,1445 2072,1447 2127,1447 2182,1450 2237,1453 2292,1453 2347,1455 2402,1453 2457,1456 2512,1456 2567,1458 2622,1459 2677,1462 2732,1462 2787,1464 2842,1468 2897,1468 2952,1469 3008,1474"/>
                <TextEquiv>
                    <Unicode>dem eisernen Muß zum Opfer. Der Kreis der Männer um sie,</Unicode>
                </TextEquiv>
            </TextLine>
            <TextLine id="tr_2_tl_22" custom="readingOrder {index:21;}">
                <Coords points="1902,1501 3001,1529 2999,1487 2935,1472 1902,1450"/>
                <Baseline points="1910,1492 1964,1493 2019,1495 2074,1495 2129,1498 2183,1501 2238,1504 2293,1502 2348,1503 2402,1504 2457,1504 2512,1505 2567,1507 2621,1510 2676,1513 2731,1513 2786,1515 2840,1516 2895,1516 2950,1520 3005,1522"/>
                <TextEquiv>
                    <Unicode>jeder ein Thons, ist das Spiegelbild des Zeitalters, dem der</Unicode>
                </TextEquiv>
            </TextLine>
            <TextLine id="tr_2_tl_23" custom="readingOrder {index:22;}">
                <Coords points="1902,1555 2998,1574 2996,1532 2945,1521 1900,1504"/>
                <Baseline points="1910,1537 1964,1540 2019,1541 2073,1545 2128,1549 2183,1549 2237,1552 2292,1552 2346,1552 2401,1552 2456,1553 2510,1555 2565,1557 2619,1558 2674,1561 2729,1561 2783,1561 2838,1563 2892,1564 2947,1567 3002,1567"/>
                <TextEquiv>
                    <Unicode>August 1914 folgen mußte. Daß überdies jeder dieser Menschen</Unicode>
                </TextEquiv>
            </TextLine>
            <TextLine id="tr_2_tl_24" custom="readingOrder {index:23;}">
                <Coords points="1896,1600 2995,1624 2993,1572 2830,1561 1896,1569"/>
                <Baseline points="1904,1587 1958,1588 2013,1590 2068,1592 2123,1593 2177,1596 2232,1599 2287,1599 2342,1599 2396,1599 2451,1603 2506,1605 2561,1605 2615,1608 2670,1608 2725,1609 2780,1611 2834,1611 2889,1611 2944,1615 2999,1617"/>
                <TextEquiv>
                    <Unicode>ein Schicksal hat, das uns nahe geht, jeder begreiflich wird in</Unicode>
                </TextEquiv>
            </TextLine>
            <TextLine id="tr_2_tl_25" custom="readingOrder {index:24;}">
                <Coords points="1903,1654 2992,1669 2973,1618 1902,1600"/>
                <Baseline points="1910,1635 1964,1638 2018,1639 2072,1643 2127,1644 2181,1647 2235,1647 2290,1648 2344,1648 2398,1650 2453,1653 2507,1653 2561,1655 2615,1656 2670,1656 2724,1659 2778,1659 2833,1661 2887,1662 2941,1665 2996,1671"/>
                <TextEquiv>
                    <Unicode>seiner Menschlichkeit, auch der adnungslose Husarenleutnant Bogel</Unicode>
                </TextEquiv>
            </TextLine>
            <TextLine id="tr_2_tl_26" custom="readingOrder {index:25;}">
                <Coords points="1896,1702 2247,1757 2452,1712 2679,1759 2973,1745 2992,1669 1894,1652"/>
                <Baseline points="1904,1689 1958,1689 2013,1690 2067,1694 2122,1695 2177,1695 2231,1696 2286,1698 2340,1698 2395,1701 2450,1702 2504,1704 2559,1706 2613,1707 2668,1707 2723,1710 2777,1712 2832,1713 2886,1713 2941,1716 2996,1713"/>
                <TextEquiv>
                    <Unicode>ist hoffentlich für dieses Bühnenwerk noch immer nicht disquali¬</Unicode>
                </TextEquiv>
            </TextLine>
            <TextLine id="tr_2_tl_27" custom="readingOrder {index:26;}">
                <Coords points="1900,1780 1940,1776 1956,1785 1999,1755 2036,1742 2047,1748 2071,1742 2122,1759 2121,1728 2081,1718 2053,1725 2025,1700 2017,1708 1982,1700 1968,1708 1947,1689 1920,1702 1899,1698"/>
                <Baseline points="1907,1740 1934,1740 1961,1740 1988,1740 2016,1740 2043,1740 2070,1742 2097,1744 2125,1746"/>
                <TextEquiv>
                    <Unicode>fizierend.</Unicode>
                </TextEquiv>
            </TextLine>
            <TextLine id="tr_2_tl_28" custom="readingOrder {index:27;}">
                <Coords points="1981,1809 2985,1825 2995,1762 1979,1757"/>
                <Baseline points="1987,1784 2037,1787 2088,1790 2138,1791 2189,1793 2240,1795 2290,1796 2341,1796 2391,1799 2442,1799 2493,1802 2543,1802 2594,1802 2644,1802 2695,1804 2746,1805 2796,1808 2847,1809 2897,1811 2948,1812 2999,1811"/>
                <TextEquiv>
                    <Unicode>Die Aufführung unter Herzkas Spielleitung war sehr</Unicode>
                </TextEquiv>
            </TextLine>
            <TextLine id="tr_2_tl_29" custom="readingOrder {index:28;}">
                <Coords points="1893,1850 2995,1866 2993,1823 2908,1814 1993,1808 1891,1771"/>
                <Baseline points="1901,1832 1955,1835 2010,1836 2065,1838 2120,1841 2175,1841 2230,1842 2285,1844 2340,1844 2395,1844 2450,1847 2504,1848 2559,1850 2614,1850 2669,1853 2724,1855 2779,1855 2834,1856 2889,1859 2944,1862 2999,1865"/>
                <TextEquiv>
                    <Unicode>ansprechend. Am besten Julius Strobl als Karinski. Philipp</Unicode>
                </TextEquiv>
            </TextLine>
            <TextLine id="tr_2_tl_30" custom="readingOrder {index:29;}">
                <Coords points="1896,1897 2995,1920 2993,1874 2837,1859 1894,1850"/>
                <Baseline points="1904,1877 1958,1884 2013,1886 2068,1886 2123,1889 2177,1892 2232,1892 2287,1892 2342,1895 2396,1895 2451,1898 2506,1898 2561,1900 2615,1901 2670,1904 2725,1904 2780,1906 2834,1907 2889,1910 2944,1911 2999,1913"/>
                <TextEquiv>
                    <Unicode>Zeska als Paul Röming trefflich, nur ein wenig zu lant. Zu</Unicode>
                </TextEquiv>
            </TextLine>
            <TextLine id="tr_2_tl_31" custom="readingOrder {index:30;}">
                <Coords points="1900,1944 2995,1971 2993,1919 2921,1910 1899,1897"/>
                <Baseline points="1907,1931 1961,1932 2016,1934 2070,1936 2125,1937 2180,1940 2234,1941 2289,1943 2343,1945 2398,1946 2453,1946 2507,1947 2562,1949 2616,1949 2671,1952 2726,1953 2780,1955 2835,1955 2889,1958 2944,1958 2999,1961"/>
                <TextEquiv>
                    <Unicode>viel Brustton. Der Röming ist einer von jenen wohlerzogenen</Unicode>
                </TextEquiv>
            </TextLine>
            <TextLine id="tr_2_tl_32" custom="readingOrder {index:31;}">
                <Coords points="1893,1991 2918,2028 2988,2021 2987,1970 1891,1948"/>
                <Baseline points="1901,1984 1955,1981 2010,1982 2064,1984 2119,1987 2174,1987 2228,1990 2283,1992 2337,1991 2392,1993 2447,1996 2501,1996 2556,1996 2610,1999 2665,1999 2720,2002 2774,2002 2829,2004 2883,2008 2938,2008 2993,2014"/>
                <TextEquiv>
                    <Unicode>jungen Leuten Schnitzlers, die sich inner in der Gewalt haben.</Unicode>
                </TextEquiv>
            </TextLine>
            <TextLine id="tr_2_tl_33" custom="readingOrder {index:32;}">
                <Coords points="1890,2050 2978,2065 2976,2014 1888,1991"/>
                <Baseline points="1898,2032 1952,2030 2006,2033 2060,2033 2114,2034 2168,2038 2222,2038 2277,2039 2331,2041 2385,2044 2439,2044 2493,2044 2547,2045 2601,2047 2656,2050 2710,2050 2764,2053 2818,2053 2872,2055 2926,2056 2981,2062"/>
                <TextEquiv>
                    <Unicode>Er schlägt den Karinske nicht, weil sein Te verament durch</Unicode>
                </TextEquiv>
            </TextLine>
            <TextLine id="tr_2_tl_34" custom="readingOrder {index:33;}">
                <Coords points="1888,2091 2992,2113 2990,2053 2511,2082 1886,2030"/>
                <Baseline points="1895,2083 1950,2080 2005,2081 2060,2083 2115,2086 2170,2089 2225,2089 2280,2091 2335,2092 2390,2092 2445,2093 2500,2095 2555,2097 2610,2098 2665,2101 2720,2101 2775,2103 2830,2104 2885,2104 2940,2107 2996,2110"/>
                <TextEquiv>
                    <Unicode>geht, sondern weil er ihn züchtigen will. Thea</Unicode>
                </TextEquiv>
            </TextLine>
            <TextLine id="tr_2_tl_35" custom="readingOrder {index:34;}">
                <Coords points="1886,2138 2992,2172 2990,2113 2862,2102 1886,2088"/>
                <Baseline points="1895,2131 1950,2129 2005,2131 2060,2133 2115,2137 2170,2140 2225,2138 2280,2140 2335,2140 2390,2140 2445,2141 2500,2143 2555,2147 2610,2149 2665,2149 2720,2150 2775,2152 2830,2152 2885,2155 2940,2158 2996,2158"/>
                <TextEquiv>
                    <Unicode>Rosenquist gab die Anna Riedl, zu stark agierend, zu</Unicode>
                </TextEquiv>
            </TextLine>
            <TextLine id="tr_2_tl_36" custom="readingOrder {index:35;}">
                <Coords points="1880,2192 2985,2215 2984,2165 1879,2136"/>
                <Baseline points="1889,2176 1944,2178 1999,2178 2054,2180 2109,2181 2164,2184 2219,2184 2274,2186 2329,2187 2384,2187 2439,2188 2494,2192 2549,2193 2604,2193 2659,2194 2714,2196 2769,2198 2824,2202 2879,2202 2934,2203 2990,2205"/>
                <TextEquiv>
                    <Unicode>sehr flackernd für dieses edle Mädchen, das sich so tapfer vor</Unicode>
                </TextEquiv>
            </TextLine>
            <TextLine id="tr_2_tl_37" custom="readingOrder {index:36;}">
                <Coords points="1888,2246 2928,2270 2985,2259 2984,2216 1886,2182"/>
                <Baseline points="1895,2226 1949,2226 2004,2227 2059,2231 2114,2229 2168,2232 2223,2232 2278,2234 2333,2235 2387,2235 2442,2238 2497,2239 2552,2241 2606,2244 2661,2244 2716,2245 2771,2247 2825,2249 2880,2253 2935,2251 2990,2250"/>
                <TextEquiv>
                    <Unicode>seinem Geliebten verbirgt. Schnitzlers Kunst des largen Andrucks</Unicode>
                </TextEquiv>
            </TextLine>
            <TextLine id="tr_2_tl_38" custom="readingOrder {index:37;}">
                <Coords points="1883,2284 2747,2318 2975,2309 2981,2261 1882,2238"/>
                <Baseline points="1892,2274 1946,2277 2001,2278 2055,2280 2110,2280 2165,2283 2219,2283 2274,2285 2328,2286 2383,2286 2438,2289 2492,2289 2547,2291 2601,2292 2656,2295 2711,2295 2765,2296 2820,2298 2874,2298 2929,2298 2984,2301"/>
                <TextEquiv>
                    <Unicode>verlangt nach Darstellern mit kargen Bewegungen und verhaltenen</Unicode>
                </TextEquiv>
            </TextLine>
            <TextLine id="tr_2_tl_39" custom="readingOrder {index:38;}">
                <Coords points="1880,2326 2802,2369 2982,2361 2981,2309 1879,2281"/>
                <Baseline points="1889,2322 1943,2325 1998,2326 2053,2328 2108,2331 2162,2331 2217,2334 2272,2334 2327,2336 2381,2337 2436,2338 2491,2340 2546,2340 2600,2343 2655,2343 2710,2344 2765,2346 2819,2348 2874,2352 2929,2349 2984,2352"/>
                <TextEquiv>
                    <Unicode>Ausdruck. Von den übrigen Mitwirkenden, die durchand obens¬</Unicode>
                </TextEquiv>
            </TextLine>
            <TextLine id="tr_2_tl_40" custom="readingOrder {index:39;}">
                <Coords points="1880,2381 2975,2432 2945,2357 1880,2341"/>
                <Baseline points="1889,2375 1943,2376 1997,2378 2052,2378 2106,2381 2161,2381 2215,2384 2270,2382 2324,2381 2379,2384 2433,2387 2487,2388 2542,2390 2596,2392 2651,2393 2705,2398 2760,2397 2814,2401 2869,2402 2923,2400 2978,2402"/>
                <TextEquiv>
                    <Unicode>wert sind, wären Adrienne Geßner, Ludwig Ner Fel¬</Unicode>
                </TextEquiv>
            </TextLine>
            <TextLine id="tr_2_tl_41" custom="readingOrder {index:40;}">
                <Coords points="1876,2477 2335,2452 2623,2494 2915,2460 2876,2401 1873,2383"/>
                <Baseline points="1883,2429 1934,2426 1986,2426 2038,2427 2090,2431 2142,2432 2193,2435 2245,2435 2297,2435 2349,2435 2401,2437 2452,2438 2504,2441 2556,2441 2608,2442 2660,2445 2711,2447 2763,2447 2815,2447 2867,2450 2919,2450"/>
                <TextEquiv>
                    <Unicode>Norfolk und Paul Richter blondes zu nennen.</Unicode>
                </TextEquiv>
            </TextLine>
            <TextLine id="tr_2_tl_42" custom="readingOrder {index:41;}">
                <Coords points="2827,2540 2848,2534 2873,2538 2901,2525 2916,2531 2927,2529 2927,2452 2918,2452 2899,2466 2890,2461 2882,2468 2853,2454 2827,2463"/>
                <Baseline points="2835,2507 2867,2507 2899,2507 2931,2507"/>
                <TextEquiv>
                    <Unicode>9.</Unicode>
                </TextEquiv>
            </TextLine>
            <TextLine id="tr_2_tl_43" custom="readingOrder {index:42;}">
                <Coords points="2101,2623 2147,2648 2218,2637 2263,2669 2307,2639 2407,2660 2446,2637 2523,2639 2521,2571 2458,2569 2426,2589 2375,2566 2304,2572 2278,2548 2199,2543 2099,2563"/>
                <Baseline points="2107,2617 2133,2622 2159,2626 2185,2626 2211,2627 2237,2629 2263,2629 2289,2629 2316,2631 2342,2632 2368,2632 2394,2632 2420,2632 2446,2630 2472,2629 2498,2627 2525,2626"/>
                <TextEquiv>
                    <Unicode>in the</Unicode>
                </TextEquiv>
            </TextLine>
            <TextLine id="tr_2_tl_44" custom="readingOrder {index:43;}">
                <Coords points="2586,2626 2659,2628 2750,2674 2783,2679 2807,2663 2870,2694 2924,2682 2907,2575 2885,2583 2791,2562 2722,2582 2629,2566 2579,2577"/>
                <Baseline points="2593,2617 2618,2622 2644,2627 2669,2630 2695,2634 2720,2637 2746,2642 2771,2647 2797,2652 2822,2657 2848,2660 2873,2663 2899,2667 2925,2665"/>
                <TextEquiv>
                    <Unicode>SOI</Unicode>
                </TextEquiv>
            </TextLine>
            <TextLine id="tr_2_tl_45" custom="readingOrder {index:44;}">
                <Coords points="2021,2716 2142,2763 2195,2723 2309,2719 2401,2750 2591,2730 2589,2657 2542,2662 2514,2639 2415,2652 2374,2691 2298,2646 2210,2671 2019,2632"/>
                <Baseline points="2029,2707 2057,2705 2085,2704 2113,2704 2141,2704 2170,2704 2198,2704 2226,2705 2254,2707 2282,2707 2311,2708 2339,2710 2367,2712 2395,2714 2423,2715 2452,2716 2480,2716 2508,2716 2536,2716 2564,2716 2593,2713"/>
                <TextEquiv>
                    <Unicode>et</Unicode>
                </TextEquiv>
            </TextLine>
            <TextLine id="tr_2_tl_46" custom="readingOrder {index:45;}">
                <Coords points="2236,2822 2264,2827 2283,2813 2329,2833 2352,2822 2384,2824 2380,2751 2340,2743 2309,2719 2278,2730 2269,2720 2253,2730 2246,2722 2230,2728"/>
                <Baseline points="2241,2784 2270,2784 2299,2785 2328,2787 2357,2791 2387,2793"/>
                <TextEquiv>
                    <Unicode>W</Unicode>
                </TextEquiv>
            </TextLine>
            <TextLine id="tr_2_tl_47" custom="readingOrder {index:46;}">
                <Coords points="1865,3223 1954,3203 2175,3203 2207,3226 2300,3204 2355,3235 2503,3218 2501,3149 2357,3132 2209,3147 2081,3127 2001,3178 1865,3175"/>
                <Baseline points="1874,3208 1905,3206 1937,3204 1968,3202 2000,3204 2032,3205 2063,3205 2095,3205 2127,3205 2158,3205 2190,3205 2222,3207 2253,3209 2285,3211 2317,3211 2348,3211 2380,3212 2412,3214 2443,3214 2475,3214 2507,3214"/>
                <TextEquiv>
                    <Unicode>weisen der und</Unicode>
                </TextEquiv>
            </TextLine>
            <TextLine id="tr_2_tl_48" custom="readingOrder {index:47;}">
                <Coords points="1860,3250 2021,3281 2518,3247 2804,3295 2814,3170 2583,3163 2498,3229 2306,3195 2213,3227 1860,3220"/>
                <Baseline points="1868,3247 1915,3250 1962,3250 2010,3250 2057,3250 2105,3250 2152,3253 2200,3251 2247,3255 2295,3252 2342,3250 2389,3250 2437,3250 2484,3248 2532,3247 2579,3245 2627,3242 2674,3239 2722,3238 2769,3241 2817,3238"/>
                <TextEquiv>
                    <Unicode>meene die Messing unrichische Volk</Unicode>
                </TextEquiv>
            </TextLine>
            <TextLine id="tr_2_tl_49" custom="readingOrder {index:48;}">
                <Coords points="1890,3380 2705,3412 2783,3391 2782,3304 2637,3311 2531,3271 1888,3304"/>
                <Baseline points="1898,3355 1942,3363 1986,3366 2031,3366 2075,3369 2120,3369 2164,3369 2209,3372 2253,3372 2298,3372 2342,3372 2386,3372 2431,3375 2475,3375 2520,3375 2564,3375 2609,3378 2653,3378 2698,3378 2742,3381 2787,3384"/>
                <TextEquiv>
                    <Unicode>Theater und Kunst.</Unicode>
                </TextEquiv>
            </TextLine>
            <TextLine id="tr_2_tl_50" custom="readingOrder {index:49;}">
                <Coords points="1905,3451 2787,3463 2816,3405 1903,3391"/>
                <Baseline points="1913,3426 1958,3429 2003,3432 2049,3432 2094,3432 2139,3435 2185,3435 2230,3438 2275,3438 2321,3438 2366,3438 2411,3438 2457,3441 2502,3441 2547,3444 2593,3444 2638,3444 2683,3444 2729,3445 2774,3447 2820,3447"/>
                <TextEquiv>
                    <Unicode>Stadttheater. Zum erstenmal „Freiwild von</Unicode>
                </TextEquiv>
            </TextLine>
            <TextLine id="tr_2_tl_51" custom="readingOrder {index:50;}">
                <Coords points="1845,3505 1981,3474 2824,3513 2807,3454 1976,3452 1843,3412"/>
                <Baseline points="1853,3468 1901,3471 1950,3471 1998,3474 2047,3475 2096,3477 2144,3478 2193,3480 2242,3480 2290,3482 2339,3483 2388,3483 2436,3483 2485,3486 2534,3487 2582,3489 2631,3489 2680,3489 2728,3489 2777,3491 2826,3495"/>
                <TextEquiv>
                    <Unicode>Actur Schnitzler. Das war eine Zeit, wo noch</Unicode>
                </TextEquiv>
            </TextLine>
            <TextLine id="tr_2_tl_52" custom="readingOrder {index:51;}">
                <Coords points="1860,3523 2770,3553 2822,3549 2822,3506 1859,3476"/>
                <Baseline points="1868,3516 1915,3516 1963,3519 2011,3519 2059,3519 2107,3519 2155,3520 2203,3522 2251,3524 2299,3525 2347,3525 2394,3525 2442,3525 2490,3528 2538,3528 2586,3531 2634,3531 2682,3534 2730,3534 2778,3535 2826,3537"/>
                <TextEquiv>
                    <Unicode>ehrfurchtsvolle Schauer die Menschheit umfingen,</Unicode>
                </TextEquiv>
            </TextLine>
            <TextLine id="tr_2_tl_53" custom="readingOrder {index:52;}">
                <Coords points="1862,3566 2740,3593 2816,3583 2816,3548 1860,3523"/>
                <Baseline points="1871,3558 1918,3560 1965,3560 2013,3560 2060,3561 2108,3563 2155,3563 2203,3564 2250,3566 2298,3568 2345,3569 2392,3569 2440,3569 2487,3571 2535,3572 2582,3572 2630,3572 2677,3575 2725,3575 2772,3575 2820,3575"/>
                <TextEquiv>
                    <Unicode>wenn vom Ehrenrat der Offiziere die Rede war.</Unicode>
                </TextEquiv>
            </TextLine>
            <TextLine id="tr_2_tl_54" custom="readingOrder {index:53;}">
                <Coords points="1862,3613 2825,3627 2805,3582 1862,3566"/>
                <Baseline points="1871,3602 1918,3602 1966,3602 2014,3605 2062,3605 2110,3605 2158,3606 2206,3608 2254,3610 2302,3611 2350,3611 2397,3611 2445,3613 2493,3614 2541,3614 2589,3614 2637,3617 2685,3617 2733,3617 2781,3618 2829,3620"/>
                <TextEquiv>
                    <Unicode>Alt und abgestaubt wie Schatten der Vergangenheit</Unicode>
                </TextEquiv>
            </TextLine>
            <TextLine id="tr_2_tl_55" custom="readingOrder {index:54;}">
                <Coords points="1862,3651 2800,3677 2816,3633 1860,3614"/>
                <Baseline points="1871,3644 1918,3647 1965,3647 2013,3650 2060,3650 2108,3650 2155,3651 2203,3653 2250,3653 2298,3653 2345,3655 2392,3656 2440,3656 2487,3658 2535,3659 2582,3659 2630,3659 2677,3662 2725,3662 2772,3662 2820,3659"/>
                <TextEquiv>
                    <Unicode>muten diese Menschen, die von Aeußerlichkeiten ab¬</Unicode>
                </TextEquiv>
            </TextLine>
            <TextLine id="tr_2_tl_56" custom="readingOrder {index:55;}">
                <Coords points="1857,3694 2776,3722 2819,3711 2819,3668 1856,3645"/>
                <Baseline points="1865,3689 1912,3689 1960,3689 2008,3692 2056,3692 2104,3692 2152,3693 2200,3695 2248,3695 2296,3697 2344,3698 2391,3698 2439,3698 2487,3701 2535,3701 2583,3701 2631,3701 2679,3704 2727,3705 2775,3707 2823,3704"/>
                <TextEquiv>
                    <Unicode>hängen, an. Dem trefflich gebauten Stück brachte</Unicode>
                </TextEquiv>
            </TextLine>
            <TextLine id="tr_2_tl_57" custom="readingOrder {index:56;}">
                <Coords points="1854,3739 2817,3767 2816,3717 2756,3710 1854,3696"/>
                <Baseline points="1862,3731 1909,3731 1957,3734 2005,3734 2053,3734 2101,3734 2149,3735 2197,3738 2245,3740 2293,3740 2341,3740 2388,3740 2436,3742 2484,3743 2532,3743 2580,3743 2628,3746 2676,3747 2724,3749 2772,3749 2820,3752"/>
                <TextEquiv>
                    <Unicode>das Publikum ein sonderliches Interesse entgegen.</Unicode>
                </TextEquiv>
            </TextLine>
            <TextLine id="tr_2_tl_58" custom="readingOrder {index:57;}">
                <Coords points="1857,3781 2813,3808 2793,3754 1857,3738"/>
                <Baseline points="1865,3772 1912,3775 1959,3775 2007,3778 2054,3778 2102,3778 2149,3779 2197,3781 2244,3782 2292,3784 2339,3784 2386,3784 2434,3784 2481,3786 2529,3787 2576,3790 2624,3787 2671,3790 2719,3790 2766,3793 2814,3793"/>
                <TextEquiv>
                    <Unicode>Die Darstellung durch Fräulein Rosenquist,</Unicode>
                </TextEquiv>
            </TextLine>
            <TextLine id="tr_2_tl_59" custom="readingOrder {index:58;}">
                <Coords points="1854,3835 2813,3852 2824,3807 1853,3785"/>
                <Baseline points="1862,3817 1910,3820 1958,3820 2006,3820 2054,3821 2103,3823 2151,3824 2199,3826 2247,3826 2295,3826 2344,3828 2392,3829 2440,3829 2488,3829 2536,3829 2585,3832 2633,3832 2681,3832 2729,3833 2777,3835 2826,3835"/>
                <TextEquiv>
                    <Unicode>die sich als allererste Kraft erweist, und die Herren</Unicode>
                </TextEquiv>
            </TextLine>
            <TextLine id="tr_2_tl_60" custom="readingOrder {index:59;}">
                <Coords points="1857,3864 2421,3919 2484,3881 2813,3885 2811,3842 2737,3836 1856,3828"/>
                <Baseline points="1865,3862 1912,3865 1960,3865 2007,3866 2055,3868 2103,3869 2150,3872 2198,3875 2245,3877 2293,3874 2341,3871 2388,3873 2436,3874 2483,3876 2531,3877 2579,3880 2626,3877 2674,3877 2721,3877 2769,3880 2817,3883"/>
                <TextEquiv>
                    <Unicode>Strobl und Zeska war ganz vortrefflich.</Unicode>
                </TextEquiv>
            </TextLine>
            <TextLine id="tr_2_tl_61" custom="readingOrder {index:60;}">
                <Coords points="2135,3943 2219,3953 2246,3943 2263,3955 2286,3944 2307,3952 2338,3944 2384,3958 2381,3875 2338,3901 2301,3879 2243,3896 2230,3885 2210,3893 2195,3879 2159,3879 2133,3893"/>
                <Baseline points="2143,3916 2170,3916 2197,3917 2224,3918 2251,3921 2278,3922 2305,3922 2332,3922 2359,3923 2386,3924"/>
                <TextEquiv>
                    <Unicode>.A.</Unicode>
                </TextEquiv>
            </TextLine>
            <TextLine id="tr_2_tl_62" custom="readingOrder {index:61;}">
                <Coords points="2674,3955 2700,3950 2708,3958 2714,3955 2751,3966 2804,3953 2799,3895 2788,3895 2774,3884 2765,3887 2759,3882 2750,3892 2740,3893 2720,3884 2691,3896 2669,3895"/>
                <Baseline points="2680,3919 2705,3922 2730,3925 2755,3927 2780,3928 2805,3928"/>
                <TextEquiv>
                    <Unicode></Unicode>
                </TextEquiv>
            </TextLine>
            <TextEquiv>
                <Unicode></Unicode>
            </TextEquiv>
        </TextRegion>
    </Page>
</PcGts>
