3484 4384
178 76 1003 145 mählich die Geister sich beruhigen und in
173 124 998 194 klärter Ruhe reifere und ästhetisch schönere
168 166 1004 242 Nerke liefern. Ob sie dann nationaler sein
170 227 1004 295 erden in dem Sinne, wie es jene Litteratur¬
168 264 1008 353 eunde wollen, können wir heute so wenig
170 320 1010 400 wissen, wie wir in anderen Dingen die Zukunft
166 386 1013 456 forherzusagen vermögen. Sollte aber eintreten,
173 418 1014 495 was jene wünschen und erstreben, sollten die
170 478 1020 564 Nationen in Politik und Leben wieder schroffer
168 511 1022 608 einander gegenübertreten, was wir weder
168 566 1016 651 glauben noch wünschen möchten, so würde
176 627 1029 703 wohl auch in der Litteratur ganz von selbst
178 664 1023 759 das Nationale wieder mehr in den Vorder¬
178 730 1020 805 grund treten. Würde aber das Gegentheil ein¬
178 761 1023 852 treten, so muss auch das allgemein Mensch¬
172 810 1037 899 liche in der Litteratur immer mehr an Boden
179 869 1035 955 gewinnen. Mit Wünschen und Gewaltmass¬
170 919 1031 1005 regeln aber lässt sich der Lauf der Welt¬
175 954 1044 1064 geschichte nicht dauernd beeinflussen und
187 1023 1044 1101 lenken. Darum warten wir ab und gönnen
188 1068 1051 1151 wir vor allem unseren Dichtern und Denkern
187 1124 832 1225 Freiheit in jeglichem Sinne.
271 1265 1051 1328 In der „Fortnightly Revier gibt W. K.
195 1301 1050 1375 Johnson ein äusserst sympathisches Bild Katho¬
195 1340 1051 1428 rinas der Grossen von Russland. — Mrs. Virginin
199 1383 1055 1463 Crawford veröffentlicht eine interessante Studie
202 1422 1056 1502 über den belgischen Dichter Emile Verhaeren.
258 1459 1058 1536 Sir Francis Gallon will versuchen, eine
206 1504 1063 1580 Verbindung zwischen den Bewohnern des Mars und
205 1551 1062 1629 unseres Planeten herzustellen. Zu diesem Zwecke
205 1580 1061 1668 schlägt er Riesenhieroglyphen vor, welche die Mars¬
212 1626 1062 1697 bewohner wahrscheinlich leicht entziffern werden,
216 1678 1067 1754 vorausgesetzt, dass sie wissenschaftlich ebenso
216 1706 1065 1790 weit vorgeschritten seien wie wir, was allerdings
213 1766 624 1845 noch nicht bewiesen ist.
295 1818 1077 1882 In der polnischen Zeitschrift „Przegląd Polski
226 1857 1079 1940 beleuchtet E. Lipnicki in seiner Studie über
226 1900 1077 1981 Ungarn und seine Ausstellung die Dienste, welche
225 1932 1078 2010 dem Lande von den Habsburgern erwiesen worden
224 1986 1082 2055 seien. Die Regierung Franz Josephs I. wird in der
229 2022 1079 2102 Geschichte Ungarns als das goldene Zeitalter be¬
222 2083 517 2150 zeichnet werden.
313 2143 1085 2203 „Cobue“ ist der Name einer rumänischen Zeit¬
235 2166 1086 2251 schrift, in welcher unter dem Titel „Philologische
235 2212 1084 2287 Notizen eine originelle Besprechung der Hundo¬
244 2253 1093 2324 namen zu finden ist. Die Christen, sagt der Autor,
240 2291 1089 2380 geben dem Freund des Menschen die Namen heid¬
241 2332 1093 2403 nischer Gottheiten, wie Diana, Castor; die Franzosen
243 2371 1106 2454 taufen sie: Bismarck, Crispi während die Deutschen
241 2414 1103 2489 die Namen Napoleon und Franzos wählen. Im
240 2449 1101 2521 Banat und in der Marmaros hört man die Hirten ihre
247 2490 1106 2565 Hunde Piru, Zagurta, Cimbru rufen, in welchen
251 2537 1107 2607 Namen man leicht Pyrrhus, Jugurtha, Cimber,
249 2568 1111 2649 erkennen könne, welche im Volksmunde noch
247 2605 1109 2683 2500 Jahre nach dem Verschwinden der Helden, die
256 2651 1110 2726 diese Namen trugen, fortleben. Ueber das Warum?
252 2688 1113 2770 klärt der Dichter die Leser nicht auf, sondern über¬
262 2739 894 2816 lässt diese Aufgabe dem Psychologen.
342 2771 1120 2880 Henri Beranger liefert in der „Vie Contem¬
268 2837 1121 2921 poraine“ eine schneidende Analyse der Pariser
271 2885 1128 2958 Kritiker. Paris habe zuviel Vice-Brunetières und
273 2916 1126 3002 keinen einzigen Saint-Beuve, Beranger schreibt
273 2955 1129 3043 die Schuld daran der Universität zu, die mehr
278 2998 1129 3080 Professoren erzeugt, als sie Stellen zu vergeben
273 3033 1134 3122 hat; die Stellenlosen werden dann, des Wartens
269 3092 1133 3176 müde, zu Kritikern. Sie reden dann eine Sprache,
278 3123 1135 3195 die weder Philosophie, noch Litteratur, noch
279 3157 1138 3246 Kunst sei. An Stelle von Werken machen sie
288 3214 1142 3291 Formeln und schaffen bis in's Unzählige Schulen
283 3270 705 3350 und Wörter auf vismus.
370 3322 1144 3403 Die Sprache der Blumen ist Manchem unklar,
292 3363 1117 3446 jene der Dornen aber versteht jeder. Gräfin,
375 3434 1145 3510 Je langsamer die Schritte werden, um so
964 3475 1115 3538 Gräfin
291 3492 802 3562 rascher führen sie zum Grabe.
384 3522 1155 3624 Die Nahrung des Geistes sei, wie die des
301 3596 1158 3668 Körpers, gehaltvoll, kräftig aber nicht zu stark ge¬
310 3629 1167 3705 würzt, genügend, aber nicht übermässig — nur
309 3685 854 3756 dann kann sie gedeihlich wirken.
630 3704 1139 3791 Paula Baronin Bülow- Wendhausen.
1399 3685 1529 3735 München,
1992 95 2836 148 Aber das heidnische Gothe-Wort vom be-
1992 112 2833 188 scheidensein der Lumpe ist auch nicht schlecht.
1993 157 2838 226 Eine kleine Zahl von Leuten, die ich ungern
1993 199 2841 275 als ganz dumm herstellen möchte, weil ich
1992 233 2841 303 dazu gehöre, legt die bestimmte Ansicht,
1997 274 2841 348 dass die Hauptstadt der Deutschen heut die
2002 316 2844 391 Hauptstadt des europäischen Dramas ist. Ein
2006 362 2847 430 Vergleich mit Paris (Österreichische Leser
2009 401 2845 467 werden verzeihen, wenn diesmal blos diese
2003 450 2852 514 Stadt in Betracht gezogen wird) ergibt eins,
2003 496 2721 555 zwei, drei die Ueberlegenheit Berlins.
2096 542 2252 594 Warum?
2093 550 2852 631 Darum. Was in Paris Wesentliches er¬
2017 596 2858 666 scheint, wird auch an der Spree gespielt.
2012 637 2859 706 Aber zugleich ist Berlin die älteste und
2017 674 2861 751 reifste Ibsenstadt Europas. Zugleich ist Berlin
2021 716 2856 786 für Gerhart Hauptmann's mattstrahlende
2020 757 2854 836 Kunst die Wiege und die wichtigste Pflege¬
2027 810 2867 869 stätte. Zugleich gibt Berlin vom weltlittera¬
2020 837 2864 910 risch Guten der Vergangenheit die anstän¬
2030 875 2870 947 digste Auswahl. Zugleich wird hier die
2033 921 2867 988 Operette, als das Musikdrama der Mikro-
2027 958 2877 1025 cephalen, auf den kleinsten Raum verdrängt.
2027 998 2873 1067 Zugleich ist man hier frei von schwach¬
2033 1045 2887 1113 sinniger Mimenverehrung. Das Alles ist nicht
2036 1097 2425 1159 oft genug zu sagen.
2117 1099 2886 1193 Immin: auch wir kochen mit Wasser.
2039 1167 2883 1226 Neben dem Grossen und Keimfähigen, was
2042 1209 2883 1270 dieser Boden hochtreibt, wuchert die übel¬
2046 1244 2886 1308 riechende Masse der klebrigen Dramenhändler.
2042 1294 2888 1350 Die miserrima plebs der Schwindler, der Po¬
2044 1314 2891 1393 seure, der Krüppel, der Petrefakten. Nur sind
2048 1367 2668 1430 sie anderswo mächtiger als hier.
2129 1407 2898 1471 Beide Richtungen kamen in diesem Winter
2046 1463 2292 1530 zum Worte.
2144 1561 2902 1626 Um einen Augenblick bei den Franzosen
2057 1602 2902 1679 zu bleiben: Hervien und Prévost wurden ge¬
2066 1637 2912 1714 spielt, neben dem Possenkram, und beide
2063 1687 2915 1752 mit Hohngelächter verabschiedet. Bei den
2069 1720 2919 1792 Demi-Vierges war das unauffällig; sie hatten
2069 1758 2915 1828 schon daheim kein gutes Schicksal. Der
2069 1810 2914 1868 Roman enthielt eine einzige dramatische
2071 1837 2917 1926 Scene in der Wohnung des Helden. Und
2068 1875 2925 1965 so dramatisch diese Scene ist, so unmöglich
2081 1922 2921 1996 schien sie für keusche Augen auf der Bühne.
2081 1971 2931 2038 Damit fiel auch das Letzte weg. Hervieus
2081 2001 2930 2070 Tenailles wurden in Frankreich sehr ernst
2085 2038 2930 2121 genommen. In Berlin begriff man sofort, dass
2084 2079 2933 2158 diese Feindseligkeit einer ehelichen Sphäre
2084 2131 2930 2197 in den Oberflächen erschaut war, wo neue
2090 2156 2928 2232 deutsche Dramen, nicht blos das Friedens¬
2087 2190 2931 2279 fest, an tiefer packende Wesensschilderung
2090 2239 2933 2324 gewöhnt hatten. Man lachte kopfschüttelnd
2085 2290 2641 2362 über diese Unzulänglichkeit.
2179 2311 2940 2402 Von deutschen Werken war Hauptmann's
2101 2364 2937 2445 »Versunkene Glocke, das Grösste, was die
2100 2393 2943 2474 erste Winterhälfte gegeben hat. Die zweite
2102 2444 2942 2515 wird nichts Grösseres bringen. Eine strahlende,
2098 2479 2942 2555 naturmächtige Zauberwelt voll hinreissender
2108 2517 2952 2598 sinnlicher Pracht lebt in diesem tragischen
2108 2556 2946 2633 Märchen. Der schmerzenstiefe, gramgewaltige
2105 2600 2949 2674 Reiz und die verklingende Sehnsucht geben
2108 2638 2949 2711 das Erlebteste aus Gerhart Hauptmann's
2110 2676 2947 2758 ganzem Bereich Ein Künstler eine Elfe
2114 2721 2954 2794 liebend: der Flug zum Uebermenschlichen und
2112 2759 2955 2845 der ewige Traum von bürgerlicher Befreiung
2120 2802 2960 2875 erhalten Gestalt. Dieser Glockengiesser,
2120 2847 2964 2915 der in Rautendelein's luftigen Kreis geräth
2122 2881 2959 2964 und mit der Einzigen die irdische Niederung
2120 2930 2969 2994 verlässt; diese Beiden, die in heidnischem
2120 2960 2970 3043 Schöpferdrang und heidnischer Sinnenselig¬
2132 3002 2975 3078 keit auf den Höhen leben, die drückenden
2132 3047 2967 3118 Erdenmächte, die allmälig nachkommen; Er¬
2131 3072 2971 3159 innerung des Gewissens und Schaffensqual,
2128 3128 2972 3202 die den verstiegenen Mann in dämmernde
2137 3159 2975 3246 Vernichtung ziehen: es ist nutzlos nach Ideen
2139 3200 2970 3281 zu suchen, wo nackte und greifbare Ereig¬
2138 3245 2984 3318 nisse so unwiderstehlich wirken. Der süsseste
2135 3288 2987 3361 Zauber des deutschen Märchens fliesst um
2144 3319 2984 3397 die melancholischen und grotesken Gestalten
2144 3369 2987 3434 dieses Wunderwerkes. Nicht blos an das
2147 3399 2991 3481 Märchen knüpft Hauptmann an, nicht blos
2147 3446 2984 3521 an das Volkslied; auch an den Sommer¬
2147 3482 2994 3567 nachtstraum, an gewisse Zonen des zweiten
2156 3521 2994 3602 Faust, an den Manfred, an Böcklin. Und
2152 3563 2994 3643 doch schwebt über Allem die eigene Haupt¬
2156 3610 3002 3688 mann'sche Weihe: eine gesänftigte Anmuth;
