3436 4384
871 153 1280 267 box 14/3
178 167 683 274 8. Freiwil¬
2798 999 3324 1106 dringendsten Interesse ver¬
508 985 1561 1102 Königreiches Böhmen und des Wohlischen Landtages, e¬
1621 995 2769 1123 geradezu alberne Phraseologie, welche die Czechen über diesen
2798 1077 3327 1145 schwüle Atmosphäre in
498 1066 1596 1152 gs werden die Krönungseide und die pragmatische Sanction
1632 1084 2769 1166 ihren Lieblingsgegenstand sich gebildet haben, ist in die Adresse
483 1120 1593 1212 gerufen, wieder schließt die Adresse mit dem schmetternden
476 1130 3331 1244 inale von der heiligen Wenzelskrone, die der Landtag auf dem übergegangen, und man kann kaum mehr ernst bleiben, wenn Adreß=Debatte erhitzen zu
2798 1187 3324 1301 st. Gleich hier finden wir
1628 1244 2773 1312 Liebesjagdlaune, schnurrige Comödianten und Theatermädchen
448 1226 1603 1344 Die Fertigung des Namens de gleiche Frau
2812 1266 3345 1337 führung. Dieser Paul Rön
1639 1283 2773 1376 flattern in leichtem Schwarm über die Scene. Die hat ein
565 1308 1593 1383 von Adolph Wilbrandt befindet sich auf Seite 21
2801 1315 3331 1390 der Sympathische angelegt,
1632 1333 2769 1408 „Verhältniß mit dem, und so weiter. Der Director über¬
558 1362 1600 1426 und 22. Ferner enthält die vorliegende Nummer
2812 1362 3345 1433 Seite begeben. Aber was ste
1632 1376 2776 1454 blickt väterlich die Beziehungen, die sich schnell knüpfen und
558 1404 1603 1482 auf Seite 23 bis 25 den Schluß der Aufzeichnungen
1639 1411 3320 1500 lösen. Aber Eine will im allgemeinen Taumel nicht mit reicher junger Mensch, hat
569 1458 1589 1550 „aus dem Nachlasse des Freiherrn v. Pratobevera
2801 1458 3338 1525 vor Allem sein Leben auf d
1625 1468 2773 1557 thun, das ist die Naive Anna Riedel. Es stellen ihr so
2808 1504 3338 1568 solcher Lage befindet, hat in
562 1507 1234 1607 (Rückblicke auf das Jahr 1848).
1639 1518 2780 1603 ziemlich alle Herren nach, und sie bleibt am. Sie ist
1639 1546 3317 1642 zum Theater gegangen, um ihr Brot verdienen, die Anspruch auf unsern Neid,
1635 1596 3342 1696 höchst Naive, und will gerade nur ihr Brot dienen, nicht ist sehr angenehm, ein Sy
476 1589 1298 1714 en, Feuilleton.
2819 1642 3338 1714 Werth eines Menschen be¬
1639 1660 2776 1735 mehr und nicht weniger. Das ist schwer, Hungern oder
2816 1696 3349 1767 Menschen nützlich wird oder
871 1685 1205 1778 Carl-Theater.
1646 1703 2784 1781 Schwelgen, ein Drittes gibt es für junge Damen an diesem
2819 1738 3335 1806 ist mehr Mann, Karinski
711 1742 1358 1817 („Freiwild“, Schauspiel von Arthur Schnitzler.
1642 1753 2787 1838 Kunstinstitute nicht. Es ist sehr anziehend, zu sehen, wie sich
558 1760 1614 1863 Der Mann hat offenbar Recht — aber es wird nicht
1639 1785 3345 1877 alle Leute, Colleginnen und Collegen, der Director, der wilde Lieutenant. Der Rock
466 1838 1618 1916 bewiesen. Das ist der Eindruck, den wir schließlich aus dem
1642 1841 3349 1952 Regisseur und nicht zum wenigsten die Zuschauer bemühen, er in jedem Augenblicke ber
2812 1877 3338 1952 essen umbringen zu lassen,
469 1884 1614 1969 Schnitzler'schen Schauspiele „Freiwild" mitnehmen. Nun ist
466 1895 2787 2016 es ja nicht immer nothwendig, daß ein Stück etwas „be die arme Kleine in ihren vorsintfluthlichen Grundsätzen
2823 1923 3349 1987 Uebelthat, die er sonst be
469 1937 2791 2058 weise“. Ein Dramatiker braucht nicht wie ein Advocat auf wankend zu machen. Selbst diejenigen, welche sich keine un¬
2823 1969 3313 2044 Rönning nur behaglich,
1650 1994 2794 2076 mittelbare Befriedigung davon versprechen, daß die Naive
2823 2019 3342 2101 lediglich seinen eigenen Ge¬
469 2041 1614 2119 zutreten, obwol ihm auch dies gestattet sein mag. Doch wenn
1642 2033 2798 2108 am Abendmal der Lebemänner theilnehme, arbeiten wie
2816 2065 3342 2133 gesehen, ist er ein unnützer
476 2073 1618 2154 er sich entschließt, zu plaidiren, so muß der logische Bau
1650 2083 2791 2161 Verschworene darauf los, daß sie falle. Laster will Gesell¬
2823 2115 3356 2193 der zügellose Kriegsmann, ob
483 2122 1625 2204 seiner Gründe geschlossen und wetterfest sein. Die Sophistik
1657 2129 2794 2243 schaft haben, die Tugend bleibt gern einsam. Oder gedeiht
2915 2165 3345 2236 Es begibt sich, daß de
473 2169 1621 2247 der Gefühle, von der ja das Drama in der Regel lebt,
1660 2190 2346 2275 die Tugend nur in der Einsamkeit?
2830 2186 3335 2279 Anna Riedel werde seiner
476 2215 1632 2293 lassen wir auf der Bühne leichter gelten, als das Spiel mit
1738 2211 2801 2314 Zwei Männer aber streiten um das Mädchen; der
2826 2261 3324 2329 Damit ist natürlich etwas
480 2257 1632 2336 Vernunftgründen, weil wir bei diesem fortwährend mit¬
1650 2272 2798 2361 te will sie in Ehren gewinnen, der Andere seinen Spaß
2826 2314 3338 2378 Wette. Das Mädchen hat
480 2329 857 2403 denken und prüfen.
1657 2318 2801 2393 mit ihr haben. Dieser, der Lieutenant Karinski, ist ein
2830 2353 3349 2425 darüber hält er vor Rönni
569 2325 1635 2432 Betrachten wir zunächst den Fall, an welchem der Un¬
1657 2368 2801 2453 wilder Mensch. Er wird im Stück nicht übel mit den Worten
2826 2403 3349 2460 er dessen Neigung zu Anne
483 2407 1621 2492 fug des Duells nachgewiesen werden soll. Die Geschicht¬
1660 2417 2798 2492 charakterisirt, daß er ein Soldat für den Krieg sei. Für
2833 2457 3349 2520 in grober Weise. Rönning
498 2453 1625 2538 spielt in einem kleinen Badeorte, und zwar beim Bühnen¬
1664 2460 2801 2545 den Frieden taugt so Einer nicht, da sind seine Instincte
2830 2499 3349 2574 dann reißt ihm die Geduld
480 2506 1628 2588 ausgang. Da ist das Sommertheater, eine bessere Schmiere,
1664 2517 2801 2595 zu heftig und fügen sich nicht in den gelassenen und gesetz¬
2833 2545 3349 2606 ins Gesicht. Karinski war
483 2545 1625 2624 an der es lustig und traurig zugeht. Wieder eine Gegend
1660 2556 2798 2638 lichen Lauf der Dinge. So Einer braucht Aufregungen
2837 2592 3352 2659 sonst hätte er den Angreife
491 2595 1625 2673 flüchtiger Liebeleien. Schnitzler hat diese Dinge bereits wieder
1664 2609 2808 2688 heißerer Art, den Ritt auf unbändigem Pferde, das ihn
2830 2638 3349 2716 machen müssen. Zwei Offi¬
494 2645 1635 2730 holt mit angenehmem Talent geschildert, er ist etwa der Murger
487 2652 2805 2766 einer eleganteren österreichischen Bohème. Vom Leben sieht abwerfen will, den Kampf bis aufs Messer um eine Dirne,
2840 2688 3356 2762 den Wüthenden sogleich we
1664 2709 2812 2787 oder hohes Kartenspiel, in dem er Leben und Ehre wagt.
2840 2741 3356 2812 Beleidigung nicht im selber
491 2734 1632 2819 und behandelt er nur die Lebewelt, ein bischen Rausch und
498 2744 2812 2862 Jammer. Daß es noch größere Fragen gebe, als ob die Der Krieg braucht solche Gesellen, im Frieden rumoren sie
2929 2787 3356 2855 Da die Zeit gegeben
1664 2794 2812 2869 nur schädlich und lästig herum, benehmen sich überall wie
2848 2830 3359 2904 Gegenwart — so folgt jetzt
498 2826 1632 2912 Mitzi mit dem Rudi gehe oder die Poldi vom Ferdl plötz¬
1664 2840 2816 2915 in Feindesland. Das Mädel, auf das er Lust hat, gehöre
2840 2876 3349 2951 keines, und darin besteht
491 2876 1642 2958 lich verlassen worden sei, scheint er in seinen Werken nicht
1674 2887 2816 2968 ihm, meint Karinski, der darin als ein rechter Wilddieb
2851 2929 3349 2990 sich, dem Lieutenant mit
498 2933 1635 3011 zu wissen. Ja, selbst wenn ihm eine größere Frage über
1667 2936 2816 3011 vorgeht. Auf ein Mädchen vom Theater könne man doch
2851 2968 3356 3043 Er findet, daß er ihm kein
498 2972 1635 3068 den Weg läuft, wie eben in „Freiwild", macht er sich sie
1678 2993 2492 3079 ohneweiters Jagd machen, es sei Freiwild.
2844 3025 3349 3096 ein Bube benommen,
505 3025 1358 3111 sofort für seine Bedürfnisse zierlicher zurecht.
1767 3011 2816 3107 Dieses Mädchen hat nun zufällig einen Vertheidiger,
590 3057 1646 3150 Da stehen wir also noch beim hinteren Ausgang des
498 3068 3352 3235 Sommertheaters, Officiere auf Urlaub, Lebemänner in der der Paul Rönning heißt und ein silberanigter ehemann Buben gesichtigt, und da¬
864 3178 1262 3420 1
