3484 4384
667 690 1705 760 stellung des Dramas zu beurtheilen, dazu gebricht
667 750 1704 807 mir der Raum, ich erwähne nur, daß die Nebenrollen
747 795 1700 846 durch Müller, Viensfeldt, Fischer,
670 838 1701 899 Gisela Schneider — wirkungsvoller vertreten waren,
1295 881 1661 948 Heinrich Hart.
664 886 1042 958 als die Hauptrollen.
730 930 1698 991 * Konzerte. Es ist ein guter, lobenswerther
664 981 1689 1029 Gedanke un beiden Wagnervereine, ihr
667 1026 1692 1077 Konzerte nicht nur wie bisher der Ehrung Wagners
667 1069 1697 1122 und der Pflege der nendeutschen Meister zu widmen,
670 1115 1708 1170 sondern sie auch in den Dienst der zeitgenössischen
664 1155 1689 1209 neuen Kunst zu stellen. Im Zeichen des großen Bay¬
667 1198 1691 1248 reuther Meisters bleiben diese Aufführungen ja doch
664 1244 1702 1292 denn was immer die Tonkunst unserer Zeit Lebens¬
664 1282 1696 1348 kräftiges, Echtes und Neues hervorgebracht hat, wur¬
670 1329 1700 1384 zelt in dem Boden, den die Lebensarbeit Richard
664 1373 1705 1432 Wagners uns neu gewonnen hat. Freilich soll nun
658 1417 1696 1466 Keiner glauben oder gar fordern, daß dem jungen Erd¬
670 1453 1708 1515 reich des musikalischen Neulands lauter Lilien und Rosen
670 1503 1708 1554 entsprießen. Auch in dem wohlgepflegten Gen der
664 1547 1705 1600 Klassik blüht neben der Rose die Kamille und selbst in
664 1588 1705 1637 Unkraut fehlt es nicht zwischen seinen Buchshecken. So
673 1634 1704 1689 kann es denn auch keinen Einsichtigen wundern, wenn
673 1680 1704 1727 auf dem Boden so junger künstlerischer Kultur auch un¬
679 1717 1702 1781 scheinbare und wilde Pflänzlei treiben, und nur wer
673 1767 1705 1817 alle Fühlung mit der Zeit, dem gemeinsamen Urgrund
670 1805 1713 1868 unserer künstlerischen Bethätigungen, verloren hat, mag
667 1853 1705 1906 darüber staunen, daß man auch den kleinsten oder ab¬
673 1894 1704 1957 sonderlichsten Hervorbringungen der Zeitseele mit Theil¬
679 1942 1705 1989 nahme begegnet. Zweifellos aber ist es einer auf den
670 1985 1708 2046 Namen Wagners getauften kunstfreundlichen Vereinigung
670 2025 1702 2082 würdiger, wagemuthig und lebevoll des Werdenden sich
673 2070 1698 2136 anzunehmen, als ausschließlich in genußsüchtiger Ver¬
673 2123 1325 2169 ehrung des Ererbten zu verharren.
745 2149 1708 2214 Diese allgemeine Vorbemerkung ist nicht zum Schutze
670 2202 1706 2255 eines Einzelnen niedergeschrieben und gar Richard
673 2243 1708 2298 Strauß und Hugo Wolf, die beiden kräftigsten
673 2290 1708 2342 Künstlerpersönlichkeiten der neuen Bewegung bedürfen
682 2334 1714 2387 fremder Beschirmung am allerwenigsten, aber gerade die
670 2378 1702 2429 Aufführung einiger neuer Werke dieser jungen Ton¬
670 2425 1706 2474 dichter im Konzert der Wagnervereine am
676 2465 1714 2513 2. d. und die in der Oeffentlichkeit daran geknüpften
670 2507 1713 2566 Urtheile und Betrachtungen mußten zum Anlaß
673 2556 1704 2625 werden, einmal unsere grundsätzliche Stellung dar¬
682 2591 1713 2648 zulegen. Die beiden Orchesterstücke aus Hugo Wolfs
673 2640 1705 2694 komischer Oper „Der Korregidor fanden wenig Beifall,
679 2685 1709 2738 zwei Gesänge von Richard Strauß für eine hohe
676 2733 1706 2774 Stimme mit Begleitung des Orchesters wurden zwar
685 2770 1705 2825 freundlich aufgenommen, aber stofflich und ästhetisch
685 2816 1711 2873 sehr scharf bekrittelt. Ich selbst, dem die lange und
673 2854 1714 2910 reiche Entwicklung dieser beiden Tondichter genau be¬
679 2900 1713 2954 kannt ist, will es bestätigen, daß diese Stücke keines¬
679 2943 1711 2995 wegs Höhepunkte ihres Kunstschaffens bezeichnen. Das
676 2987 1714 3043 scheint mir aber nicht hinreichend, um die Vorführung
679 3034 1711 3092 dieser Stücke dem Konzertgeber zur Last zu legen, und
676 3072 1714 3132 noch weniger kann ich es gerecht und richtig finden,
679 3123 1717 3175 das kühle Verhalten der Hörerschaft zur Bestätigung
682 3163 1714 3218 und Bekräftigung des eigenen abfälligen Urtheils zu
676 3209 1714 3257 verwerthen. Daß die aus ihrem natürlichen Zusammen¬
682 3249 1713 3306 hang mit einer dramatischen Handlung losgelösten
682 3294 1714 3350 Stücke von Hugo Wolf mit der Verständlichkeit auch
682 3340 1713 3392 etwas an Wirkungskraft einbüßen mußten, war zu er¬
679 3380 1711 3436 warten. Ebenso war vorauszusehen, daß die von Strauß
676 3424 1714 3482 vertonten Dichtungen „Gesang der Apollopriesterin“ von
679 3470 1709 3524 Em. von Bodmann und „Verführung“ von John Henry
676 3512 1713 3566 Mackay nicht nach Jedermanns Geschmack sein würden
676 3555 1713 3610 und daß zumal das erste in seiner unklaren
685 3598 1715 3649 und unanschaulichen Symbolik dem richtigen
682 3643 1713 3703 Verständniß Schwierigkeiten bereiten müsse. Stellt
676 3682 1708 3746 man sich aber einmal auf den Standpunkt des Kompo¬
685 3730 1719 3780 nisten, so wird man Strauß zugestehen müssen, daß er
690 3773 1708 3832 für die von ihm gewählten dichterischen Vorwürfe den
685 3813 1711 3870 richtigen Ton und die natürliche Form zu finden wußte.
682 3857 1706 3912 Diese Art moderner Lyrik mit ihrem sprunghaften
682 3905 1708 3955 deutungsvollen Wesen und ihrer „Interlinearpoesie"
682 3947 1717 4000 verlangt gebieterisch nach einer andern Art musikalischer
682 3991 1718 4044 Behandlung, als die einheitlichere, schlichtere Dichtung
682 4035 1717 4086 unserer großen Meister, und wenn Strauß in „Ver¬
1396 4078 1719 4134 Seelen offenbarers
688 4078 1346 4130 führung“ die Hauptrolle des
1435 4121 1719 4186 Orchester zu¬
681 4123 1391 4181 dem wunderbar ausdrucksfähigen
2164 592 2302 677 1044
1750 680 2771 760 Henrik Hertz Drama „Sven Dyrings Haus aufgebaut
1754 745 2768 797 und von Emma Klingenfeld geschickt ins Deutsche über¬
1746 790 2768 842 tragen. Ritter Stig Hvid ritzt bei einem Festmahle den
1750 828 2769 885 Runenzauber, der ihm das Herz Registas, der Tochter Spen
1746 875 2765 926 Dyrings aus erster Ehe, gewinnen soll, in einen Apfel
1746 916 2771 969 ein, wirft diesen aber aus Versehen der Stiefschwester
1750 963 2774 1019 der Geliebten, der bösen Ranhild, in den Schooß. Diese
1750 1008 2769 1067 entbrennt nun in heißer Liebe für ihn und
1748 1047 2771 1105 geht daran zu Grunde. Registas verstorbene
1746 1091 2771 1142 Mutter, die Nachts als Geist das Schlafgemach ihrer
1750 1139 2768 1187 von der Stiefmutter mißhandelten Kinder besucht,
1765 1182 2774 1246 schützt und reitet durch ihr Erscheinen die Tochter, und
1757 1224 2768 1281 so geht Alles glücklich zu Ende. Dramatische Elemente
1750 1283 2733 1329 wären demnach in der kleinen Oper genug vorhanden
1750 1313 2774 1365 trotzdem wirkt sie nicht recht dramatisch, 12 leidet sogar
1754 1356 2773 1412 trotz ihrer Kürze an bedenklichen Längen. Die Musik
1748 1396 2768 1451 weist einzelne große Schönheiten, sowie einen Reichthum
1754 1443 2778 1497 von düstern wie lieblichen Melodien auf, und wirkt so¬
1750 1488 2777 1540 wohl durch das starke Lokalkolorit wie durch die ein¬
1766 1527 2768 1586 gewebten nordischen Volksweisen neu, eigenthümlich und
1757 1571 2783 1626 interessant, ohne indessen frei von Anklängen zu sein, in
1759 1615 2774 1670 denen der aufmerksame Hörer alte Bekannte aus
1754 1658 2778 1713 der Wagnerschen Schule begrüßt. Die Aufführung
2164 1704 2777 1753 Die Hauptrollen Ranhild und
1750 1708 2084 1768 war mustergiltig.
1753 1746 2774 1800 Regista lagen in den Händen der Damen Wittich und
1750 1787 2783 1845 Bossenberger. Fräulein Grimaldi, unsere Hervorragende
1754 1835 2774 1887 erste Solotänzerin, hatte in letzter Stunde für die plötz¬
1757 1879 2782 1931 lich erkrankte Darstell in die stumme Rolle des Geistes
1750 1922 2784 1988 übernommen und gestaltete sie zu einer Leistung von
1763 1963 2781 2016 unheimlicher Schönheit. Die Darsteller sowie der
1754 2007 2782 2089 Komponist wurden am Schlusse mehrere Mal gerufen.
2566 2051 2714 2115 U. S.
1874 2086 2777 2156 Aus München schreibt unser Berichterstatter:
1754 2151 2786 2208 Die Direktion Meßthaler, die ein so jähes Ende am
1753 2193 2784 2245 Deutschen Theater gefunden, hat sich mit ihrer letzten
1766 2234 2764 2294 Erstaufführung, dem Schwank „Der Logierbesuch
1749 2280 2781 2336 von Hans Müller und Max Löwenfeld, kein gutes
1757 2323 2781 2372 Abgangszeugniß geschrieben. Es ist unfaßlich, wie ein
1757 2364 2783 2416 verständiger, künstlerisch nicht vollständig ehrgeizloser
1759 2411 2783 2460 Bühnenleiter seinem Spielplan ein so geringwerthiges
1759 2454 2783 2521 Stück einverleiben konnte. Noch unfaßlicher ist es, daß
1766 2498 2786 2557 er sich so wenig Mühe gab, die Fehler der Stückwahl
1757 2542 2781 2601 durch eine glänzende Besetzung einigermaßen wettzu¬
1757 2590 2781 2642 machen. Ein schlechtes Stück schlecht spielen zu lassen,
1766 2627 2779 2685 ist für ein von so langer Hand vorbereitetes Unter¬
1766 2678 2779 2733 nehmen wie das Deutsche Theater einfach unverzeihlich.
1768 2714 2786 2771 Juristisch mag die plötzliche Enthebung Meßthalers von
1768 2757 2777 2816 seinem Posten anzufechten sein, künstlerisch ist kaum etwas
1766 2810 2784 2857 dagegen zu sagen. Meßthaler hatte ein volles Jahr
1766 2847 2783 2904 Zeit, seinen Spielplan auszuarbeiten und zu sichten und
1768 2888 2794 2947 seine Spieler einzuben und zu prüfen. Hier liegt eine
1768 2935 2783 2997 künstlerische Fahrlässigkeit vor, für die es keine Milderungs¬
1763 2982 2022 3050 gründe giebt.
2101 3098 2467 3189 Allerlei.
1817 3175 2783 3239 * Der Inspektor des Kirchhofes Pre¬
1763 3228 2783 3277 Lachaise, so erzählt ein Berichterstatter des „Temps" am
1763 3263 2788 3329 Allerseelentage, empfing mich in seinem Kabinet, wo Papiere
1763 3306 2795 3361 aller Art in Haufen umherlagen. Es ist dies ein munterer
1766 3342 2779 3392 alter Herr, der das Ehrenzeichen trägt. Er zählt dreißig
1768 3381 2786 3432 Jahre treuer Dienste. Er ist Philosoph. Uebrigens bietet
1768 3420 2786 3468 ihm sein Aufenthalt Stoff genug zur Unterhaltung. Wenn er
1757 3457 2794 3518 viel Todte auf dem Père-Lachaise eintreffen sieht, so kommen
1766 3497 2787 3547 noch mehr Lebendige, und diese liefern ihm lustige Ge¬
1768 3533 2783 3589 schichten. Ja, mein Herr, begann er, behaglich auf seinem
1772 3575 2786 3628 Sessel sich zurechtrückend, man erlebt spaßhafte Dinge hier
1763 3616 2788 3665 oben. Auf die Journalisten war er nicht gut zu sprechen.
1766 3656 2787 3710 O diese Zeitungsschreiber! Sie wissen nicht, was sie Alles
1772 3695 2791 3743 erfinden sollen, um das Publikum zu unterhalten. Sie
1763 3725 2788 3794 haben eine Masse von Legenden geschaffen, welche
1768 3765 2786 3824 alle Jahre regelmäßig zu Allerheiligen wiederkehren,
1763 3804 2777 3854 ein wahrer Rattenkönig thörichter Einfälle! So z. B. die
1768 3841 2786 3890 Geschichte mit der russischen Prinzessin. Es ist
1772 3878 2790 3938 jetzt einige Jahre her, daß sie auf der dritten Seite eines
1768 3918 2787 3972 Boulevardblattes zur Welt kam. Mit geheimnißvollen An¬
1766 3955 2786 4009 deutungen war da im Kanderwälsch der Feuilletonromane
1772 3995 2790 4049 erzählt, daß eine ungeheuer reiche vornehme Dame aus
1768 4031 2796 4092 Moskau auf dem Père-Lachaise begraben worden sei. Man
1766 4074 2791 4129 beschrieb ihr Grabdenkmal, eine Säule, überragt von
2698 4112 2790 4169 deren
1763 4114 2661 4170 einer buntfarbigen Kuppel, und ihre Kapelle,
1775 4153 2688 4204 Boden mit kostbaren Marmorplatten ausgelegt
2826 1172 2905 1221 Tön
2823 1291 2909 1349 bei
2823 1339 2918 1390 münz
2826 1378 2926 1429 abges
2827 1417 2925 1470 prägt
2826 1457 2930 1506 falsche
2830 1495 2932 1540 word
2819 1531 2926 1578 etwa
2822 1571 2919 1621 tänsä
2830 1609 2930 1665 zu sei¬
2836 1682 2926 1741 is
2826 1768 2901 1818 Bei
2830 1802 2910 1862 Maj
2827 1850 2923 1902 Torn
2829 1892 2919 1936 war.
2827 1927 2915 1973 hätte
2830 1963 2928 2016 ich n.
2830 2009 2939 2058 mann
2826 2044 2939 2094 in de
2825 2081 2927 2140 war,
2822 2119 2923 2169 nach
2826 2158 2934 2223 Stan
2827 2227 2919 2287 nist
2831 2312 2928 2371 Auf¬
2823 2363 2925 2407 Sei
2827 2399 2926 2450 holfe
2830 2439 2909 2490 also
2835 2480 2921 2531 Er
2830 2552 2928 2617 Stra
2826 2608 2917 2655 aus,
2827 2644 2921 2690 habe
2830 2674 2928 2729 Mar
2836 2722 2926 2770 loren
2829 2758 2935 2817 Wenz
2831 2797 2936 2874 mir
2829 2867 2932 2934 konn¬
2842 2923 2930 2973 gehen
2832 2956 2932 3022 Prei=
