3484 4384
186 186 366 289 8.
885 168 1291 282 box 14/3
355 179 592 282 Freiw.
3196 607 3338 687 au
2856 618 3163 702 ning.
2742 651 3345 746 jedem jungen Officier die Erreichun
3188 717 3345 790 Hochacht
2739 720 2965 793 Berufes sein
1792 687 2709 775 Medaillen für 40 und 20 Officiersdienstjahre würde
1572 731 2713 823 sucht nur das gesammte Subaltern=Officierscorps und die jüngeren
2826 768 3338 859 Mit Bezug auf den Artikel.
1576 808 2709 852 Hauptleute, sondern auch viele, bereits in höheren Chargen stehend
728 786 1550 867 die Medaille an möglichst viele Personen
1572 823 3324 918 Angehörige des Generalstabscorps leer ausgehen, während gewesene „Vedette erlaube ich mir, auf
413 841 1550 914 cheilt werden sollte, und nur zwei Einsendungen er¬
1576 874 3342 947 Unterofficiere, beispielsweise Truppen=Rechnungsführer, mit einer zahlreiche Kategorie von Officieren
2735 921 3342 965 vor dem Feinde verwundet, darum
402 903 1558 973 klären es für unstatthaft, daß über diese Angelegenheit
1580 921 2709 984 solchen betheilt werden würden, wenn dieselben auch nur kurz
2724 962 3338 1009 vität scheiden mußten und nichts
402 969 2190 1020 eine Debatte geführt wird. Diesen Einsendungen gegen Zeit das goldene Porte-épée tragen.
2742 1046 3349 1115 die Officiere! Hat denn nicht
1667 1053 2709 1119 Denn das Strumpfand ist nun einmal ein no¬
2753 1097 3349 1159 „schlagenden Beweis geführt,
644 1086 1320 1192 Feuilleton.
1576 1108 2724 1163 me tangere auch in der Conversation. Selbst bei einer
1265 1137 1543 1236 Nachdruck verboten.
1587 1148 3349 1214 Conversation im Ballsaale während welcher die Dame straft Alles voraussetzen und sag
1580 1199 3349 1265 in einer Toilette vor mir sitzt, bei der es vom Scheitel Lump und ein Schuft, der ei
691 1177 1298 1291 Aerarische Kunstbriefe.
2750 1239 3349 1309 die Drei treiben sich als Offi¬
1580 1254 2728 1327 bis zum Kleide ebenso weit ist, als von der Sohle bis
640 1250 973 1346 Liebe Freunde!
2739 1298 3356 1360 und bekommen neben einer wie
1587 1305 2570 1375 zum Strumpfband. „S’ist mal bei uns so Sitte
512 1298 1554 1371 In unserer Zeit, in welcher Alle mit Allem unzu
2742 1338 3313 1422 ungezählte moralische Hiebe.
1675 1346 2713 1419 Diese Sitte des Verhüllens und Enthüllens ist die
413 1371 1550 1422 frieden sind und Disharmonie der Grundton jeder Er
2750 1382 3349 1459 dumm und sehen die feine Ir
1587 1375 2724 1470 Ursache, warum Enthüllungskünstlerinnen, wie die fran¬
428 1411 1558 1477 scheinung ist, herrscht eine merkwürdige Uebereinstimmung
417 1444 3353 1536 nur darin, daß Jedermann behauptet, die Zeiten seien zösische Excentrique Fongère beim Ronacher eine solche die Officiere als „Freit
2837 1484 3353 1539 Das Publicum des L
424 1506 2614 1576 schlecht. Ich muß sagen, ich finde die schlechten Zeiten Anziehungskraft durch ihre Ausziehungskunst üben.
1675 1517 3360 1616 Diesen Ausziehungskünsten vermögen die extra¬ dem verdienstvollen Auto
413 1561 1459 1620 recht erklärlich. Denn bei allem schuldigen Respect
2746 1572 3342 1653 für den neuesten Nervenkitzel.
1583 1601 2720 1660 vagantesten Toiletten nicht Concurrenz zu machen, sonst
420 1612 1470 1667 den hohen und höchsten Vorgesetzten kommt es mit
2742 1627 3356 1704 doch, wenn es in Wirklichkei
417 1645 2720 1711 vor, als ob bei den lieben Heiligen im Himmel auch mußte die Stojan als Pariserin im Carltheater
1587 1689 3353 1755 allabendlich volle Häuser erzielen. Da sie aber außer mit der Frau im schönsten
420 1704 1558 1759 irgend eine Verordnung eine heillose Unordnung nach
2742 1718 3349 1806 Ringstraße. Vor dem Café
1587 1740 2717 1803 diesen Toiletten nur hübsch singt und nur einen für mo
431 1755 1561 1810 sich gezogen habe und die Wetterenger scheinen ent¬
2764 1773 3364 1846 „Sie, Sie haben meine Frau
1583 1792 2731 1850 derne Ansichten lächerlich bescheidenen Cancan tanzt, thut man
431 1799 1561 1861 schieden zu striken. Lernte ich doch neulich einen zwölf
2753 1824 3360 1898 schallende Watschen. Der Offi¬
1590 1843 2724 1901 doch entschieden besser, sich den „Opernball“ im
431 1846 1561 1916 jährigen Buben kennen, der noch nicht schwimmen kann
2750 1872 3331 1952 Cameraden am Zurückhauen
1590 1887 2720 1949 Theater an der Wien anzusehen. Da gibt die Pal
428 1898 1565 1960 weil es im Sommer immer zu kalt dazu ist, und der noch
2757 1920 3356 1974 sich duelliren, so erklärt me
424 1941 2731 2011 nicht Schlittschuhläufer ist, weil es im Winter kein Eis may einen Seecadetten, der seinem Accent nach in der
2757 1963 3364 2022 Duells und denuncirt ihn w
424 1978 2728 2051 mehr gibt! Ja, wenn man „höchsten Ortes solches zukünftigen ungarischen Marine dienen, es dort aber
1587 2007 3360 2091 wegen Mangels an Commandostimme nicht sehr weit Zweikampf. (Diese nette Point
428 2040 1561 2102 Beispiel gibt, dann darf man sich nicht wundern
2746 2058 3313 2146 entgehen lassen.) Und am
424 2080 2724 2150 wenn man sich auch in unserem Tagesprogramm nicht an bringen wird. Für die reizende Musik der Operette
2760 2106 3364 2190 „Blätter" spaltenlange Artikel
1594 2128 2724 2190 sorgt ja doch das gute Orchester und andere stimm¬
424 2135 1572 2194 die Jahreszeiten halten und glauben will, der Fasching
2757 2157 3342 2230 Ehre, über das mannhafte
1590 2179 2731 2249 begabte Mitglieder, so daß auch der Biedermann
439 2190 1561 2249 sei die richtige Zeit für Kriegspiel und gelehrte Vorträge
2757 2208 3356 2274 schäftswelt hochgeachteten H.
431 2219 2731 2296 Da bleibt nur der eine Ausweg, in der Nacht zu tanzen, genügend Zeit bleibt, zu zeigen, daß sie gar nichts
2753 2252 3360 2329 von feinsten Waaren aller à
1590 2271 2728 2351 anhabe, als Tricot und einige darum herumflatternde
431 2285 1565 2344 bei Kriegspiel und Vortrag aber zu schlummern. Wer jedoch
2750 2303 3338 2377 findet." Ist das nicht eine
1594 2333 1759 2409 Bänder.
431 2333 1569 2395 die Gewohnheit hat, im Schlafe zu sprechen, kann dabe
2856 2347 3364 2420 Schade, daß diese süßen
1689 2336 2731 2435 Sie beweist übrigens, daß man im degagirtesten
431 2380 1569 2439 übel ankommen, wenn er zum Beispiel in die geweiht
2750 2388 3349 2475 wild" seine Hörer einwegt,
1594 2417 2728 2475 Costume keinen Anstoß zu erregen braucht, wogegen es
435 2431 1572 2483 Stille bei Entwicklung tiefsinniger Dispositionen mit der
1598 2442 3331 2552 dem Autor des Lustspiels „In Behandlung" am werden. Der Officiersstand
435 2475 1569 2545 befremdlichen Frage hineinplatzt: „Bitte, Fräulein, sind
2757 2490 3356 2556 jetzt üblichen Leisetreterei à la
1605 2508 2728 2574 Volkstheater gelungen ist, aus einem Backfisch einer
439 2526 1569 2618 Sie es, deren Strumpfband ich seinerzeit während des
2753 2548 3371 2600 werden — mit dem Officier a
1609 2563 2728 2622 sittenstrengen norddeutschen Seestadt durch in sogenannter
435 2578 1126 2662 Corsos auf der Ringstraße fand?
2757 2589 3367 2654 Herren sehr hüten, es auch nu
1605 2607 2724 2676 Naivetät gesprochene Zoten eine Figur zu schaffen, welch
530 2603 1576 2684 Denn wessen das Herz im Wachen voll ist, dessen
2845 2636 3353 2698 Vielleicht hätten wir da
1605 2662 2735 2746 nur durch eine Persönlichkeit wie die der Retty vor
431 2665 1583 2739 kann der Mund leicht auch im Schlafe übergehen.
2753 2684 3364 2757 auch über schlechte Zeiten klage
1605 2709 2409 2779 dem Niedergezischtwerden zu retten war.
442 2720 1576 2779 Und diese Strumpfbandgeschichte intriguirt mich mächtig
1689 2731 3342 2812 Ja, es ist nicht so leicht, Stücke zu schreiben, als Einmal galt es als Axiom,
435 2764 1572 2830 Durch meinen Burschen, der sich auf Befehl gehor
2757 2782 3371 2852 sei Bürge für die Integrit
450 2808 2735 2874 samst in die etwas ältliche Köchin der Familie verliebt man glauben möchte! Da ist sehr bald daneben gehaut
1609 2830 3327 2914 und gerade das Gegentheil von dem erreicht, was man man beinahe schon die Zeit
446 2863 1580 2929 hat, erfahre ich genau, welche Theater, Bälle rc. der
446 2863 3371 2976 reizende Käfer besuchen wird, und findet sie mich zu ihrem wollte. Das hat sich eclatant beim „Freiwild" im besonders nothwendig sein wir
2757 2932 3382 3009 ein Ehrenmann, obwol man di
1605 2932 2720 3005 Carltheater gezeigt. Kurzsichtige Leute glauben
450 2951 1580 3042 großen Erstaunen auch überall wo sie erscheint.
2856 2973 3371 3038 Na, einstweilen bleibt nich
1601 2994 2731 3057 es sei ein Tendenzstück, welches unter dem Vorwande der
446 3005 1576 3068 Sie weiß genau, daß ich der ehrliche Finder bin und
2753 3005 3378 3119 halten und weiter dienen!" G.
1609 3038 2728 3104 Aufrollung der Duellfrage ungestört und ungestraft ein¬
442 3057 1583 3119 weiß auch, daß ich weiß, es sei ihr Strumpfband
3269 3068 3367 3166 Euer
453 3082 2735 3177 gewesen; aber mit famoser Geschicklichkeit richtet sie es Besudelung des Officiersstandes bezwecke. Aber
1616 3133 2731 3210 gar keine Idee! Gerade das Gegentheil! Das „Frei¬
446 3148 1583 3239 ein, daß ich nicht zu der leisesten Anspielung auf der
1601 3177 2760 3283 wild" sind ja nicht die Theatermädeln, das sind doch
442 3210 973 3291 bewußten Vorfall komme.
