3484 4256
197 145 715 266 8. Freiwild
880 138 1292 253 box 14/4
869 1074 2412 1184 dieser Zug der Heit läßt sich sogar an Stücken minderer Qualitat constatieren. Es war
676 1113 2414 1254 vorauszusehen, daß Meyer-Försters „Alt=Heidelberg" eine Flut von Studentenstücken hervorrufen
754 1217 2412 1266 würde. Und diese Flut kam. Mützen in allen Farben rückten auf, es wurde gekneipt, gesungen,
761 1266 2408 1329 geliebt und gepakt auf der deutschen Bühne, daß es eine helle Freude war. Der § 11 florierte
752 1314 2414 1368 im Repertoire. In die Reihe der Studentenstücke trat nun in Wien Ottokar Cann-Berglers
754 1357 2399 1418 „Auf Mensur", das am Raimundtheater einen hübschen Erfolg errang. Ein forscher Student
754 1403 2416 1474 großer Mensurenheld und Fechter ersten Ranges hat mit einem bravem jungen Menschen Streit be¬
759 1459 2410 1513 kommen, einen Streit, den er höchst mutwillig vom Zaune riß. Forderung. Säbelduell. Aber der
748 1504 2408 1582 Gegner ist ein armer Teufel, muß Stunden geben, hat keine Zeit und kein Geld, auf dem Pauk¬
754 1554 2405 1625 boden zu liegen; er hat seine arme Mutter zu erhalten. Nun befiehlt die studentische Ehre
746 1606 2412 1671 geh hin und laß dich zum Krüppel schlagen, weil es einem übermütigen frechen Studenten
756 1660 2386 1725 gefiel, dich zu provozieren. Im letzten Augenblick, die Duellanten stehen sich schon gegenüber¬
759 1703 2405 1764 kommt dem Meisterfechter die Erkenntnis. Er läßt den Säbel fallen, er schlägt sich nicht. Er
750 1757 2408 1820 wird wegen seines Verhaltens vor den B. C. gestellt, Gericht wird über ihn gehalten, er muß
752 1805 2408 1857 seine Würde als Senior niederlegen, er darf ein Semester lang die Farben nicht tragen. Was
759 1844 2412 1906 wiegt das gegen die Freude, menschlich gehandelt zu haben? Alles Studentische am Stücke ist
761 1898 2405 1956 sehr gut. Insbesonders der Akt auf dem Paukboden mit einer drolligen Schlägermensur und
750 1949 2405 1999 den ersten Vorbereitungen zum Duell. Was aber sonst im Stücke an Liebesgeschichte mitwirkt,
750 1999 2405 2062 ist recht dünn und schwach. Auch die Psychologie der Figuren ist nur brav und gut gedacht,
750 2047 2412 2101 aber minder gut ausgeführt. Die Motivierungen stehen alle auf recht schwanken Beinen. Aber
754 2094 2408 2159 im Stücke steckt doch etwas wie eine Auflehnung gegen die übliche Studentensitte. Das Stück hat
750 2148 2414 2207 keine Spitze gegen das Duell, wohl aber gegen die mutwillige Contrahage. Und es endet gut.
750 2194 2410 2252 Das heißt: der sich Auflehnende behält Recht. Robert Wieprecht wird vom Ehrengericht schuldig
750 2243 2408 2304 gesprochen, aber menschlich hat er gesiegt, er hat nicht nur einen Fred gewonnen, sondern auch
750 2291 2414 2349 ein neues Leben; er hat sich aus den Banden seines Milieus befreit. Da dachte man vor sieben,
750 2338 2405 2408 acht Jahren noch ganz anders über das Duell. Damals schrift Arthur Schnitzler sein
754 2384 2405 2451 „Freiwild", das vor einigen Tagen vom Deutschen Volkstheater ins Repertoire aufge¬
750 2438 2408 2488 nommen wurde. Man sieht, das Stück wurde zu einer Zeit verfaßt, wo das Milieu stärker
754 2483 2408 2539 schien als der sich Auflehnende. Paul Könnig will sich nicht schlagen, und der Offizier, den er
752 2533 2408 2594 im gerechten Zorn geohrfeigt, schießt ihn einfach über den Haufen. Das Stück wurde am
752 2578 2405 2643 Deutschen Volkstheater, übrigens famos gespielt. Insbesonders von Herrn Kutschera (Paul).
754 2630 2408 2682 Kramer (Karminsky) und Jensen (Rohnstedt). Die Wirkung war fast die gleiche, wie bei der
750 2678 2408 2734 Urpremiere. Der erste Akt wirkte sehr stark, der zweite ließ etwas nach, der dritte enttäuschte.
750 2725 2412 2786 Das war aber nur die Wirkung des Stückes. Sehr groß und uneingeschränkt war der Erfolg
743 2777 2412 2838 des Autors. Der Beifall, mit dem er begrüßt wurde, hatte demonstrativen Charakter. ist
750 2823 2423 2883 nämlich furchtbar selten, daß ein Wiener Dichter in Wien zu Worte kommt. (Possen und
754 2872 2423 2950 Schwankfabrikanten ausgenommen, die ja bekanntlich auch im Burgtheater offene Arme finden.
