3436 4192
296 219 394 315 Fr
156 233 389 333 8.
477 227 623 325 wil
845 190 1258 306 box 14/2
2195 839 2293 895 1229
1241 848 1806 908 DAS NEUE RITTERDRAMA.
748 941 2291 1037 das die Untrennbarkeit der Ehe behandelt; ein deutsches Stück, vor achtund¬
756 1008 2293 1075 vierzig, dass die Schuldhaft behandelt: — was beide nach eingeführter Scheidung
760 1054 2297 1129 und aufgehobener Schuldhaft taugen, stellt ihren Kunstwert dar. Der Be¬
756 1097 2293 1158 trachter denkt sich die Duellsitte abgeschafft. Der Gedanke ist berechtigt,
762 1143 2291 1212 denn sie hat nicht immer bestanden und besteht nicht überall ; es ist viel¬
766 1185 2291 1270 leicht kein Zufall, dass diese unklare und heuchlerische Einrichtung nur bei
766 1229 2295 1312 christlichen Völkern vorkommt; auch erst seit dem Mittelalter. Die Sitte be¬
756 1272 2295 1337 steht heut bloss in Europa, aber nicht einmal in allen europäischen Landen,
766 1331 2299 1385 und wo sie besteht, ist ihr eine Tausendstel-Minderheit unterworfen; neun¬
766 1356 2293 1433 hundertneunundneunzig Teile machen nicht mit. Die sozialistische Weltan-
762 1408 2295 1477 schauung breitet sich stärker aus und trägt zur Abschaffung der Zweikämpfe
762 1452 2295 1514 bei. Die Verringerung ihrer Zahl ist im deutschen Reichstag festgestellt worden;
756 1495 2291 1566 zugleich die wachsende Beteiligung der Juden, aus der wiederum geschlossen
766 1541 2291 1610 werden kann, dass das Duell sicher ruiniert wird. Wenn es in absehbarer
768 1585 2297 1656 Zeit verschwindet: was bliebe von Schnitzlers Drama übrig. Dieser Rest
771 1637 1454 1704 ergäbe den Kunstwert des Stücks.
873 1654 2297 1749 Die Antwort ist nicht trostlos. Wer einen Dichter, den Dichter der
775 1718 2285 1799 „Liebelei“, in diesem Schauspiel sucht, wird ihn finden; wenn er auch zu¬
775 1762 2297 1841 gleich einen neuen Schnitzler daneben findet. Der ungewöhnlich feine Um¬
771 1799 2295 1876 riss des Ganzen, diese Linien, wie vom Silberstift gezeichnet, diese meister¬
775 1851 2305 1918 liche Schlankheit, kurz das, was dieser Glückliche im gegenwärtigen Deutsch¬
766 1893 2305 1966 land allein besitzt: das ist vorhanden. Die Innigkeit und Weichheit, die er
771 1937 2305 2014 früher gezeigt, ruht, wenn schon in flüchtigem Abglanz, über dem Verhältnis
771 1980 2305 2047 des einen der beiden Helden zu einem jungen Mädchen. Der Humor, der in
781 2024 2305 2097 „Liebelei“ das Gegenspiel der Tragik wird, tritt hier an einer Anzahl von
771 2068 2301 2147 Schmierenkomödianten auf, satirisch verschärft, zuweilen mit leichter lustspiel¬
777 2114 2310 2185 mässiger Auftragung. Eine ungewöhnliche dramatische Begabung, die das
775 2158 2305 2224 theatralische Moment in der achtungsvollsten Bedeutung dieses Wortes in sich
781 2201 2305 2268 birgt, spricht aus dem Werke: so stark, wie sie Schnitzler nie hätte vermuten
775 2253 2314 2314 lassen; so stark, wie sie in Deutschland keine drei Leute haben; und Schnitzler
783 2289 2310 2360 wendet nie ein unvornehmes Mittel an. Das Ende seines ersten Aufzugs,
781 2326 2305 2403 wo sich aus einer plänkelnden, flatternden, leichten Milieuschilderung in haar¬
783 2370 2314 2443 scharfen, knappen, energischen Strichen ein Drama herauszulösen beginnt,
775 2434 2314 2489 Schlag auf Schlag, aufwärtsgehend bis zum Aktschluss: das gehört in der
775 2459 2314 2530 Komposition zum Glänzendsten, was die neue deutsche Dramatik hervorgebracht
781 2512 2312 2576 hat. Hier allein würde es klar werden, dass ein seltener Künstler auch dieses
787 2555 2307 2614 Werk geschrieben hat, welches in Schnitzlers Entwicklung, so gewiss es ver-
785 2607 1720 2668 fehlt ist, eine neue Linie zu beginnen scheint.
906 2620 2310 2711 Der Dichter hätte nicht das leichte Schicksal einer Schauspielerin, der ihre
785 2682 2320 2753 körperliche Anständigkeit eine Ausnahmestellung zuweist, mit dem schwereren
789 2724 2310 2795 Geschick eines geachteten Mannes als ebenbürtig zusammenspannen sollen. Beide
789 2772 2318 2849 sind Freiwild, doch sie könnte zehn leidliche Auswege haben, wo er anscheinend
789 2814 2314 2891 nicht einen hat; durch diese Gleichstellung wird seine ernste Sache herabge¬
779 2859 2320 2939 zogen. In der Behandlung des Problems bleibt Schnitzler, wo minder feine
793 2903 2324 2976 Köpfe blosse Theoretiker werden, ein Künstler: durch die besondre Lage
787 2949 2328 3036 seines Falls, der in der Ablehnung einer Forderung besteht, sodass im Falle
787 2991 2324 3066 selbst, in den nothwendigen Auseinandersetzungen begründet ist, wenn der
795 3038 2326 3107 theoretische Inhalt des Problems zur Sprache kommt. Erörterung ist hier
795 3086 2328 3153 Handlung. Wie aber fasst der Dichter das Problem? Er will parteilos sein.
793 3124 2326 3205 Ist er es? Es bildet den äusseren Hauptfehler seines Stücke, dass es weder
791 3168 2332 3245 rein tendenzlerisch, das heisst ein Schmarren ist, noch so tief angelegt in
795 3218 2328 3284 der Charakterzeichnung, dass es im letzten Sinne zu den tout-comprendre¬
804 3257 2330 3328 Werken gezählt werden könnte. Gefühlsmässig lässt sich wahrnehmen, dass
802 3299 2332 3382 er seinen Ritter nicht als schwarzen Mann hinstellen wollte, sondern gewisse Sym¬
804 3342 2330 3426 pathien auch ihm entgegenbringt. Er zeigt einen geladenen, verzweifelten
798 3388 2328 3465 Soldaten, aber er zeigt nicht ganz, wie diese Verzweiflung grade in dem Proble¬
802 3436 2337 3507 matischen des ritterlichen Berufs wurzelt; hier genügen kleine Andeutungen
796 3474 2337 3569 nicht. Er wollte nicht gegen ihn Partei nehmen; und schliesslich kam doch
