3344 4352
977 155 1371 271 box 14/5
271 172 801 285 8. Freiwild
559 383 2179 503 geborenen erlagen 30 der mit auf die Feuer aus, wodurch das varin aufge¬
552 467 1357 527 Welt gebrachten Schwäche. Weiter¬
2204 425 2995 545 seche Arbeiter Verletzungen davontrugen.
1381 471 2165 555 stapelte Holz eingeäschert und das Ge
3023 482 3329 580 vergrößerungsfer
545 520 1353 594 Todesursachen bildete Prämie und Septi¬
2200 517 2991 591 Drei von ihnen müßten sofort in das
1378 513 2172 591 bäude erheblich beschädigt wurde. De
548 569 1346 643 chämie in 14 Fällen: Tuberkulose de
2193 569 2998 636 Krankenhaus gebracht werden, während
1367 566 2134 647 Verlust wird mit 350 Rbl. angegeben.
541 615 1350 682 Organe außer den Lungen in 12; Ros¬
2197 615 2995 692 den übrigen dreien am Orte der Kata¬
1497 615 2169 689 Vor kurzem wurden, wie berichte
3139 612 3336 728 Tele
552 664 1357 724 in 10; Diphtheritis bei Kindern bis zu
2204 661 2991 756 strophe ärztliche Hilfe zu Teil wurde. Der
1374 664 2176 749 von der Polizei vier Ladendie binnen
552 710 1357 777 15 Jahren in 9; Syphilis in 6; kroupöse
3040 685 3332 798 der russischen
2193 714 2984 787 Unfall ereignete sich, als die sechs Ar
1374 717 2172 784 auf der Twerskaja verhaftet. Die Ge¬
534 766 1350 823 Lungenentzündung in 5; Influenza in
2197 759 2984 833 beiter einen ca. 12 Pad schweren Eisen
1367 763 2169 840 heimpolizei ermittelte jetzt auch den Ort
3051 770 3329 858 Petersbur
541 812 1350 886 4; Masern, Kroup und Dysenterie in
2190 808 2981 889 streber auf das Gerüst herauftrugen, da¬
1371 812 2172 900 an dem alle von den Diebinnen gestohlenen
3009 830 3325 903 Minister des J.
548 854 1346 921 je 3; Keuchhusten in 2 Fällen. Sibi¬
2200 861 2977 931 diese Last nicht zu tragen vermochte, wo
1374 858 2169 939 Sachen untergebracht sind, wobei es sich
3005 882 3325 953 her zurückgekehrt
2197 910 2988 984 durch das noch so glimpflich abgelaufene
538 921 2169 988 rische Pest und Alkoholismus begnügten erst herausstellte, wie gemeingefährlich die
3111 942 3325 1005 Der Fina¬
541 960 1033 1037 sich mit je einem Opfer.
2193 953 2977 1033 Unheil entstand. Leicht hätten viele Men
1367 960 2165 1033 Verhafteten waren. Das von ihnen ge¬
2998 963 3332 1058 Timiraiew ist
654 974 1343 1069 Bei der Verwaltung der Mos
2197 1002 2981 1107 schenleben dabei vernichtet werden können.
1371 1009 2162 1083 raubte Gut füllt zwei geräumige Zimmer
3040 1037 3325 1111 Helsingfor
534 1030 1346 1128 kauer Universität wurde am 31.
1367 1051 2169 1135 bei deren Anblick man sich in ein moder¬
2998 1072 3332 1178 bekannte Gelehrt
1364 1185 2158 1279 Rotwein getrunken, und darüber konn
2183 1220 2974 1315 nen Bösewichtern — die er ganz in
3005 1223 3336 1318 Berechtigung des
552 1202 2162 1336 Von den Moskauer Theatern. ten sich die Herren im Parkett, die man
2183 1265 2974 1346 Stillen doch von Herzen lieb hat — ein
3005 1290 3336 1367 in eine Grupp
1364 1304 2165 1385 schon etliche Male mit Chablis, traktier
886 1308 991 1381 XII.
2190 1329 3294 1402 von Edelmut und erhabenen Gesinnun „Fritzchen" u.
1360 1357 2967 1448 hatte, gar nicht beruhigen. Und doch hat gen förmlich triefende Jungfrau entge
946 1350 1343 1441 . .
2995 1388 3329 1452 bei Schnitzler be¬
1364 1399 2155 1487 Herr Potapenko Recht, und dieser Rot
605 1420 1343 1487 Theater)
2190 1424 2967 1494 gen, aber ihr ewiges Salbadern ist zu
2998 1427 3332 1504 Kampf zwischen
583 1452 2162 1533 „Freiwild“, Schauspiel von Arthur wein zu den Austern ist sogar ein sehr
2183 1469 2970 1557 Davonlaufen und wenn dieses liebens¬
3002 1483 3329 1554 sunder Vernunft
531 1501 1343 1571 Schnitzler. „Litteratur, Komödie
1374 1497 2158 1589 feiner Zug, vielleicht der beste Witz, de¬
2186 1522 2970 1589 würdige Wesen zum Schluß dem mi
2998 1529 3332 1596 eines Helden
534 1547 2158 1620 von Arthur Schnitzler (Theater im Stücke überhaupt gemacht wird. Der
2183 1564 3325 1649 einer sehr bunten Vergangenheit belaste bei Hartleben u
833 1582 1040 1656 Korsch).
1364 1599 2148 1670 den Rotwein zu den Austern bestellt, is
2176 1613 3325 1691 ten, aber durch die Liebe geläuterten Ma¬ daß zwei Ver¬
580 1613 1336 1719 Herrn Potapenkos „Hohe Schule" is
1364 1649 2963 1740 nämlich der Schulreiter, ein waschechter der Arnoldow die Hand für's Leben reicht
2988 1673 3325 1750 Weltanschauungen
531 1673 935 1758 mehr ein Feuilleton,
1360 1694 1838 1768 Knot, der aber gern den
988 1694 1336 1772 als ein Drama.
1866 1722 3332 1800 großen Herrn dann bedauern wir den armen Kerl von innern Kampf gi¬
524 1743 1332 1810 Ein Feuilleton, das ab und zu geistreich
1364 1747 3287 1831 spielen möchte. Und wie ließe sich sein ganzer Seele. Und so bleibt von dem beiden Gegner
527 1803 1325 1859 und amüsant ist, oft aber auch herzlich
1360 1803 2148 1866 anmaßendes Protzentum besser charakteri
2172 1810 2967 1888 ganzen Stücke nichts, als ein paar mehr
2991 1817 3269 1895 fest überzeugt,
524 1845 1336 1909 langweilig. Es geht wieder einmal über
1364 1842 2960 1965 sieren, als durch diesen deplacierten Rot- oder weniger ergötzliche Szenen, in de¬
2984 1877 3336 1951 und Zweifeln für
527 1891 1473 1968 die Petersburger höhere Gesellschaft her, wein?
2172 1909 3279 1982 nen das Leben und Treiben der obern Paul Rönning,
520 1937 1325 2018 deren Verlogenheit, Unsittlichkeit, Ober¬
1399 1944 2963 2035 Diese Austernpolemik hat aber noch Zehntausend mit wenig Witz und viel
2991 1972 3332 2032 sinnungsfestigkeit
524 1989 1322 2053 flächlichkeit, Strebertum u. s. w. in alt
1350 1986 2956 2091 einen tiefern Sinn. Wenn ein neues unberechtigtem Behagen geschildert wird
2984 2028 3332 2091 und der Leute
520 2042 1325 2120 bekannter Weise gegeißelt werden. Wenn
1346 2032 2144 2113 Drama zu keinen weitern Erörterungen
2214 2060 2960 2130 Ueber die Darstellung habe ich mich
2984 2070 3325 2134 seines konvention
524 2091 1318 2158 man Herrn Potapenko glauben soll,
1350 2091 2141 2162 Anlaß gibt, als darüber, ob Austern mi
2172 2105 3272 2190 schon vorgestern geäußert. Die Herren zum Mörder."
520 2144 1325 2207 haben die höhern Beamten in Petersburg
1346 2137 2141 2229 Rotz oder Weißwein genossen werden sol
2165 2165 3325 2229 und Damen vom Kleinen Theater haben Herr E. E. Mat
513 2193 3332 2292 nichts weiter zu tun, als „auf den In¬ len, — dann ist es schon gerichtet. Man schon manches mittelmäßige und schlechte pas?" genannt,
517 2232 1322 2299 seln" zu soupieren und schönen Ballet
1346 2236 2141 2316 könnte ja die Spitze auch gegen die Kri¬
2172 2257 3329 2327 Stück vor dem sichern Tode gerettet, das ganz blödsi
517 2299 3329 2376 teufen den Hof zu machen. Die respek- til kehren und von dem glänzenden Ar¬ Von einzelnen möchte ich neben den welchem Titel Frei
513 2337 1318 2397 tive Ehegattin hält sich mit dem Sekretär
1343 2341 2123 2415 mutszeugnis reden, das die „Verrohien
2158 2359 2939 2422 Herren Rybakow und Ryshow no-
2974 2366 3325 2439 hiesigen Diletta
513 2387 1325 2453 des vielbeschäftigten Gemahls schadlos,
1346 2383 2134 2453 sich dadurch ausgestellt, aber das geht doch
2162 2415 3332 2482 einmal Frl. Sadowskaja 2 hervor, wurde. Aber die
513 2439 1318 2499 und wenn sie über Jugendtorheiten hin¬
1343 2443 2942 2513 nicht an. Herrn Potapenkos Stück ist wirk- heben. Dieses kleine Mädchen, dessen
2967 2460 3325 2534 russischen Titel en
513 2478 1318 2545 aus ist, d. h. ihre 45 Jahre nicht gut
1343 2485 2134 2555 lich nicht mehr wert. Man amüsiert sich
2158 2506 2949 2569 erste schüchterne Anfänge mir noch sehr
2970 2513 3329 2580 schwer beantworte
510 2545 3325 2629 mehr unter Schminke und Puder verber- ja stellenweise ganz gut, aber wenn man gut im Gedächtnis stehen, hat sich im von den beiden
517 2580 2130 2650 gen kann, dann gründet sie einen „Ver¬ nach der Aufführung beim Souper sitzt,
2158 2601 3332 2675 Laufe der Jahre zu einer sehr achtbaren ning die Hera¬
513 2629 1301 2692 ein zur Herausgabe billiger Volksbücher
1336 2629 3308 2728 denkt man garnicht mehr an das Stück, künstlerischen Kraft entwickelt, die den zurückweist, weil
517 2682 2939 2784 Da der Apfel nicht weit vom Stamm und am andern Tage hat man es ganz alten Ruhm der Familie Sadowski auch
2960 2714 3329 2777 beleidigt zu haben
513 2728 879 2794 fällt, ist auch die
917 2728 1522 2801 jüngere Generation vergessen.
2148 2749 3325 2851 im 20. Jahrhundert aufrecht zu erhalten einen Frechling na
510 2773 1315 2837 nicht besser, als Papa und Mama. Das
1381 2784 2573 2875 Die Zustände, die Herr Potapenko dar- im stande sein dürfte.
2960 2812 3332 2879 haben will, so hat
513 2812 2127 2893 Fräulein Tochter vertreibt sich die Zeit stellt, sind viel zu traurig, als daß man
2193 2833 3336 2914 Das Theater Korsch hatte vor, aber auch die Freu
513 2879 1318 2939 damit, daß sie bei einem Zirkuskünstler
1339 2875 3315 2984 sie mit leichtfertigen Feuilletonwitzen abgestern, zum Benefiz des Herrn Tscha= ihrer Behauptung,
506 2935 1241 2991 Reitstunden nimmt, bis ein Skandal
1336 2932 3329 3040 fertigen könnte. Man fühlt nichts von dem rin, einen Schnitzer=Abend. Beide Mann, wenn Rön¬
513 2984 1213 3044 chambre separée dem Unterricht
1329 2981 2127 3048 großen, heiligen Zorn des Satirikers, der
2151 2995 3325 3065 aufgeführten Stücke sind in Moskau Genugtuung verw
510 3026 2127 3093 Ende macht. Dieser Skandal aber geniert mit eisernem Besen den Boden
2158 3044 3332 3111 schon bekannt. „Freiwild“ wurde am 13. kann er die Ohrfei¬
499 3079 1304 3139 den Bräutigam der jungen Dame wenig
1325 3083 2123 3149 reinfegt von all dem Ungeziefer, das sich
2151 3093 2921 3153 März 1902 von dem „mustergiltigen
2949 3100 3332 3167 lassen; nach den Be¬
499 3132 1304 3185 er beschleunigt die Hochzeit blos und be¬
1325 3135 2116 3195 darauf eingenistet hat. Freilich, ab un
2144 3142 3325 3206 Eger'schen Ensemble im Theater Eremi- bleibt ihm nichts
503 3178 3329 3255 zahlt auch noch die Austernrechnung des zu gibt Herr Potapenko sich Mühe, ein tage gegeben — vor so gut wie ganz Leben nehmen, und
492 3227 2932 3311 Artisten. Wegen besagter Austern haben, ernstes Gesicht zu machen, aber wir glau¬ leerem Hause. Damals schrieb ich: Das
2953 3244 3325 3318 endlichen Uebern
499 3276 1297 3329 nebenbei bemerkt, die Petersburger „Kri¬
1325 3279 3332 3395 ben an deren nicht und sagen kr. Stück behandelt die so oft schon erörterte Also wer dar¬
503 3311 1758 3385 tiker ein großes Halloh gemacht. Auf gerlich:
1620 3318 3332 3438 det der Mann da und immer noch nicht gelöste Frage von keiner, sondern be¬
492 3364 1508 3438 der Bühne wird nämlich zu den Austern für
1469 3385 3297 3504 den Herr Peteren heute fer den Standesvorstellt und der sittlichen Der eine weiter
