<?xml version="1.0" encoding="UTF-8" standalone="yes"?>
<PcGts xmlns="http://schema.primaresearch.org/PAGE/gts/pagecontent/2013-07-15" xmlns:xsi="http://www.w3.org/2001/XMLSchema-instance" xsi:schemaLocation="http://schema.primaresearch.org/PAGE/gts/pagecontent/2013-07-15 http://schema.primaresearch.org/PAGE/gts/pagecontent/2013-07-15/pagecontent.xsd">
    <Metadata>
        <Creator>prov=READ-COOP:name=PyLaia@TranskribusPlatform:version=2.12.1:model_id=39995:lm=provided:date=28_03_2024_21:32</Creator>
        <Created>2019-10-07T11:48:32.821+02:00</Created>
        <LastChange>2024-03-28T21:32:46.165+01:00</LastChange>
        <TranskribusMetadata docId="223990" pageId="9504798" pageNr="240" tsid="156390428" status="IN_PROGRESS" userId="40391" imgUrl="https://files.transkribus.eu/Get?id=KVXQZIGZAHIWMNYCKJZPHNCC&amp;fileType=view" xmlUrl="https://files.transkribus.eu/Get?id=OBQYUDPEGXSRFVHWAFNUOUDB" imageId="6195012"/>
    </Metadata>
    <Page imageFilename="223990_0240.jpeg" imageWidth="3392" imageHeight="4384">
        <ReadingOrder>
            <OrderedGroup id="ro_1712662618456" caption="Regions reading order">
                <RegionRefIndexed index="0" regionRef="tr_1"/>
                <RegionRefIndexed index="1" regionRef="tr_2"/>
            </OrderedGroup>
        </ReadingOrder>
        <TextRegion orientation="0.0" id="tr_1" custom="readingOrder {index:0;}">
            <Coords points="176,144 176,297 707,297 707,144"/>
            <TextLine id="tr_1_tl_1" custom="readingOrder {index:0;}">
                <Coords points="165,275 212,254 308,282 702,273 687,169 542,199 481,176 405,204 347,176 273,204 165,180"/>
                <Baseline points="176,247 202,245 229,245 255,246 282,246 308,244 335,244 361,244 388,244 414,245 441,247 468,245 494,244 521,244 547,244 574,244 600,244 627,244 653,244 680,245 707,247"/>
                <TextEquiv>
                    <Unicode>8. Freiwild</Unicode>
                </TextEquiv>
            </TextLine>
            <TextEquiv>
                <Unicode></Unicode>
            </TextEquiv>
        </TextRegion>
        <TextRegion orientation="0.0" id="tr_2" custom="readingOrder {index:1;}">
            <Coords points="860,212 860,3268 2439,3268 2439,212"/>
            <TextLine id="tr_2_tl_1" custom="readingOrder {index:0;}">
                <Coords points="850,267 943,258 962,273 1032,264 1075,280 1121,254 1143,269 1220,254 1266,265 1264,186 1229,176 1205,184 1153,165 1121,187 1065,174 1017,195 976,174 921,200 848,169"/>
                <Baseline points="860,238 885,238 911,238 936,240 962,242 987,244 1013,243 1038,241 1064,243 1090,244 1115,244 1141,243 1166,241 1192,241 1217,241 1243,239 1269,241"/>
                <TextEquiv>
                    <Unicode>box 14/3</Unicode>
                </TextEquiv>
            </TextLine>
            <TextLine id="tr_2_tl_2" custom="readingOrder {index:1;}">
                <Coords points="1472,919 1552,919 1583,932 1804,913 1808,852 1778,854 1730,824 1678,841 1645,830 1609,852 1572,845 1556,858 1476,845"/>
                <Baseline points="1484,901 1509,896 1534,893 1559,892 1584,892 1609,892 1634,892 1659,890 1684,888 1709,887 1734,886 1759,886 1784,887 1809,889"/>
                <TextEquiv>
                    <Unicode>Telefon 1911.</Unicode>
                </TextEquiv>
            </TextLine>
            <TextLine id="tr_2_tl_3" custom="readingOrder {index:2;}">
                <Coords points="1190,999 1830,988 2083,1017 2085,924 1919,917 1801,958 1630,921 1452,967 1190,943"/>
                <Baseline points="1200,997 1244,994 1288,994 1333,994 1377,994 1421,991 1466,991 1510,988 1554,988 1599,985 1643,985 1687,982 1732,982 1776,982 1820,982 1865,979 1909,979 1953,976 1998,976 2042,976 2087,976"/>
                <TextEquiv>
                    <Unicode>Unternehmen für Zeitungs-Ausschnitte</Unicode>
                </TextEquiv>
            </TextLine>
            <TextLine id="tr_2_tl_4" custom="readingOrder {index:3;}">
                <Coords points="2183,1006 2209,1006 2237,1023 2253,1010 2287,1017 2335,991 2341,997 2363,993 2365,949 2341,941 2324,952 2283,928 2252,939 2218,937 2205,950 2185,943"/>
                <Baseline points="2194,991 2223,989 2252,987 2281,985 2310,985 2339,986 2368,988"/>
                <TextEquiv>
                    <Unicode>Ausschnitt</Unicode>
                </TextEquiv>
            </TextLine>
            <TextLine id="tr_2_tl_5" custom="readingOrder {index:4;}">
                <Coords points="2163,1104 2185,1103 2192,1108 2205,1097 2220,1095 2237,1108 2244,1101 2259,1106 2263,1027 2250,1021 2231,1025 2202,1002 2179,1012 2166,1012"/>
                <Baseline points="2174,1075 2204,1075 2235,1074 2266,1072"/>
                <TextEquiv>
                    <Unicode>Nr.</Unicode>
                </TextEquiv>
            </TextLine>
            <TextLine id="tr_2_tl_6" custom="readingOrder {index:5;}">
                <Coords points="1349,1134 1517,1108 1635,1129 1754,1099 1867,1117 1921,1103 1923,1047 1873,1010 1680,1023 1609,1001 1563,1032 1502,1010 1353,1051"/>
                <Baseline points="1361,1113 1389,1107 1417,1103 1445,1101 1474,1101 1502,1101 1530,1101 1558,1099 1587,1098 1615,1098 1643,1097 1671,1095 1700,1093 1728,1093 1756,1093 1784,1093 1813,1093 1841,1093 1869,1091 1897,1089 1926,1087"/>
                <TextEquiv>
                    <Unicode>„OBSERVER</Unicode>
                </TextEquiv>
            </TextLine>
            <TextLine id="tr_2_tl_7" custom="readingOrder {index:6;}">
                <Coords points="945,1194 2109,1194 2357,1168 2359,1106 945,1136"/>
                <Baseline points="955,1188 1025,1182 1095,1179 1166,1178 1236,1176 1306,1175 1377,1173 1447,1171 1517,1167 1588,1167 1658,1164 1728,1164 1799,1161 1869,1158 1939,1156 2010,1155 2080,1155 2150,1154 2221,1152 2291,1149 2362,1149"/>
                <TextEquiv>
                    <Unicode>1. österr. behördl. concess. Bureau für Zeitungsberichte und Personalnachrichten</Unicode>
                </TextEquiv>
            </TextLine>
            <TextLine id="tr_2_tl_8" custom="readingOrder {index:7;}">
                <Coords points="1238,1288 1576,1251 1908,1251 1979,1279 2060,1253 2062,1190 1554,1208 1483,1175 1361,1220 1240,1197"/>
                <Baseline points="1251,1257 1291,1254 1332,1254 1373,1254 1414,1254 1454,1253 1495,1251 1536,1251 1577,1248 1617,1248 1658,1248 1699,1246 1740,1243 1780,1242 1821,1242 1862,1241 1903,1239 1943,1239 1984,1239 2025,1239 2066,1239"/>
                <TextEquiv>
                    <Unicode>Wien, IX/1 Türkenstrasse 17.</Unicode>
                </TextEquiv>
            </TextLine>
            <TextLine id="tr_2_tl_9" custom="readingOrder {index:8;}">
                <Coords points="993,1364 2127,1327 2129,1260 2064,1257 995,1314"/>
                <Baseline points="1006,1328 1062,1334 1118,1333 1174,1331 1231,1331 1287,1331 1343,1331 1400,1331 1456,1328 1512,1328 1569,1325 1625,1323 1681,1322 1737,1319 1794,1319 1850,1317 1906,1316 1963,1316 2019,1315 2075,1312 2132,1308"/>
                <TextEquiv>
                    <Unicode>— Filiale in Budapest: „Figyeid“, VIII. Josefsring 31a.</Unicode>
                </TextEquiv>
            </TextLine>
            <TextLine id="tr_2_tl_10" custom="readingOrder {index:9;}">
                <Coords points="945,1520 1576,1504 1836,1567 2073,1485 2432,1565 2435,1422 2387,1413 1762,1463 1569,1401 1448,1465 947,1468"/>
                <Baseline points="955,1517 1029,1509 1103,1508 1177,1508 1251,1505 1326,1502 1400,1503 1474,1502 1548,1502 1622,1499 1697,1499 1771,1496 1845,1496 1919,1494 1993,1487 2068,1484 2142,1487 2216,1487 2290,1490 2364,1490 2439,1490"/>
                <TextEquiv>
                    <Unicode>Ausschnitt ans, oder ung. Arist.</Unicode>
                </TextEquiv>
            </TextLine>
            <TextLine id="tr_2_tl_11" custom="readingOrder {index:10;}">
                <Coords points="1968,1641 2040,1613 2075,1628 2096,1617 2112,1632 2131,1617 2190,1643 2185,1563 2164,1572 2101,1561 2070,1569 2033,1552 1964,1583"/>
                <Baseline points="1976,1612 2003,1614 2030,1615 2057,1615 2085,1616 2112,1618 2139,1622 2166,1625 2194,1627"/>
                <TextEquiv>
                    <Unicode></Unicode>
                </TextEquiv>
            </TextLine>
            <TextLine id="tr_2_tl_12" custom="readingOrder {index:11;}">
                <Coords points="1259,1710 1285,1698 1324,1710 1433,1656 1476,1676 1509,1671 1533,1661 1533,1596 1455,1617 1439,1602 1401,1604 1375,1591 1327,1611 1279,1595 1257,1600"/>
                <Baseline points="1266,1660 1293,1658 1320,1657 1347,1657 1374,1658 1401,1660 1428,1662 1455,1662 1482,1658 1509,1661 1537,1666"/>
                <TextEquiv>
                    <Unicode>Von</Unicode>
                </TextEquiv>
            </TextLine>
            <TextLine id="tr_2_tl_13" custom="readingOrder {index:12;}">
                <Coords points="1142,2085 2292,2027 2311,1943 1145,1992"/>
                <Baseline points="1152,2072 1210,2067 1268,2063 1326,2060 1384,2057 1442,2055 1500,2054 1558,2051 1616,2050 1674,2046 1733,2042 1791,2041 1849,2039 1907,2039 1965,2038 2023,2034 2081,2033 2139,2030 2197,2026 2255,2022 2314,2018"/>
                <TextEquiv>
                    <Unicode>Freiwild“, Schauspiel von Dr. Arthur Schnitzler. Der</Unicode>
                </TextEquiv>
            </TextLine>
            <TextLine id="tr_2_tl_14" custom="readingOrder {index:13;}">
                <Coords points="954,2135 2311,2081 2313,2025 2216,2021 1717,2072 958,2068"/>
                <Baseline points="964,2126 1031,2122 1099,2120 1166,2116 1234,2111 1301,2110 1369,2108 1436,2107 1504,2102 1571,2099 1639,2096 1706,2093 1774,2090 1841,2089 1909,2084 1976,2081 2044,2078 2111,2077 2179,2075 2246,2068 2314,2066"/>
                <TextEquiv>
                    <Unicode>erfolgreiche Dichter der „Liebelei" und des „Anatol" hat mit seinem</Unicode>
                </TextEquiv>
            </TextLine>
            <TextLine id="tr_2_tl_15" custom="readingOrder {index:14;}">
                <Coords points="954,2179 2311,2124 2313,2083 2218,2075 956,2144"/>
                <Baseline points="964,2171 1031,2170 1099,2168 1166,2164 1234,2162 1301,2161 1369,2159 1436,2155 1504,2150 1571,2148 1639,2147 1706,2143 1774,2138 1841,2137 1909,2132 1976,2131 2044,2129 2111,2123 2179,2120 2246,2116 2314,2114"/>
                <TextEquiv>
                    <Unicode>neuesten Schauspiel „Freiwild" die Bahn verlassen, in der er</Unicode>
                </TextEquiv>
            </TextLine>
            <TextLine id="tr_2_tl_16" custom="readingOrder {index:15;}">
                <Coords points="960,2228 2137,2189 2309,2168 2311,2133 962,2181"/>
                <Baseline points="970,2221 1037,2220 1104,2218 1171,2214 1238,2212 1306,2209 1373,2206 1440,2202 1507,2200 1574,2196 1642,2192 1709,2191 1776,2189 1843,2185 1910,2180 1978,2177 2045,2174 2112,2173 2179,2171 2246,2165 2314,2162"/>
                <TextEquiv>
                    <Unicode>durch meisterhafte Zeichnung der modernen Liebesverhältnisse seinen</Unicode>
                </TextEquiv>
            </TextLine>
            <TextLine id="tr_2_tl_17" custom="readingOrder {index:16;}">
                <Coords points="956,2281 2309,2231 2305,2166 958,2228"/>
                <Baseline points="967,2269 1034,2268 1101,2266 1169,2262 1236,2260 1303,2257 1371,2254 1438,2251 1505,2245 1573,2244 1640,2242 1707,2238 1775,2236 1842,2233 1909,2230 1977,2226 2044,2221 2111,2220 2179,2218 2246,2214 2314,2212"/>
                <TextEquiv>
                    <Unicode>Namen zu einem der ersten des literarischen Jung=Wien machte, und</Unicode>
                </TextEquiv>
            </TextLine>
            <TextLine id="tr_2_tl_18" custom="readingOrder {index:17;}">
                <Coords points="965,2326 2326,2281 2328,2233 2231,2216 967,2281"/>
                <Baseline points="976,2323 1043,2317 1111,2315 1179,2310 1247,2308 1315,2302 1382,2302 1450,2298 1518,2296 1586,2293 1654,2290 1721,2286 1789,2284 1857,2283 1925,2278 1993,2274 2060,2272 2128,2269 2196,2266 2264,2262 2332,2263"/>
                <TextEquiv>
                    <Unicode>hat sich in der Lösung einer Frage versucht, der vor ihm schon</Unicode>
                </TextEquiv>
            </TextLine>
            <TextLine id="tr_2_tl_19" custom="readingOrder {index:18;}">
                <Coords points="958,2376 2318,2313 2320,2274 2103,2266 962,2328"/>
                <Baseline points="970,2371 1037,2367 1105,2363 1172,2359 1240,2359 1308,2353 1375,2350 1443,2347 1511,2344 1578,2343 1646,2338 1714,2337 1781,2332 1849,2329 1917,2326 1984,2323 2052,2320 2120,2316 2187,2314 2255,2313 2323,2308"/>
                <TextEquiv>
                    <Unicode>Unzählige in Form von Broschüren, Artikeln und Theaterstücken an</Unicode>
                </TextEquiv>
            </TextLine>
            <TextLine id="tr_2_tl_20" custom="readingOrder {index:19;}">
                <Coords points="963,2428 2322,2376 2324,2317 2259,2311 965,2378"/>
                <Baseline points="973,2421 1040,2415 1108,2415 1175,2410 1243,2407 1311,2404 1378,2401 1446,2397 1514,2395 1581,2391 1649,2389 1717,2385 1784,2383 1852,2379 1920,2377 1987,2373 2055,2368 2123,2367 2190,2365 2258,2361 2326,2359"/>
                <TextEquiv>
                    <Unicode>den Leib gerückt sind, nämlich der Duellfrage und sagen wir es gleich</Unicode>
                </TextEquiv>
            </TextLine>
            <TextLine id="tr_2_tl_21" custom="readingOrder {index:20;}">
                <Coords points="963,2482 2003,2445 2320,2419 2322,2376 965,2424"/>
                <Baseline points="973,2469 1040,2465 1108,2460 1175,2454 1243,2454 1310,2453 1378,2448 1445,2445 1513,2442 1580,2441 1648,2436 1715,2435 1783,2430 1850,2430 1918,2424 1985,2421 2053,2418 2120,2414 2188,2412 2255,2410 2323,2412"/>
                <TextEquiv>
                    <Unicode>heraus — er war in der Behandlung wenig glücklich. Das Stück,</Unicode>
                </TextEquiv>
            </TextLine>
            <TextLine id="tr_2_tl_22" custom="readingOrder {index:21;}">
                <Coords points="973,2521 2320,2465 2322,2419 2179,2411 975,2478"/>
                <Baseline points="982,2520 1049,2514 1116,2511 1183,2506 1250,2505 1317,2500 1384,2499 1451,2491 1518,2490 1585,2490 1652,2487 1719,2482 1786,2478 1853,2475 1920,2472 1987,2470 2054,2466 2121,2463 2188,2460 2255,2457 2323,2457"/>
                <TextEquiv>
                    <Unicode>das in Deutschland schon viel aufgeführt wurde und in militärfeind¬</Unicode>
                </TextEquiv>
            </TextLine>
            <TextLine id="tr_2_tl_23" custom="readingOrder {index:22;}">
                <Coords points="967,2573 2326,2519 2328,2465 2240,2461 971,2524"/>
                <Baseline points="979,2568 1046,2564 1114,2559 1181,2556 1249,2553 1316,2550 1384,2547 1451,2544 1519,2541 1586,2540 1654,2535 1721,2532 1789,2526 1856,2523 1924,2523 1991,2519 2059,2517 2126,2513 2194,2508 2261,2508 2329,2511"/>
                <TextEquiv>
                    <Unicode>lichen Kreisen sehr gefallen hat, erreichte hier nur einen Achtungserfolg,</Unicode>
                </TextEquiv>
            </TextLine>
            <TextLine id="tr_2_tl_24" custom="readingOrder {index:23;}">
                <Coords points="976,2623 2328,2558 2330,2513 2259,2510 980,2573"/>
                <Baseline points="988,2616 1055,2612 1122,2607 1189,2603 1256,2601 1324,2598 1391,2595 1458,2592 1525,2589 1592,2587 1660,2586 1727,2580 1794,2577 1861,2574 1928,2571 1996,2566 2063,2565 2130,2561 2197,2559 2264,2553 2332,2553"/>
                <TextEquiv>
                    <Unicode>denn es beweist, dass der Autor, so gut er auch die Welt hinter den</Unicode>
                </TextEquiv>
            </TextLine>
            <TextLine id="tr_2_tl_25" custom="readingOrder {index:24;}">
                <Coords points="976,2679 2335,2610 2326,2554 980,2623"/>
                <Baseline points="988,2666 1055,2660 1123,2657 1190,2654 1258,2651 1325,2647 1393,2642 1460,2641 1528,2639 1595,2635 1663,2633 1730,2628 1798,2625 1865,2625 1933,2619 2000,2615 2068,2613 2135,2609 2203,2607 2270,2603 2338,2601"/>
                <TextEquiv>
                    <Unicode>Coulissen kennt, der militärischen Welt fremd gegenübersteht. Gespielt</Unicode>
                </TextEquiv>
            </TextLine>
            <TextLine id="tr_2_tl_26" custom="readingOrder {index:25;}">
                <Coords points="973,2721 2331,2667 2309,2602 975,2679"/>
                <Baseline points="985,2714 1052,2710 1120,2708 1187,2704 1255,2699 1322,2695 1390,2693 1457,2690 1525,2687 1592,2684 1660,2681 1727,2678 1795,2672 1862,2671 1930,2669 1997,2665 2065,2660 2132,2659 2200,2654 2267,2651 2335,2657"/>
                <TextEquiv>
                    <Unicode>wurde, wie jetzt stets im Carl-Theater, vortrefflich. Die Herren Reusch,</Unicode>
                </TextEquiv>
            </TextLine>
            <TextLine id="tr_2_tl_27" custom="readingOrder {index:26;}">
                <Coords points="975,2766 2211,2727 2352,2714 2354,2673 976,2723"/>
                <Baseline points="985,2765 1053,2762 1122,2756 1190,2750 1259,2748 1327,2744 1396,2742 1464,2741 1533,2736 1601,2735 1670,2730 1739,2725 1807,2723 1876,2720 1944,2718 2013,2713 2081,2708 2150,2705 2218,2702 2287,2699 2356,2702"/>
                <TextEquiv>
                    <Unicode>Klein und Tewele, sowie Fräulein Sangora und Glümer</Unicode>
                </TextEquiv>
            </TextLine>
            <TextLine id="tr_2_tl_28" custom="readingOrder {index:27;}">
                <Coords points="984,2822 2354,2764 2356,2718 2250,2705 986,2777"/>
                <Baseline points="994,2813 1062,2807 1130,2805 1198,2801 1267,2796 1335,2795 1403,2790 1471,2788 1540,2784 1608,2782 1676,2778 1744,2779 1813,2772 1881,2768 1949,2765 2017,2762 2086,2759 2154,2758 2222,2753 2290,2750 2359,2759"/>
                <TextEquiv>
                    <Unicode>verdienen jedoch besonders hervorgehoben zu werden. Der Dichter wurde</Unicode>
                </TextEquiv>
            </TextLine>
            <TextLine id="tr_2_tl_29" custom="readingOrder {index:28;}">
                <Coords points="982,2885 1179,2870 1227,2890 1340,2859 1557,2857 1587,2849 1591,2786 1448,2812 1411,2797 1318,2818 1285,2799 1264,2818 984,2822"/>
                <Baseline points="994,2860 1024,2857 1054,2857 1084,2855 1114,2853 1144,2851 1174,2851 1204,2850 1234,2849 1264,2849 1294,2847 1324,2843 1354,2843 1384,2842 1414,2840 1444,2838 1474,2836 1504,2834 1534,2834 1564,2834 1594,2834"/>
                <TextEquiv>
                    <Unicode>durch Hervorrufe ausgezeichnet.</Unicode>
                </TextEquiv>
            </TextLine>
            <TextLine id="tr_2_tl_30" custom="readingOrder {index:29;}">
                <Coords points="1379,2914 2031,2899 2033,2838 1973,2818 1821,2853 1381,2859"/>
                <Baseline points="1391,2896 1423,2898 1455,2896 1487,2896 1520,2895 1552,2893 1584,2893 1616,2891 1649,2889 1681,2887 1713,2887 1745,2886 1778,2884 1810,2884 1842,2882 1874,2881 1907,2881 1939,2881 1971,2879 2003,2879 2036,2881"/>
                <TextEquiv>
                    <Unicode>Bezugs-Bedingungen.</Unicode>
                </TextEquiv>
            </TextLine>
            <TextLine id="tr_2_tl_31" custom="readingOrder {index:30;}">
                <Coords points="2003,2957 2021,2951 2044,2966 2079,2938 2109,2938 2116,2946 2163,2944 2164,2881 2129,2877 2118,2883 2101,2881 2094,2873 2075,2885 2064,2877 2059,2883 2034,2877 2025,2886 2007,2886"/>
                <Baseline points="2015,2938 2040,2935 2066,2935 2091,2934 2117,2932 2142,2932 2168,2932"/>
                <TextEquiv>
                    <Unicode>fl. 7.50</Unicode>
                </TextEquiv>
            </TextLine>
            <TextLine id="tr_2_tl_32" custom="readingOrder {index:31;}">
                <Coords points="993,2990 1108,2968 1305,3005 1366,2970 1515,2987 1736,2950 1927,2976 1899,2899 997,2920"/>
                <Baseline points="1006,2971 1052,2968 1098,2968 1144,2967 1191,2965 1237,2964 1283,2962 1330,2960 1376,2959 1422,2959 1469,2957 1515,2956 1561,2954 1607,2951 1654,2950 1700,2948 1746,2947 1793,2944 1839,2941 1885,2941 1932,2941"/>
                <TextEquiv>
                    <Unicode>Für 50 Zeitungsausschnitte (Artikel oder Notizen)</Unicode>
                </TextEquiv>
            </TextLine>
            <TextLine id="tr_2_tl_33" custom="readingOrder {index:32;}">
                <Coords points="2216,2974 2237,2977 2255,2964 2294,2970 2313,2964 2333,2972 2372,2968 2374,2907 2346,2911 2298,2938 2281,2925 2263,2933 2239,2914 2218,2916"/>
                <Baseline points="2227,2965 2252,2962 2277,2962 2302,2961 2327,2959 2352,2959 2377,2959"/>
                <TextEquiv>
                    <Unicode>inclusive</Unicode>
                </TextEquiv>
            </TextLine>
            <TextLine id="tr_2_tl_34" custom="readingOrder {index:33;}">
                <Coords points="2072,2977 2085,2981 2094,2977 2111,2977 2122,2983 2135,2974 2142,2981 2157,2981 2159,2944 2146,2942 2125,2953 2109,2938 2090,2938 2086,2942 2073,2940"/>
                <Baseline points="2081,2974 2108,2974 2135,2973 2162,2971"/>
                <TextEquiv>
                    <Unicode>14.—</Unicode>
                </TextEquiv>
            </TextLine>
            <TextLine id="tr_2_tl_35" custom="readingOrder {index:34;}">
                <Coords points="2240,2992 2257,2996 2270,2994 2274,2998 2287,2994 2298,2998 2305,2992 2320,2996 2354,2994 2354,2979 2343,2979 2326,2966 2307,2966 2291,2972 2285,2966 2240,2970"/>
                <Baseline points="2251,2992 2278,2990 2305,2990 2332,2991 2359,2992"/>
                <TextEquiv>
                    <Unicode>Porto.</Unicode>
                </TextEquiv>
            </TextLine>
            <TextLine id="tr_2_tl_36" custom="readingOrder {index:35;}">
                <Coords points="2059,3022 2099,3018 2112,3024 2118,3022 2124,3028 2131,3024 2159,3026 2161,2994 2140,2989 2133,2994 2120,2989 2109,2977 2079,2977 2070,2985 2060,2985"/>
                <Baseline points="2069,3016 2100,3014 2131,3013 2162,3013"/>
                <TextEquiv>
                    <Unicode>25.—</Unicode>
                </TextEquiv>
            </TextLine>
            <TextLine id="tr_2_tl_37" custom="readingOrder {index:36;}">
                <Coords points="2229,3031 2263,3024 2291,3024 2298,3029 2311,3022 2317,3026 2359,3024 2361,2992 2341,2998 2331,2992 2328,2996 2304,2992 2298,2998 2287,2994 2276,3000 2270,2992 2231,2989"/>
                <Baseline points="2239,3025 2264,3021 2289,3019 2314,3019 2339,3019 2365,3019"/>
                <TextEquiv>
                    <Unicode>Zahlbar</Unicode>
                </TextEquiv>
            </TextLine>
            <TextLine id="tr_2_tl_38" custom="readingOrder {index:37;}">
                <Coords points="1082,3054 1136,3054 1151,3046 1160,3046 1160,2979 1149,2979 1140,2972 1132,2976 1116,2974 1110,2979 1101,2972 1095,2976 1082,2974"/>
                <Baseline points="1093,3046 1128,3046 1164,3046"/>
                <TextEquiv>
                    <Unicode>20</Unicode>
                </TextEquiv>
            </TextLine>
            <TextLine id="tr_2_tl_39" custom="readingOrder {index:38;}">
                <Coords points="2205,3074 2226,3070 2246,3081 2270,3065 2300,3091 2307,3085 2337,3089 2356,3083 2378,3089 2380,3026 2350,3022 2298,3029 2274,3022 2255,3029 2231,3018 2205,3024"/>
                <Baseline points="2215,3052 2243,3052 2271,3050 2299,3049 2327,3049 2355,3049 2383,3049"/>
                <TextEquiv>
                    <Unicode>im Voraus.</Unicode>
                </TextEquiv>
            </TextLine>
            <TextLine id="tr_2_tl_40" custom="readingOrder {index:39;}">
                <Coords points="2055,3059 2079,3061 2085,3057 2092,3061 2105,3055 2129,3065 2146,3065 2148,3024 2129,3024 2124,3028 2114,3018 2107,3020 2103,3016 2085,3022 2081,3018 2072,3024 2057,3018"/>
                <Baseline points="2066,3055 2094,3053 2122,3052 2150,3052"/>
                <TextEquiv>
                    <Unicode>55.—</Unicode>
                </TextEquiv>
            </TextLine>
            <TextLine id="tr_2_tl_41" custom="readingOrder {index:40;}">
                <Coords points="1082,3083 1104,3093 1110,3089 1130,3089 1134,3093 1138,3089 1147,3089 1155,3096 1164,3096 1166,3050 1147,3048 1136,3054 1084,3054"/>
                <Baseline points="1093,3084 1118,3082 1144,3081 1170,3081"/>
                <TextEquiv>
                    <Unicode>500</Unicode>
                </TextEquiv>
            </TextLine>
            <TextLine id="tr_2_tl_42" custom="readingOrder {index:41;}">
                <Coords points="2010,3107 2044,3111 2055,3106 2086,3117 2111,3107 2122,3096 2142,3102 2146,3055 2129,3059 2107,3055 2090,3061 2064,3057 2044,3070 2012,3070"/>
                <Baseline points="2021,3096 2046,3094 2071,3092 2096,3090 2121,3089 2147,3087"/>
                <TextEquiv>
                    <Unicode>„ 100.-</Unicode>
                </TextEquiv>
            </TextLine>
            <TextLine id="tr_2_tl_43" custom="readingOrder {index:42;}">
                <Coords points="1023,3137 1047,3139 1056,3150 1095,3128 1132,3143 1164,3135 1168,3098 1136,3085 1104,3093 1084,3083 1054,3106 1027,3109"/>
                <Baseline points="1033,3135 1060,3132 1087,3128 1115,3124 1142,3122 1170,3120"/>
                <TextEquiv>
                    <Unicode>„ 1000</Unicode>
                </TextEquiv>
            </TextLine>
            <TextLine id="tr_2_tl_44" custom="readingOrder {index:43;}">
                <Coords points="1123,3182 2432,3139 2421,3087 2086,3118 1905,3083 1821,3130 1582,3085 1383,3139 1125,3135"/>
                <Baseline points="1134,3171 1199,3170 1264,3166 1329,3167 1394,3165 1459,3161 1524,3157 1589,3156 1654,3153 1719,3150 1785,3150 1850,3147 1915,3144 1980,3144 2045,3143 2110,3139 2175,3135 2240,3133 2305,3132 2370,3132 2436,3129"/>
                <TextEquiv>
                    <Unicode>Im Gegensatze zu anderen Bureaux für Zeitungsausschnitte ist das</Unicode>
                </TextEquiv>
            </TextLine>
            <TextLine id="tr_2_tl_45" custom="readingOrder {index:44;}">
                <Coords points="2072,3187 2270,3189 2322,3176 2391,3208 2432,3204 2434,3137 2343,3133 2307,3152 2266,3137 2189,3154 2177,3143 2096,3146 2073,3157"/>
                <Baseline points="2081,3180 2106,3178 2131,3177 2157,3177 2182,3176 2207,3174 2233,3174 2258,3174 2283,3174 2309,3174 2334,3172 2359,3171 2385,3171 2410,3172 2436,3174"/>
                <TextEquiv>
                    <Unicode>auch steht es den</Unicode>
                </TextEquiv>
            </TextLine>
            <TextLine id="tr_2_tl_46" custom="readingOrder {index:45;}">
                <Coords points="1012,3221 1938,3202 2005,3187 2007,3154 1091,3189 1014,3163"/>
                <Baseline points="1021,3216 1070,3213 1119,3213 1169,3209 1218,3207 1268,3206 1317,3204 1366,3204 1416,3202 1465,3198 1515,3198 1564,3195 1613,3195 1663,3192 1712,3191 1762,3189 1811,3187 1860,3186 1910,3184 1959,3183 2009,3186"/>
                <TextEquiv>
                    <Unicode>Abonnement durch keine bestimmte Zeitdauer begrenzt;</Unicode>
                </TextEquiv>
            </TextLine>
            <TextLine id="tr_2_tl_47" custom="readingOrder {index:46;}">
                <Coords points="1014,3265 2181,3217 2343,3248 2322,3176 1015,3221"/>
                <Baseline points="1024,3258 1090,3252 1156,3251 1222,3249 1288,3246 1354,3246 1420,3243 1487,3241 1553,3237 1619,3235 1685,3233 1751,3231 1817,3228 1883,3226 1950,3225 2016,3223 2082,3222 2148,3217 2214,3216 2280,3214 2347,3213"/>
                <TextEquiv>
                    <Unicode>Abonnenten frei die aufgegebenen Themen zu ergänzen oder zu ändern.</Unicode>
                </TextEquiv>
            </TextLine>
            <TextEquiv>
                <Unicode></Unicode>
            </TextEquiv>
        </TextRegion>
    </Page>
</PcGts>
