3344 4352
910 165 1319 264 box 14/5
217 167 739 268 8. Freiwild
643 949 1049 1046 RADIO-WIEN
646 1106 1825 1205 am Sonntag, 26. Mai
657 1189 1894 1276 chträge und Berichtigungen siehe letzte Seite
859 1263 1007 1330 20,05:
1158 1259 1777 1347 Zeitzeichen, Wetterbericht
859 1348 1012 1425 20,10:
1305 1340 1626 1433 EREIN
922 1418 1998 1478 Schauspiel in drei Aufzügen von Arthur Schnitzler
691 1401 811 1478 fingst¬
868 1456 2047 1512 Dr. Arthur Schnitzler, am 15. Mai 1862 in Wien geboren, ist Arzt. Sein Ge¬
862 1498 2048 1535 burtsjahr fällt mit dem vieler Dichter des Naturalismus zusammen. Die Stim¬
862 1530 2061 1573 mungssphäre, die seine Werke (vor allem Dramen, dann Novellen, Essays und
699 1505 810 1589 zahl¬
859 1561 2055 1601 Gedichte) umgibt, ist aber eine wesentlich andere. Mehr weicher, inniger,
702 1572 814 1623 entend¬
865 1586 2070 1621 müder, ironischer und auch melancholischer. Immer werden ähnliche Gedanken
868 1618 2067 1654 und Gefühlsstimmungen in maiten, zarten Farben gemalt. Und hinter dem
868 1647 2062 1686 feinen Lächeln verbirgt sich Ironie und Schwermut, ob der Flüchtigkeit alles
872 1677 2052 1712 Geschehens. Auch das Schauspiel „Freiwild“, das 1896 erschien, enthält diese
872 1704 2058 1766 typischen Merkmale von Schnitzlers Schaffen. — Siehe auch den Aufsatz auf
1101 1738 1825 1788 Seite 561 und die Inhaltsangabe auf Seite 564.
1178 1775 1737 1842 Spielleitung: Paul Pranger
734 1791 825 1856 der
1359 1820 1555 1876 Personen:
730 1843 822 1907 chen
1104 1849 1519 1914 Oberleutnant Karinski
1569 1851 1819 1916 beide im gleichen
1095 1908 1783 1961 Oberleutnant Rohnstedt Kavalleriereg.
1095 1939 1407 1993 Paul Rönning
1627 1948 1783 1994 . . .
1095 1979 1456 2030 Poldi Grehlinger
1094 2001 1788 2078 Doktor Albert Wellner, Arzt.
1104 2058 1550 2113 Vogel, fusarenleutnant
1098 2076 1748 2155 Schnei r, Direktor des Sommer¬
1132 2135 1293 2187 theaters
1101 2172 1435 2224 Finke, Regisseur
1103 2184 1774 2281 Balduin, Liebhaber und Heldender¬
1132 2254 1256 2303 steller
1098 2275 1476 2345 Enderle, Komiker
1584 2298 1786 2357 . . . .
1095 2331 1495 2385 Anna Riedel, Naive
1101 2365 1555 2412 Pepi Fischer, Soubrette
1104 2379 1797 2473 Käthen Schütz, zweite Liebhaberin
1095 2446 1428 2502 Kohn, Kassierer
1095 2488 1240 2536 Kellner
1396 2493 1527 2554 .
1638 2493 1816 2554 . . . .
1097 2525 1246 2581 Pikkolo
1319 2533 1533 2579 . . . . .
1012 2562 1913 2628 Ein kleiner Badeort nicht allzu weit von Wien
967 2615 1964 2679 (Die Besetzung wird am Tage der Aufführung in den
1098 2667 1829 2724 Tagesblättern bekanntgegeben werden)
1325 2719 1593 2792 Anschließend:
1296 2780 1620 2843 Abendkonzert
1132 2815 1786 2894 des Orchesters Wilhelm Wacek
865 2851 2055 2926 C. M. Ziehrer: Ouvertüre zur Operette „Die Landstreicher —
856 2917 2052 2965 Rich. Fall: Ich bin verliebt in dich, mein Wien, Lied — R. Be¬
859 2955 2045 3003 natzky: In Schönbrunn, Lied — Joh. Strauß: Bei uns z' Haus,
872 2999 2042 3039 Walzer — G. Verdi: Phantasie aus der Oper „Ein Maskenball
1251 3036 2053 3090 — A. Drigo: Serenade aus dem Ballett
875 3036 1212 3093 (M. Zimmermann)
1501 3071 2058 3130 A. Thomas: Entre-act aus
872 3077 1419 3124 „Die Millionen des Harlekin
856 3110 2052 3162 der Oper „Mignon" — E. Kalman: Potpourri aus der Operette
865 3154 2044 3205 „Die Zirkusprinzessin" — Wilh. Wack: Sonnenstrahlen, Wal¬
1044 3196 2045 3241 Walter Borchert: Was Euch gefällt, Potpourri —
1057 3235 1859 3304 J. Schrammel: Wiener Künstler, Marsch
1044 3289 1870 3352 Nach Schluß des Abendprogrammes:
1222 3344 1700 3418 Bildrundfunksendung
