3436 4384
193 158 293 241 8.
356 151 562 229 Freiw.
882 132 1289 245 box 14/3
2474 641 2568 714 265
1296 641 1973 713 LA VITA INTERNATIONALE
1660 770 2596 830 sere espiata? Giovo o a qualche opera umani¬
667 767 1620 842 Vogel (altro ufficiale). — Ma andiamo, via, se
1666 821 2422 889 taria, battendomi? No, mille volte no.
655 842 1236 902 siamo tutti di bon amore...
1692 869 2610 929 Perché gli amici non mi dicano vile, non
697 884 1606 961 Karinski. — Può essere Mai domando
1662 920 2610 980 porrò la mia vita in pericolo. E se anche ci
665 928 1361 997 specialmente al signor Ronning?...
1666 968 2614 1030 sono delle verità che a dirle si pagan colla vita,
697 954 1621 1037 Paolo. — Mi rincresce moltissimo, ma non
1656 1013 2604 1075 la verità che io ho autenticata sul viso di Ka¬
661 1022 1624 1110 credo di essere obbligato a darvi spiegazioni
1662 1073 2466 1126 rinski non deesser pagata cosi cara !...
659 1074 956 1145 in proposito.
1698 1117 2615 1164 Invano gli amici vogliono distogliero dalla
697 1099 1618 1180 Karisch. Eppure, siccome vi siete degnato
1662 1164 2609 1225 sua ferrea risoluzione, coi ragionamenti che po-
659 1180 1612 1240 di ridere proprio quando io sono entrato... Op¬
1662 1211 2615 1273 tete figurarvi, le convenzioni sociali, i codici ca¬
665 1225 1066 1300 pure mi inganno?...
1668 1265 2616 1322 vallereschi, il pubblico disprezzo, Egli non cede,
701 1276 1134 1343 Paolo. — Può essere
1672 1307 2616 1369 non già per villa, ma per convinzione. Mentre
697 1308 1621 1382 Karinski. — Guardate un po... io credo che
1672 1361 2621 1422 gli amici lo lasciano rattristati, ma con un
665 1370 1603 1430 vi diverta il fatto della mia scommessa per
1666 1405 2620 1469 mezzo soggigno. Anna viene a trovarlo. E
671 1422 1087 1489 duta... Non è cosi ?...
1672 1462 2622 1519 disperata di quanto è accaduto. Gli confessa
701 1453 1618 1535 Paolo non risponde directamente alla domanda
1668 1505 2621 1559 che l’ama ed egli le propone di darle il suo
671 1522 1612 1577 e Karinski racconta ai compagni lo scaro su¬
1672 1556 2616 1625 nome. Partiranno insieme vers la felicità, lon¬
665 1567 1288 1628 bito. Anna non lo ha ricevuto.
1672 1607 2622 1662 tano, lontano. Ma è Karinski che non la intende
703 1615 1618 1672 Karinski. — Racconto specialmente per il si¬
1668 1654 2616 1708 cos. Egli è stato schaffeggiato pubblicamente.
667 1666 1624 1723 gnor Rönning, che pare si diverta assai perché
1678 1705 2610 1760 Un ufficiale non può limitarsi a dare una que¬
667 1718 1625 1782 continua a sorridere... La porta era chiusa... Ci
1668 1753 2616 1811 rela, comme un piccolo borghese quanque. Ha¬
665 1772 1624 1828 sono parecchi motivi per cui una signorina
1668 1805 2621 1858 bisogno della soddisfazione , ne fù come
667 1819 1306 1874 ciuda ermeticamente la porta.
1680 1850 2621 1912 vendetta, per calmare, per sogare il proprio
707 1862 1621 1919 Rostedt (altro ufficiale). Specialmente se vo¬
1678 1902 2620 1978 furore - ma semplicemente per salvare la pro¬
673 1915 1273 1976 gliono restar sole, caro mio...
1678 1955 2218 2020 pria posizione di ufficiale.
707 1957 1618 2042 Karinski. — Oppure se si è in due. Ciò suc¬
1716 1980 2622 2058 Un ufficiale schiffe giato e che non si è fatto
671 2022 1544 2083 cede sovente, non è vero, signor Rönning?
1680 2046 2622 2111 dare soddisfazione , con le armi, viene espulso
713 2053 1624 2140 Paolo. — O anche se si vuol salvarsi dagli
1678 2098 2626 2159 dall’esercito. E Karinski sarebbe rovinato, finito,
673 2111 892 2176 importuni.
1672 2149 2626 2203 morto militarmente invece che civilmente, se
712 2152 1300 2232 Karinski. — Sarebbe a dire ?
1676 2198 2626 2268 Paolo non gli si pone di fronte colla pistola in
709 2197 1518 2264 Paolo. — Credo di aver parlato chiaro.
1690 2243 2620 2310 pugno. Egli vuole salvarsi, salvarsi ad ogni co¬
707 2254 1627 2311 Karinski. — Vorreste forse dire che il tenente
1684 2297 2627 2369 sto. I suoi amici hanno pietà di lui un d'essi
677 2305 1618 2360 Karinski e importuno se invita a cena una fem¬
1686 2340 2621 2410 va da Paolo e gli propone un finto duello per¬
679 2358 1030 2414 mina di teatro?...
1684 2386 2627 2456 che Karinski non venga destituito. Ma Paolo
713 2393 1627 2471 Paolo. — Si lancia addosso a Karinski e lo
1686 2442 2627 2506 non accetta. Non si lasciera regalar niente da
671 2459 1451 2530 schaffeggia gridandogli: Ragazzaccio
1680 2486 2622 2554 un farabutto, regalare la vita sovratutto. E non
713 2506 1630 2558 Karinski fa per afferrare la sciabola, ma non
1684 2537 2620 2593 vuol prestarsi a una ridicola farsa. Rifiuta re¬
679 2550 1633 2612 l'ha al flanco. Dopo aver tentato di precipitarsi
1680 2588 2630 2653 cisamente. Gli amici lo eccitano a partire senza
673 2606 1633 2664 su Paolo, mentre i compagni lo trattengono, si
1680 2628 2622 2700 indugio con Anna. Perché partire subito? per¬
673 2652 1633 2714 allontana per combinare la fida. Cosi finnisce
1680 2687 2627 2746 ché un pericolo gli sovrasta. Karinski, messo
685 2704 920 2765 primo atto.
1684 2744 2628 2800 alla disperazione è capace di tutto. Allora
721 2759 1634 2822 Paolo non ha nessuna intenzione di battersi.
1680 2783 2628 2844 Paolo resta. Resta perche non è vile, perche
683 2808 1634 2856 Il suo ragionamento è molto semplice. Egli lo
1680 2831 2634 2887 non ha paura. Lo vedra di fronte. E quantunque
683 2852 1621 2894 espone ai due ufficiali padrini di Karinski.
1679 2884 2630 2947 faccian di tutto onde parta lo stesso giorno,
689 2896 1636 2953 Perche dove io farmi accoppare con un colpo
1686 2929 2627 2990 rimane, malgrado tutti, malgrado le lagrime
683 2946 1634 3010 di pistola? Perché ? Neppure un capello voglio
1686 2983 2628 3047 della donna che ama. Incontra Karinski nel
682 2995 1636 3062 lasciarmi torcere da quel pessimo soggetto. Gli
1696 3026 2627 3097 parco. Invano i di lui compagni avevano ten¬
679 3053 1634 3112 ho dato una lezione, una lezione meritata e mi
1692 3071 2627 3164 tato di convincerlo alla rassegnazione della per¬
683 3100 1621 3157 basta. Il mio cuore non è nelle mani di nes
1690 3138 2056 3203 dita dell'uniforme.
685 3148 1627 3202 suno: e nelle mani mie. Si deve tollerare ta¬
1720 3176 2638 3236 Egli aspetta Paolo al varco. Un momento
683 3191 1627 3252 cendo una famia, oppure, non tollerandola, ri¬
1688 3224 2532 3299 stanno di fronte l'uno all'altro, fissandosi.
683 3241 1633 3308 schiare la vita? Ho lo meritato la morte per
1716 3283 2628 3347 Karinski. — Per l'ultima volta, ve lo domando:
685 3304 1628 3354 aver punito un mascalzone come si merita? Ka¬
1692 3326 2118 3394 vi batterete con me?
700 3342 1633 3406 ski e senza onore, lui che ha voluto togliere,
1722 3349 2634 3436 Paolo senza rispondere, vuol continuare la sua
691 3404 1637 3454 diffamandola, l'onore a una donna, e non io che
1690 3431 1841 3493 strada).
689 3451 1637 3512 non voglio batteri con lui. Chi pone di buon
1722 3462 2634 3570 Karinks. — Per l'ultima volta: vi batterete
691 3499 1625 3563 grado la propria vita in pericolo, se ha delle ra¬
1682 3530 1865 3592 si no?
691 3530 1639 3604 gioni per voler vivere ? E se queste ragioni non
1728 3565 2336 3635 Paolo. — Lasciatemi passare...
688 3588 1633 3654 le ha- dove allora il coraggio? Per una santa
1946 3617 2278 3684 Vi domando se
1722 3619 1914 3691 Korinski.
697 3640 1640 3702 convinzione, per una grande idea si può ndare
1728 3671 2328 3730 Paolo. Lasciatemi passare...
689 3685 1633 3738 contro alla morte a cuor leggere, anzi con an¬
1728 3725 2636 3780 Karinski cava il revolver e spara. Paolo cade,
695 3727 1640 3794 tusiasmo. E bello, & generoso. Ma perche dovrei
1698 3775 2638 3834 portando la mano al cuore gridando: misera¬
691 3776 1639 3856 io in questo caso, espormi a morire ? Ilo forse
1690 3802 2634 3892 bile! E muore, mentre Karinski va a consegnarsi.
691 3827 1634 3925 commesso qualche grave colpa che debba es¬
