3392 4256
801 197 1238 311 box 14/4
120 205 665 323 8. Freiwild
630 1532 1009 1640 Telephon 12801.
267 1628 1357 1729 Alex. Weigls Unternehmen für Zeitungs-Ausschnitte
458 1690 1185 1843 „OBSERVER
261 1824 1354 1895 I. österr. det ördl. konz. Bureau für Zeitungsberichte u. Personalnachrichten
449 1885 1185 1969 Wien, I., Concordiaplatz 4.
679 1957 942 2023 Vertretungen
267 1969 1352 2071 In Berlin, Budapest, Chicage, Genf, London, New-York,
261 2044 1348 2112 Paris, Rom, Mailand, Stockholm, Christiania, St. Petersburg.
538 2094 1079 2172 (Quellenangabe ohne Gewähr.)
257 2183 719 2272 Ausschnitt aus:
824 2183 1427 2290 Die Wage. Wien
263 2278 445 2359 dom:
495 2262 775 2359 4.05
300 2382 1323 2462 Sonst ist aus den Theatern nicht viel zu vermelden.
298 2425 1711 2508 Das Deutsche Volkstheater brachte Schnitzlers „Freiwild" in einer guten
182 2498 1715 2564 abgerundeten Aufführung. Insbesondere die Herren Kutschera, Jensen und Kramer
188 2545 1725 2618 seien lobend genannt. Das Stück wirkte nicht anders, wie bei der Urpremier
180 2595 1719 2659 vor so und so vielen Jahren. Der erste Akt packte sehr, der zweite mit seiner
186 2649 1727 2709 logischen und syllogistischen Debatten über das Duell regte an, der dritte ent¬
180 2678 1727 2761 täuschte, verstimmte wohl auch, denn wir lieben es im Theater nicht, wenn ein
186 2725 1721 2804 Mann, dem wir Recht geben müssen, und dem auch der Dichter offenbar Rech¬
180 2781 1727 2875 gibt, dafür mit dem Tode büßen muß. Paul schlägt sich nicht, und dafür wird
182 2848 431 2922 er erschossen.
306 2852 1731 2943 Aber es ist so viel Tinte vergossen worden über diesen Tod, daß wir zu
180 2922 1733 3007 dieser Flut keinen Tropfen hinzufügen wollen. Seien wir froh, daß ein Wiener
186 2974 1737 3050 Dichter endlich an einem Wiener Theater zu Worte kam. Das Stück mußte
188 3038 1731 3104 zwar sieben Jahre vor der Pforte des Deutschen Volkstheaters wanten, aber
195 3082 1733 3150 schließlich ward ihm doch aufgetan. Ein bißchen Antichambrieren schadet den
191 3121 1737 3196 heimischen Poeten nicht, sonst werden sie gar zu üppig und frech. Sie bilden
195 3173 1729 3247 sich am Ende ein, sie hätten Rechte. Wenn euch in Wien das Warten zu lange
191 3218 1729 3297 dauert, meine Herren, so geht doch nach Berlin. Wir in Österreich sind das
191 3285 520 3365 Parten gewohnt.
1936 891 2682 1031 als Telephon 12801.
1943 978 3028 1112 kien. Weigls Unternehmen für Zeitungs-Ausschnitte
2137 1089 2850 1212 „OBSERVER
1932 1195 3007 1311 Lösterr. behördl. konz. Bureau für Zeitungsberichte u. Personalnachrichte
2117 1270 2854 1377 Wien, I., Concordiaplatz 4.
2348 1336 2609 1412 Vertretungen
1928 1357 3013 1466 in Berlin, Budapest, Chicago, Genf, London, New-York,
1922 1425 3009 1524 Paris, Rom, Mailand, Stockholm, Christiania, St. Petersburg.
2203 1474 2736 1549 (Quellenangabe ohne Gewähr.)
1922 1522 2990 1665 Ausschnitt aus: Der Humorist, Wien
1918 1646 2081 1729 vom
2166 1709 2425 1839 BVS
1800 1762 2208 1860 gute Gelingen.
1926 1804 3146 1903 (Deutsches Volkstheater.) Artur Schnitzlers „Freiwild hat
1795 1845 3131 1951 in den acht Jahren seit seiner Urpremiere bereits den Charakter
1785 1932 3137 2003 der literarischen Merkwürdigkeit angenommen. Es wirkt nicht mehr
1804 1976 3131 2052 so frisch, nicht mehr so aufreizend wie damals, man erinnert sich
1796 2030 3131 2100 vielmehr all der übrigen Militärstücke, die nachher geschrieben
1804 2083 3137 2148 wurden. Und dann ist es ja eigentlich gar kein Militär tück. Es
1804 2135 3137 2189 setzt mit einer anderen Moral ein und endet mit einer anderen.
1804 2175 3140 2237 Angelegt auf die Tragödie, die sich aus dem Milieu der Kulissen¬
1800 2230 3135 2290 welt für ein Mädchen entwickelt, dessen Moral und Charakter noch
1804 2270 3127 2338 im Philisterium liegen, kippt es plötzlich zum Duellkonflikt zwischen
1796 2326 3131 2404 einem Zivilisten und einem echt soldatisch, als modernisierter Hau¬
1796 2373 3131 2440 degen gezeichneten Offizier um. So verschwimmen eigentlich drei
1804 2425 3137 2477 Tendenzen in eine. Der Kampf gegen drei Vorurteile trübt schließ¬
1802 2473 3131 2539 lich das Endurteil. Es soll zeigen, daß nicht jedes Theatermädel
1804 2522 3140 2578 Freiwild ist für den Erstbesten, der es erjagen will, es will zeigen,
1804 2570 3146 2628 daß der gesellschaftliche Ehrenkoder jeden zum Freiwild macht, der in
1804 2618 3140 2682 einen Ehrenhandel gerät, zeigt aber schließlich, daß alle Frei¬
1796 2669 3140 2727 wild sind für die privilegierten Träger des bunten Rockes. Das
1806 2719 3140 2779 Stück trägt den Stempel des Ersonnenen, Ausgeküftelten, es ist kein
1804 2765 3142 2819 inneres Erlebnis. Der Autor hat es sich angeeignet und nicht aus
1816 2812 3142 2881 sich heraus gegeben. Die klug gezeichneten Gestalten werden lebens¬
1804 2860 3142 2922 warm dargestellt. Allen voran der temperamentvolle, überschäumende
1810 2918 3142 2976 Karinski des Herrn Kramer, dann der Salonoffizier Rönning
1812 2966 3154 3022 Kutscheras, der überzeugende Raisonneur Rohnstedt Jensens
1816 3013 3142 3075 Sehr innig gestaltete Frl. Erl die sanfte sittige, sehr reich Frau
1810 3065 3137 3125 Glöckner die lebenslustige leichtfertige Künstlerin. Teweles ur¬
1810 3109 3142 3171 komischer Provinzdirektor, Höfer, Czasta und Amon vervoll¬
1816 3156 3138 3222 ständigten das Milieu und den Erfolg, der keineswegs allzu enthu¬
1816 3206 3142 3276 siastisch war. Vor acht Jahren, ja damals wäre die Wirkung
2800 3251 3098 3322 Fritz Blank.
1816 3253 2251 3343 ganz anders gewesen.
2367 3274 3135 3374 in an ausgang.
