3344 4352
226 130 763 244 8. Freiwild
922 130 1338 238 box 14/5
1205 1284 1579 1402 GRATIS
1070 1375 1804 1518 SERVER
1095 1494 1751 1560 I. österr. behördl. konzessioniertes
1061 1544 1782 1629 Unternehmen für Zeitungs-Ausschnitte
1123 1597 1714 1691 WIEN, I., WOLLEILE 11
1205 1658 1654 1725 TELEPHON R-23-0-43
1006 1781 1378 1876 Ausschnitt aus:
1061 1852 1469 1971 23. SEP.
1506 1965 1749 2065 Grazer la.
1381 2058 1769 2234 Der Film
1042 2208 2165 2298 Elite-Kino, „Freiwild. Sittendrama, Das gleich¬
971 2287 2163 2344 namige Schauspiel Artur Schnitzlers wurde von der
971 2330 2163 2387 Kritik als „das beste österreichische Offiziersdrama be¬
971 2371 2163 2430 zeichnet, „das infolge seiner starken Mittel auch überaus
980 2421 2165 2475 starke Wirkungen auslöst“. Die Bearbeitung für den
974 2458 2166 2518 Film bringt die dramatischen Höhepunkte erst zur vollen
980 2506 2160 2558 Geltung; ausgezeichnet getroffen ist hier auch die Zeich¬
974 2549 2169 2600 nung des Theatermiliens. Besonderes Interesse erweckt
971 2596 2158 2649 dieser Film noch dadurch, daß der kürzlich unter so
974 2639 2166 2683 tragischen Umständen aus dem Leben geschiedene Bruno
980 2676 2171 2734 Kastner in seiner Rolle als Oberleutnant eine ausge¬
985 2727 2168 2777 sprochene Spitzenleistung bietet. Vorzügliches bringt auch
977 2768 2168 2816 Fred Lerch und die liebreizende Evelyn Holt. Die
974 2815 2165 2876 Aufmachung erfüllt die größten Erwartungen. 4419.—.
