3436 4384
177 265 270 343 8.
312 248 721 328 Freiwild
843 235 1285 345 box 14/3
1594 165 2862 236 auch leider etwas anderes damit. Karinski kommt eben von einer
1603 211 2857 275 Niederlage, die er erlitten, zurück; die schöne kleine Schau¬
1609 253 2859 338 spielerin hatte seine Einladung zum Souper keiner Antwort ge¬
1599 299 2869 370 würdigt; als er sich dieselbe persönlich holen gewollt, waren die
1611 345 2871 420 Thüren von innen versperrt. Nun findet er im Freundeskreise,
1599 405 2869 478 wo er um Champagner gewettet, daß er siegen werde, seinen
1603 441 2878 527 vermeintlichen und eigentlich auch thatsächlichen Nebenbuhler. Als
1606 502 2891 564 er seine Niederlage erzählt, lächelt Rönning, und lächelt weiter,
1606 535 2873 611 als er auch sieht, daß Karinski auf ihn aufmerksam wird; sehr
1614 589 2869 654 aufmerksam. Indem dann der Lieutenant um den Grund des
1609 615 2964 709 Lachens frägt, und, als ihm eine ausweichende Antwort zu Theil den
1614 676 2866 750 wird, die keinen Halt gibt „Ich pflege hie und da zu lächeln"
1623 730 2881 802 starke Saiten aufzieht und Dinge über das Mädchen sagt, die
1614 772 2881 848 er ja selbst wohl nicht glaubt — hat er provocirt, gut, aber
1621 817 2883 893 was war dann Rönning's Lächeln, was die Antwort „Ich pflege
1618 873 2597 956 so hie und da zu lächeln?" Was war denn das
1734 900 2876 985 Und weiter. Rönning schlägt Karinski in's Antlitz, Rönning
1625 958 2883 1037 will aber dann nicht Genugthuung geben, „er hat sich wie ein
1623 1010 2881 1089 Bube benommen, ich habe ihn wie einen Buben gezüchtigt",
1633 1062 2886 1137 „er ist mir über den Weg gelaufen — weiter nichts, sein ferneres
1636 1121 2221 1196 Schicksal geht mich nichts an.
1741 1140 2889 1224 Oho, Herr Rönning, Sie begehen da einen gewaltigen
1626 1207 2893 1278 Irrthum. Gut, er hat sich wie ein Bübe benommen; aber dem
1633 1248 2493 1331 Mädchen gegenüber, ihnen gegenüber nicht!
1744 1294 2901 1356 Sie haben ihn aber wie einen Buben behandelt, ihn in's
1633 1337 2849 1410 Gesicht geschlagen! — Wer gab ihnen das Recht, so zu handeln?
1636 1390 2903 1468 Ihre Liebe zu dem Mädchen! Zugegeben; dann haben sie aber
1633 1425 2901 1515 ein Amt übernommen, das nicht ganz so leicht ist, das nicht nur
1638 1476 2901 1555 heißt handeln, sondern auch für seine Handlungen einstehen.
1645 1530 2906 1611 Strafen ist leicht, man muß aber ein Recht zum strafen haben,
1638 1577 2908 1648 eine Autorität muß hinter dem Bestrafer stehen. Wenn es ihnen
1641 1623 2911 1701 nur darum zu thun gewesen wäre, Herr Rönning, daß Karinski
1648 1670 2916 1753 seine Strafe erhält, so gibt es ja Gerichtsbehörden, gibt einen
1645 1728 2911 1792 militärischen Ehrenrath. Sie wollten aber den kürzesten Weg
1650 1760 2910 1851 gehen, sie wollten strafen, sie wollten sogar gleich strafen, und
1641 1812 2908 1895 wer gibt ihnen das Recht hiezu, der mittelalterliche Glaube des
1648 1869 2915 1940 Gottesgerichtes, der Zweikampf, der hierauf folgen muß, der
1648 1917 2918 1989 Glaube, ich stehe für meine gerechte That mit meinem Leben ein,
1648 1954 2915 2033 und Gott hilft der gerechten Sache. Wie durften sie nun Genug¬
1652 2008 2920 2075 thuung verweigern? — Erst so heiß und dann so alt? — Wären
1668 2047 2913 2131 sie von allem Anbeginne an lau gewesen, es würde ihnen jetzt
1660 2116 1917 2189 besser stehen.
1775 2113 2923 2222 Wo bleibt aber dann die Logik ihres Benehmens? Sie
1665 2190 2928 2270 erfahren, daß Karinski verloren ist durch ihre Weigerung, daß
1660 2248 2920 2315 Karinski den Weg gehen wird, der ihm nothwendig vorgezeichnet
1665 2288 2928 2366 ist, daß er sie mit der Waffe in der Hand angreifen wird, wo
1672 2363 2940 2430 immer er sie findet — daß ihnen kein anderes Mittel bleibt, um
1675 2401 2940 2474 consequent zu sein, als abreisen, schleunigst abreisen, fliehen. Jetzt
1680 2449 2940 2516 werden sie wieder heiß, und bleiben. Stecken einen Revolver zu
1690 2503 2949 2570 sich in der Erwartung ihres Gegners. Werfen sie da nicht ihre
1680 2545 2940 2614 eigene Theorie über den Haufen? — Statt eines festgesetzten
1682 2594 2940 2673 Duells haben sie jetzt ein permanentes, eines, das nicht mehr
1680 2650 2942 2714 auf gesellschaft gesetzlichem Boden steht, aber trotzdem noch immer
1675 2685 2945 2748 ein Duell ist. Also schlagen sie sich ja doch. Warum also dann
1677 2734 2938 2797 die überflüssige Weigerung? — Warum, wozu — Es frägt
1687 2776 2943 2859 sich also jetzt nur, wer zuerst schießen wird. Karinski ist es, und
1680 2832 2945 2903 er hat seinem Charakter gemäß richtig gehandelt, logisch richtig
1672 2874 2903 2952 und nach der Naturnothwendigkeit, da er nicht anders konnte.
1800 2913 2930 2999 Wieso ist also Rönning das Freiwild? — Weil er so „frei¬
1684 2971 2945 3041 war, „wild“ zu sein, um dann zu erklären, „ich spiele nicht mit“.
1797 3021 2950 3084 Weil Karinski Officier ist und Rönning Civilist und der
1685 3068 2945 3129 Soldat auf den Nichtsoldaten schießt, deshalb ist letzterer das
1687 3122 2957 3204 Freiwild? Wenn dieser Karinski Civilist gewesen wäre, hätte er
1679 3175 2140 3241 nicht ebenso gehandelt?
1797 3198 2952 3273 Karinski ist ein mittelalterlicher Charakter, ein Mensch, der
1690 3256 2947 3322 auf Leben und Tod kämpfen muß mit dem Anderen, der ihn in's
1687 3305 2954 3372 Gesicht geschlagen. Schnitzler's großer Fehler liegt eben
1687 3350 2945 3418 darin, daß er Karinski als Vertreter eines ganzen Standes
1684 3399 2954 3472 zeichnet. Das Stück als solches wäre viel besser, wenn Karinski
1684 3450 2945 3513 nicht Lieutenant, sondern nur irgend ein Mensch wäre, und wenn
1687 3496 2955 3558 das Stück nicht „Freiwild“ hieße und keine Tendenz haben
1684 3541 2943 3617 wollte. Denn als Schauspiel allein ist es interessant und geistreich.
1805 3594 2952 3663 Die Darstellung war auf der Seite der Herren eine recht
1690 3648 2949 3714 gute. Herr Reusch als Karinski in Ton, Haltung und Geberde
1687 3700 2954 3756 was und wie er sein sollte und mußte, Herr Klein als Rönning
1696 3749 2962 3812 sympathisch, sogar zu sympathisch. Man verzieh dem Schauspieler
1696 3781 2955 3859 Vieles, was man dem Autor allein eben nicht vergeben hätte.
1690 3830 2960 3896 Herr Korff in einer Gigerlepisodenfigur war von der köstlichsten
1699 3879 2957 3958 Fadheit. Tewele als Director eines Sommertheaters sorgte für
1696 3938 2959 3994 einige Lachintermezzi. Die Herren Meyer=Eigen (Rittmeister
1699 3979 2957 4043 Rohnstedt), Martin (Doctor Albert Wellner), Blum (Lieute¬
1696 4019 2957 4087 nant Vogel, boten Durchschnittsleistungen. Frl. Sangora
1704 4077 2256 4153 Anna Riedel, Nawe) war
