3436 4224
168 165 256 259 8.
854 151 1271 259 box 14/2
305 158 592 270 Freiwi
175 1001 1807 1113 Gewerbe=Novelle.) betrifft, so anerkenne ich die Wichtigten einer weneten ausgestal¬
662 1019 2980 1141 tung der Arbeiterschutz=Gesetzgebung, glaube mich aber nommen werden, so die Ausgestaltung des autonomen Wirkungs¬
168 1099 637 1155 vielen Gewerben der Zuzug
1835 1103 2987 1155 kreises derselben, eine Verschärfung und Ausdehnung des Befähigungs¬
665 1117 1807 1173 in Uebereinstimmung mit dem Hause zu befinden, wenn ich von der
172 1134 634 1194 Die Lehrlinge meiden Ge¬
1838 1138 2990 1190 Nachweises, eine Ingerenz der Genossenschaften auf den Antritt und
665 1152 1807 1211 Ansicht ausgehe, daß die Revision dieser Partie unserer Gewerbe¬
179 1169 630 1229 strengungen ausgesetzt sind,
1838 1180 2983 1236 die Ausübung eines Gewerbes, die Einführung obligatorischer Be¬
665 1197 1807 1253 Ordnung dem durch die Vertretung der zunächst dabe
175 1211 630 1260 betrieben werden. Auch
1838 1215 2983 1278 zirks- und Landesverbände. Sollte der Antrag auf Einführung obli¬
189 1229 1800 1299 ferde vielfach Klage geführt, interessirten Wählerkreise erweiterten Haus
203 1250 2990 1348 Gewerbe in den großen vorbehalten bleiben sollte. (Zustimmung.) Von diesen Gesichts-gatorischer Genossenschafts-Verbände nicht angenommen werden, so
1838 1341 2990 1415 geht zugleich von einer überschwänglichen Auffassung des
245 1362 1810 1443 „Goldenen Eva“ ist Ceremoniel des Duells, wie sie sich von jenseits der Pyrenäen
1838 1393 2994 1457 Majestätsbegriffes und von einer spitzfindigen Behandlung
665 1411 1817 1474 im siebzehnten und achtzehnten Jahrhundert über Frankreich
189 1418 634 1509 wird eine Blondhaarige
1845 1436 2990 1502 des Ehrbegriffes aus, die uns heute beide nicht behagen.
665 1457 1814 1520 und das übrige Europa verbreitet haben. Weit in das alte deutsche
182 1471 637 1544 du einem schönen Maler
1838 1485 2990 1541 Auf der einen Seite soll die Ehre einer Ehefrau schon durch
179 1502 1814 1576 Schwermuth zu Froh. Recht reicht der Gebrauch des Zweikampfes zurück; aber
1845 1534 2987 1597 das bloße Verlangen eines Anderen derart angetastet sein,
182 1544 1807 1642 seiche Augsburger Goldwährend noch das Gesetz der Longobarden den Zwei¬
1845 1576 2997 1649 daß nur der Tod der Frau den Schimpf auslöschen kann,
669 1597 1810 1663 kämpfern den Stock als Waffe vorschreibt, ließ das Gesetz
182 1607 648 1688 in der Großmannssucht,
1852 1635 2994 1691 auf der anderen soll der König so hoch stehen, daß an ihm
182 1642 1810 1723 us durch einen jungen Ludwig's des Frommen, als Zusatz für das salische Geset
1845 1677 3001 1744 kein Unrecht, auch nicht die Verletzung der Hausehre, ge¬
196 1691 1810 1772 einem Eingehen in den des Jahres 819 gegeben, bereits die Wahl zwischen dem
1859 1716 2997 1779 fühnt werden darf. Aber auf diese Voraussetzungen ist ein
676 1737 1814 1810 Stock und dem Degen. Der Degen blieb später nur den
186 1754 637 1828 hi die Rede, es gilt nur
1849 1761 3001 1838 Drama von solcher Kraft der Leidenschaft und solcher An¬
665 1796 1821 1856 adeligen Zweikämpfern vorbehalten, die Unfreien mußten
182 1807 634 1880 dige Quantum Scherz
1849 1817 3004 1880 muth in den beschaulichen Scenen aufgebaut, daß man seine
679 1831 1817 1905 sich mit dem Stocke bekämpfen. Ueberhaupt galten seit alter
186 1856 641 1919 lissance" durch den losen
1856 1856 2990 1926 Wiedergewinnung für die Bühne nur mit Genugthuung
679 1880 1817 1950 Zeit Stockstreiche für die Deutschen als entehrend, was bei
182 1901 637 1957 besorgt, eine sehr dankbar
1849 1912 2994 1975 begrüßen kann. Wenn es an den Zuschauer die Forderung
669 1922 1814 1985 den Römern nicht der Fall war. Der bis in unsere Tage
182 1954 648 2006 h=Grevenberg, der Gattin
1856 1950 2997 2024 stellt, sich mit Verleugnung seines gewohnten Ideenkreises
676 1971 1817 2038 erhaltene Zweikampf ist also ein gerader Abkömmling aus
186 1992 655 2066 ligen, gewandten Künst¬
1852 2003 2994 2066 in einen vergangenen zu versetzen, so kann das nur zur
676 2024 1817 2087 der Ritterzeit. Er hat zwei Quellen, die beide noch heute
196 2041 651 2104 kommt ein pedantischer
676 2041 3001 2136 wie ehedem Blut fließen machen: den Unterschie der Schulung des historischen Sinnes beitragen, die auch wieder
186 2090 658 2153 Schüler auf der Nase
1856 2097 3001 2164 auf unbefangene Betrachtung alter Vorurtheile in der
676 2104 1828 2178 Stände und den Kampf um die Frau, der, aus der Zeit
189 2136 651 2202 die Liebe kennen lernen,
1856 2153 2430 2234 Gegenwart zurückwirken wird.
679 2160 1817 2230 der Kreuzzüge stammend, neben dem Ritterthum die Ritter
196 2188 651 2251 römisches Malermodell,
1943 2164 3001 2262 Graf Garcia von Castaar, der einsam und im Bauern¬
686 2206 1814 2286 lichkeit und die Galanterie erzeugte. Aus dem Wunsche, zu
186 2230 655 2304 Potpourri ist fertig. In
1852 2241 2994 2314 kleide mit seiner jungen Frau in ländlicher Zurückgezogen
686 2265 1824 2346 gefallen, entsprang, wie Montesquien sagt, die Galanterie
189 2272 651 2356 ende Element durch zwei
1859 2297 3004 2360 heit lebende Sohn eines in königlicher Ungnade gestorbenen
683 2304 1821 2388 qui n'est point l'amour, mais le délicat, mais le léger
193 2328 658 2384 Junker vertreten, im
1859 2342 3001 2402 Granden, hat den Adel des Hofes dadurch beschämt, daß
686 2349 1523 2426 mais le perpétuel mensonge de l'amour.
186 2370 655 2437 Die gleichen. An komischer
781 2374 3001 2468 Auf unseren Theatern konnten wir in diesen Wochen er, während dieser, mit einziger Ausnahme Don Mendo's,
193 2416 655 2489 der „Comtesse Gucker!"
1859 2433 3001 2503 dem Könige Hilfe versagte, allein ihm brieflich Truppen für
686 2454 1828 2524 die anregendsten vergleichenden Studien über die Ehre
249 2461 651 2545 Die Autoren treter
1863 2482 2990 2545 den Krieg gegen die Mauren anbot. Gerührt will der Köni=
690 2507 1838 2573 machen; sie erschien in verschiedenen Formen: als Ehre
186 2510 658 2584 den=Rahmen heraus und
1859 2528 3004 2591 den hochherzigen Mann aufsuchen, welchem der hohe Besuch
693 2549 1831 2622 schlechtweg, als beleidigte Gatten- und Frauenehre und end¬
196 2559 665 2647 kark modernen Anklängen
1863 2573 3001 2647 von einem alten Gönner bei Hofe, Grafen Orgaz, heimlich
693 2587 1828 2668 lich als Ehre nach den Satzungen verschiedener Schichten
203 2615 329 2682 lustig.
1859 2619 3011 2685 angekündigt wird. Durch ein Mißverständniß hält Castañar
690 2643 1828 2748 der Gesellschaft, mit und ohne Zweikampf, aber nie ohne
196 2636 662 2738 unser Theater-Publicum
1859 2664 3004 2734 den mit einem königlichen Ehrenzeichen geschmückten Don
686 2703 984 2783 blutige Sühne.
182 2713 655 2794 leihe von Dramen, welch
1863 2713 3008 2790 Mendo für den König, dem er die größten Ehren des
781 2713 1831 2805 Den Spaniern, denen in der Entwicklung des heutigen
259 2762 658 2826 einen sittlichen und
1859 2762 3008 2829 Empfanges erweist, und gegen den verkleideten König wendet
697 2783 1835 2868 Ehrbegriffes eine große Rolle zukommt, sei der Vorrang
193 2776 662 2882 un den glücklichen Wür¬
1870 2812 3008 2882 sich die ganze Wuth des Grafen, als seine Gattin, die schöne
200 2833 1828 2913 ter auf der Bühne und im eingeräumt und zuerst der „Graf von Castastar" genannt
1863 2857 3008 2920 Blanca, ihm zu verstehen gibt, daß der Fremde ihr nachstelle.
196 2878 1828 2959 de Vorgänge der Tages das Schauspiel des Francisco de Rojas, geboren 1607
1873 2899 3008 2980 In ohnmächtigem, wahnsinnigem Zorn verzehrt er sich, als
693 2924 1838 2990 welches der Hofschauspieler Adalbert Matkowsky, wie es
200 2952 662 3018 de wirthschaftlichen Kämpfe
1870 2955 3008 3018 er den Lüstling Nachts auf dem Wege zu der ahnungslosen
700 2969 1838 3046 heißt, durch Eindrücke bewogen, die er in Spanien ge¬
200 2994 665 3064 Dieser Streit um die Ehre
1870 3001 3008 3074 Frau ertappt. So sehr es in ihm kocht, gegen den König darf er
700 3018 1835 3092 wonnen, für die deutsche Bühne bearbeitete, nach¬
200 3039 672 3116 gung ist die eigentliche
1877 3046 3015 3116 nichts unternehmen, dagegen ist er nahe daran, sein armes
700 3078 1838 3141 dem übrigens eine gute deutsche Uebersetzung von
217 3092 672 3151 spanischen Ursprungs ist,
1870 3099 3011 3165 Weib zu tödten, das sich noch glücklich zu dem greisen
700 3109 1838 3186 Dohrn seit 1844 vorlag. Dieses Stück stellt starke
203 3141 672 3204 hauptet, der Zweikampf,
210 3134 3025 3298 des Ehrbegriff und das verletzende Zumuthungen an unser modernes Empfinden, es Gönner Orgaz reten kann und von diesem an den Hof
