3436 4448
180 159 293 260 8.
321 162 699 263 Freiwil
879 171 1283 272 box 14/3
482 968 2416 1072 stände werden durch Eingriffe von außen nicht beseitigt werden ung entful... in den
608 1121 2739 1200 et hat, vor die rächende Pistole zu laufen, weil man sonst seine farbensatte symphonische Dichtung edelsten Stils „der Schweiz
2773 1139 2925 1203 inmitten
605 1170 2953 1240 Muth anzweifeln könnte. Das Alles läßt eine einheitliche zu widmen; die freudige Aufnahme, die sein Werk bei den Künst=genommen
592 1209 2950 1298 dung und Stimmung nicht aufkommen; immerhin aber ge¬ lern wie bei den Hörern in Zürich gefunden, mußten den Mün¬ gezogenhe
595 1258 2944 1319 Freiwild" sicherlich zu der interessanteren Hälfte unsrer dra¬ chener Gastfreund mit Genugthuung erfüllen. Den einheitlichsten Aquarelli
476 1304 1609 1359 mal hen Production. — Was die Darstellung anbelangt, so
1637 1313 2751 1368 Eindruck machte der erste schwungvolle Allegrosatz, der mit den
2773 1319 2938 1371 gefährlich
486 1344 1606 1405 gelang Hrn. Schmidt-Häßler der unausstehliche, arrogante
1634 1353 2748 1405 Schiller'schen Wort: „Ein großes Ganzes ist die Natur“ überschrieben
2776 1362 2929 1417 ihren HH.
482 1393 2932 1447 finanziell, seelisch und allmählich auch körperlich ruinirte Officier ist. Eigenartige melodische Schönheiten und überraschende Klangeffecte Eines T
479 1429 1609 1493 sehr gut, wenn seine Erscheinung auch nicht recht zu dem von
1637 1438 2925 1493 finden sich im glänzend instrumentirten zweiten und dritten Satze er die
479 1472 2910 1545 Dichter selber gezeichneten Bilde der überströmenden, im langen („Jungfrau" und „Traum der Alpensee"); die größte Wirkung er¬ turen,
476 1515 2886 1585 Frieden brachliegenden und deßhalb in Ausschweifungen ausbrechenden reichte der Componist im kühn aufgebauten Finale, das die Be¬ sehen,
476 1557 1609 1609 Lebenskraft paßt; seinen sympathischeren Regimentskameraden ga¬
1637 1567 2919 1622 freiung der alten Eidgenossen vom Tyrannenjoch und ihr siegreiches Bild
482 1606 2913 1664 Hr. v. Lenor wohl etwas zu weich, im allgemeinen aber gut. Kämpfen zu schildern versucht. Mit dichterischen Empfinden hat skizzirten
476 1643 2904 1707 Für einen Cavallerie=Officier ist er freilich fast etwas zu „voll", der Autor sich die Textworte der Chöre aus Kleist und Schiller ge¬ Gesicht
482 1695 2910 1744 zumal neben dem überschlanken Schmidt-Häßler, mit dem er auch in der holt. Das ganze musikalische Epos schließt nach Verarbeitung das Ministe¬
479 1735 2904 1805 Farbe des Waffenrockes auffallend wenig zusammenstimmte. Der cantus firmus „Nun danket alle Gott mit einem rauschenden Fürst
479 1774 2904 1826 flott gemüthliche Husarenofficier fand in Hrn. Kirsch, die drei Schutz- und Trutzgesang ab, der in den Versen aus Schillers Rütli einem
479 1820 2898 1875 Civilisten in den HH. Pahlau, Sick und Klein=Rhoden recht scene gipfelt: „Wir wollen sein ein einig Volk von Brüdern" u. s. w. Zeichnu
476 1857 2898 1921 gute Darsteller. Die tugendhafte „Naive" des Frl. Anna Behrens Die Aufführung des außerordentlich schwierigen Werkes durch das Hofball
479 1906 2877 1961 vermochte das Publicum lange nicht in dem Maße zu erwärmen, verstärkte Tonhalleorchester und den Gemischten Chor Zürich war eine leckten
470 1945 2901 2000 wie die Herren auf der Bühne, was natürlich ein Fehler ist; sie ganz vorzügliche, wie es sich bei einem Opus, das honoris causa Richtun=
479 1985 2559 2043 fand zwar namentlich im 3. Act ansprechende Herzenstöne, aber der Schweiz gewidmet ist, eigentlich von selbst versteht.
2767 2000 2889 2049 als
467 2028 1609 2077 war im Ganzen doch viel zu wenig „vom Theater". Dagegen
1744 2037 2892 2092 Aus dem Privatleben der Kaiserin von Rußland majestä
473 2043 2889 2132 fanden sich ihre minder tugendhaften, dafür aber auch vergnügterent eine englische Frauenzeitung, „Ladies Realm, angeblich aus Stirn
470 2110 1597 2168 Colleginnen (Fill. Nebauer und Hebbel) mit ihren kleinen
1628 2122 2742 2174 unterrichteter Quelle eine Reihe von Einzelheiten mit, die wir mit
2764 2125 2889 2183 flüchtig
473 2156 1600 2208 Rollen vortrefflich ab, und auch die männlichen Mitglieder der
1625 2165 2886 2226 allem Vorbehalt wiedergeben. Nach einer Schilderung des äußer schaften
473 2202 2877 2260 Schmiere, voran der gestrenge Director (Hr. Neumann) fügten lich kalten und überaus ernsten Charakters der jungen Fürstin, die schöne
479 2241 2889 2309 sich passend in das Ganze ein. Der Harme Wiener Ton — die sich im engsten Kreise jedoch als herzlich und muthwillig offenbart, schlenk¬
470 2284 1597 2333 Mehrzahl der Darsteller beherrscht den Dialekt gut — kam der Ge¬
1625 2293 2867 2345 berichtet der Verfasser, daß, obwohl die Zuneigung zwischen dem Aber
473 2327 1264 2400 sammtwirkung der Aufführung sehr zu statten.
1615 2339 2874 2391 russischen Kaiser und der Kaiserin in frühester Jugend entstand, Kaiser
547 2354 1597 2422 A. B. Zürich, 13. Jan. Gestern hat in der hiesigen neuen
1628 2379 2871 2422 die Prinzessin die Verbindung jahrelang standhaft ablehnte, weil sie aber
470 2412 2855 2474 Tonhalle in Gegenwart des Componisten die erste Aufführung von damit gezwungen war, ihren Glauben zu wechseln. Für das Erge
482 2455 2864 2519 Hans v. Bronsarts Symphonie „In den Alpen" statt englische Landhausleben mit seiner Zwanglosigkeit schwärmend, bart
479 2498 1597 2550 gefunden. Das groß angelegte, von technischer Meisterschaft und
1628 2507 2864 2553 hat die Kaiserin auf die erdrückende Pracht der großen Paläste einem
473 2544 2858 2605 vielfach von Gedankenfrische zeugende Werk, in dessen pompöses St. Petersburgs und Zarskoje Selo's verzichtet und sich ein trau¬ Haus
476 2583 2855 2641 Finale die Orgel und ein gemischter Chor eingreifen, wurde unter liches Nest im Peterhofpark eingerichtet. Zu diesem von schwi
467 2626 2852 2684 Dr. Friedrich Hegars Leitung vortrefflich zu Gehör gebracht, so einer hohen grünen Hecke umgebenen Platze haben nur die seine
473 2672 2852 2733 daß am Schluß der Beifall nicht zur Ruhe kommen wollte, bis in höchster Gunst stehenden Staatsmänner und Damen Zutritt. fäng
476 2712 1591 2764 Hr. v. Bronsart, der dem Concert auf dem Balconrang beiwohnte
1618 2718 2849 2773 Aus demselben Grunde größerer Ungenirtheit und eines gesunden liegt
464 2761 2846 2813 auf dem Podium erschien, um persönlich den Dank des Publicums Aufenthalts für die Großfürstin Olga hat die Kaiserin in Zarskoje fasse
464 2794 2846 2867 entgegenzunehmen. Der Componist war so aufmerksam gewesen, Selo statt des alten, 800 Fuß langen Residenzschlosses den kleinen, diese
