3484 3872
180 234 735 331 8. Freiwild
872 245 1293 335 box 14/4
295 1138 1736 1261 betrug der neue Wetten wieder, um sich go Wohnung genommen.
2190 1189 3087 1268 bandes und der Rheinischen Pestalozzeitung
303 1214 1239 1286 zunächst nach Wien zu begeben, wo er am
1333 1196 3141 1293 — Der Senator der Freien und Hansestadt eine scharfe Absage, in der es keitt. Die
530 1329 1001 1409 Schiller=Theater.
1243 1301 3210 1394 ehre gelten soll ist eine durch und durch verdorbene zu bedauern das Friedrich Hofthaus als Reich.
1246 1380 2151 1434 Natur. Der Mann, der die fremde Ehre nicht
3105 1387 3235 1437 denge
2176 1391 3073 1437 Rönning und Ferdinand Gregori als Leutnant
378 1373 1207 1448 „Freiwild von Arthur Schnitzler
1246 1419 2151 1470 schont, hat natürlich keine eigene; er fordert seinen
2176 1427 3080 1491 Karinski durch ihr Hochdeutsch die Wirkung ihres
299 1409 1214 1488 ist dem Berliner Theaterpublikum nicht unbekannt.
1246 1455 2151 1509 Gegner auch nicht zum Zweikampf, weil ihn sein
2180 1470 3077 1509 vortrefflichen Spiels beeinträchtigten. Auch Erich
303 1470 1207 1524 Aber just heute ist das Problem, das der Verfasser
1246 1499 2151 1545 empörtes Gemüth dazu treibt, sondern weil er ohne
2176 1502 3073 1545 Kaiser als Leutnant Rohnstedt wußte nicht immer
292 1517 1207 1560 lösen will, durch die Duellinterpellation im Reichs¬
1236 1527 2140 1581 diesen Zweikampf dem Offizierstande nicht mehr
2183 1542 3080 1589 den Versuchungen zu widerstehen und verfiel oft
299 1545 1214 1600 tag aktuell geworden. Wer will es de dem Kritiker,
1236 1574 2140 1618 angehören kann. Stände nicht hinter ihm der Ab¬
2180 1574 3077 1625 unvermerkt wieder in den Berliner Jargon, der
303 1585 1210 1639 der bisweilen auch einen Blick in den politischen
1246 1610 2147 1657 grund, dann würde er diese Ohrfeige still hinge¬
2176 1614 3073 1664 ihm natürlich besser gelang, als die Wegne
299 1621 1214 1672 Theil der Zeitung wirft, verdenken, wenn er etwas
1236 1650 2147 1693 nommen haben, das führt man aus allem, nament¬
2176 1654 3080 1697 Sprochen. Fräulein Marianne Wulf als Schau¬
292 1654 1207 1711 näher auf die Tendenz des Schauspiels eingeht
1243 1686 2140 1733 lich aber aus dem Angebot einer Schießtomödie
2187 1690 3069 1740 spielerin Riedel hatte keine leichte Aufgabe, wei
378 1700 1210 1751 Schnitzler ist Gegner des Duells, das ihm ver¬
1246 1722 2143 1790 heraus. Das sind Connwenzen des Verfassers
2180 1729 3069 1776 sie fast ohne irgend eine Unterbrechung und Er¬
295 1715 1214 1787 werflich erscheint, weil es den sittlichen Empfin¬
1236 1762 2151 1812 gegenüber seinem eigenen Standpunkt. Er stellt
2176 1765 3080 1812 holung des leidende Weib darzustellen hatte. Aber
292 1772 1207 1819 dungen nicht immer gerecht wird und weil es vor
1236 1798 2151 1866 keine Figuren auf die Bühne, die Typen sind, son¬
2176 1808 3077 1852 sie wußte geschickt die Schwierigkeiten ihrer eintö¬
299 1816 1207 1859 allen Dingen nicht als Strafe und ausgleichende
1236 1830 2151 1888 dern er schafft sich Charaktere, wie er sie für seine
2176 1848 3073 1891 nigen Aufgabe zu überwinden und entfesselte durch
303 1852 1210 1902 Gerechtigkeit wirkt. Derjenige, der im Recht ist,
1246 1873 2143 1927 Zwecke braucht. Das ist der eine Fehler. Der
2169 1881 3069 1927 die Darstellung einer selbstlosen, hingebenden
292 1891 1207 1935 muß sein Leben ebensogut einsetzen, wie sein Geg¬
1232 1913 2147 1971 andere ist Poldi Grehlinger. Der Duellfrage ge¬
2176 1924 3073 1974 Weiblichkeit den Beifall des Publikums. Auch die
299 1927 1214 1974 ner und unter Umständen wird gerade der Schul¬
1236 1953 2140 2007 genüber giebt es nur zwei Möglichkeiten. Wer
2176 1960 2785 2014 übrigen Rollen waren gut besetzt
2911 1956 3051 2028 H. F.
295 1967 1210 2010 dige von dem Glück in diesem ernsten Würfelspiel
1228 1989 2136 2035 den Zweikampf verweigert, der immerhin für ge¬
299 2010 1203 2068 um ein Menschen eben am meisten begünstigt,
1228 2028 2140 2075 wisse Kreise und Klassen eine Art Justiz darstellt,
303 2035 1203 2089 Wiese unleugbare Thatsache wirbt dem Zweitamp
1236 2064 2136 2115 der muß die strafende Gewalt dem Staate, der
295 2075 1203 2125 die meisten Gegner im Kreise jener idealen Na¬
2284 1996 3004 2143 Kunst und Wissenschaft.
1236 2100 2136 2151 Gesellschaft, dem Gesetz überlassen. Poldi aber
292 2118 1203 2165 turen, die unbewußt dem Menschenthum und den
2298 2118 3069 2190 „Adlerflug" betitelt sich das Festspiel,
1236 2136 2136 2190 übt Seisustiz, indem er seinen Gegner ohrfeigt
295 2154 1210 2201 Leben eine gewisse Vollkommenheit beimessen und
1228 2158 3069 2219 er maßt sich damit persönlich ein Recht an, das welches Joseph Lauff für die Festvorstellung
292 2194 1196 2237 meinen, wo eine Schuld vorliege, müsse auch ein
2169 2219 3073 2259 am 18. Januar im Königlichen Opernhause ge¬
1232 2219 2147 2266 ihm vom Standpunkt des Duellgegners aus, na¬
299 2234 1200 2273 unfehlbare Sühne folgen. Allein das ist nicht der
2165 2252 3069 2298 dichtet hat, und welches seine Entstehung, wie das
1228 2255 2133 2302 türlich ebensogut versagt sein muß, wie ganzer
295 2266 1200 2316 Zweck des Zweikampfes. Dieser will die Gesell¬
2165 2291 3066 2331 „Kl. J." melden kann, einer Anregung des Kai¬
1236 2295 2140 2367 Gesellschaftskategorien der Zweikampf untersagt
299 2313 1200 2363 schaft zur Ehrenhaftigkeit erziehen, indem er der
2176 2327 3073 2370 sers verdankt. Joseph Lauff hat außerdem ein
1239 2327 1401 2396 sein soll.
292 2345 1200 2392 einzelnen Menschen zwingt, daß er für die Ver¬
2172 2363 3069 2414 vieraaktiges Schauspiel vollendet, welches den Titel
1308 2345 2133 2421 Und nun die Schlußszene! Nachdem der Mort
292 2381 1207 2432 letzung der fremden Ehre seine eigene Existenz
2172 2399 3066 2453 „Karwoche führt. Das Stück ist moder¬
1232 2399 2133 2461 geschehen, sammelt sich das Publikum, das erstarrt
292 2417 1207 2464 einsetzt; derjenige, der dies fordert, muß natur¬
2162 2442 3069 2486 und der Ort der „andlung ist das Ruhrkohlenge¬
1228 2453 2133 2504 aber ohne Entrüstung über den Mord den brutalen
295 2453 1200 2504 gemäß auch einen gleichen Werth in die Wagschale
2165 2479 3066 2525 biet. In ruhigen Stunden wird der Dichter die
1225 2489 2133 2540 Offizier peroriren läßt und sie, so gewissermaßen
292 2493 1200 2543 werfen. Wenn wir von dieser Voraussetzung aus
2172 2515 3062 2565 letzte Hand und die letzte Feile an die Arbeit legen
1228 2529 2129 2579 auch vor dem Klassenbewußtsein des Offizierstan
292 2533 1207 2583 an die Prüfung des Schnitzler'schen Schauspiels
2169 2558 3059 2608 Im Spätherbst wird aus seiner Feder ein Roma¬
1225 2569 2133 2612 des beugt. Das ist die letzte Inkonsequenz des
306 2569 1196 2626 herantreten, müssen wir das Problem für unge¬
2162 2597 3069 2641 erscheinen, dessen Entwurf fertiggestellt ist. Die
1225 2601 2133 2655 Verfassers. Will er das Duell und die Standes¬
292 2608 540 2669 löst erklären.
2162 2626 3066 2698 Erzählung versetzt uns an den Niederrhein und in
1228 2641 2133 2695 vorrechte verwerfen, so muß er dies durch das zu¬
378 2619 1203 2691 Leutnant Karinski hat die Ehre einer unbe¬
2158 2662 2554 2731 die Clevischen Lande,
1232 2680 2129 2731 sammenströmende Volk, das hier gewissermaßen
306 2669 1200 2734 scholtenen Schauspielerin in einem Bekanntenkreise
1225 2720 2133 2788 die Stelle des antiken Chors vertritt, bekunden
310 2723 1196 2767 in einer unentschuldbaren Weise angegriffen und
2234 2713 3059 2810 Albert Niemann. Im Vollbesitze seinen
1228 2752 1347 2814 lassen.
295 2760 1200 2806 wird dafür von Poldi Grehlinger geohrfeigt. Die¬
2158 2763 3055 2828 Gesundheit begeht heute Albert Niemann, Deutsch
303 2799 1200 2850 ser verweigert aber die Annahme einer Forderung,
1301 2774 2129 2853 Technisch ist das Schauspiel gut durchgeführt
2158 2810 3055 2864 lands berühmtester Opernsänger, dessen Kunst noch
292 2835 1200 2886 dagegen tritt er dem auf Rache sinnenden Gegner
1228 2839 2129 2904 sodaß die Schwächen in der Durcharbeitung der
2162 2853 3059 2900 heute unübertroffen dasteht, seinen 70. Geburtstag
292 2878 2129 2950 muthig gegenüber und wird meuchlings von diesem Tendenz wenig fühlbar sind. An der Darstellung
2165 2886 3062 2940 Es wäre thöricht, behaupten zu wollen, daß die
288 2911 476 2972 erschossen.
1225 2914 2129 2965 ist die mangelnde Stileinheit auszusetzen. Die
2158 2925 3059 2976 Wagnerschen Musikdramen ohne Alber¬
367 2929 1200 2994 Der Lösung des Problems ist durch die In¬
1225 2954 2129 3004 Handlung spielt in Oesterreich; dem entsprechend
2158 2961 3059 3033 Niemann sich nicht einen Lieblingsplatz in der Em¬
285 2986 1192 3033 konsequenzen in der Charakterzeichnung und der
1221 2990 2133 3044 müßten die Vertreter dieses Milieus auch den
2158 3001 3055 3048 pfindung des deutschen Volkes erworben hätten
292 3022 1196 3069 Konflikte mißlangen. Leutnant Karinski, der dem
1221 3037 2125 3080 oberdeutschen Dialekt sprechen. Vor allem wär¬
2158 3048 3073 3091 aber an dem schnellen Erringen ihrer Popularität
270 3037 3163 3167 Publikum gegenüber als der Träger der Offiziers, dies von den Offizieren zu fordern. Es war sicher gebührt dem Sänger ein nicht unerheblicher Antheil. Jo
