<?xml version="1.0" encoding="UTF-8" standalone="yes"?>
<PcGts xmlns="http://schema.primaresearch.org/PAGE/gts/pagecontent/2013-07-15" xmlns:xsi="http://www.w3.org/2001/XMLSchema-instance" xsi:schemaLocation="http://schema.primaresearch.org/PAGE/gts/pagecontent/2013-07-15 http://schema.primaresearch.org/PAGE/gts/pagecontent/2013-07-15/pagecontent.xsd">
    <Metadata>
        <Creator>prov=READ-COOP:name=PyLaia@TranskribusPlatform:version=2.12.1:model_id=39995:lm=provided:date=28_03_2024_21:33</Creator>
        <Created>2019-10-07T11:50:30.620+02:00</Created>
        <LastChange>2024-03-28T21:33:21.848+01:00</LastChange>
        <TranskribusMetadata docId="223990" pageId="9505802" pageNr="441" tsid="156390782" status="IN_PROGRESS" userId="40391" imgUrl="https://files.transkribus.eu/Get?id=YJJLVWKLFMYXYGBHDQBDZHMS&amp;fileType=view" xmlUrl="https://files.transkribus.eu/Get?id=MLIMOUWZBHUURADTZLTMQNIM" imageId="6196016"/>
    </Metadata>
    <Page imageFilename="223990_0441.jpeg" imageWidth="3344" imageHeight="4352">
        <ReadingOrder>
            <OrderedGroup id="ro_1712662634071" caption="Regions reading order">
                <RegionRefIndexed index="0" regionRef="tr_1"/>
                <RegionRefIndexed index="1" regionRef="tr_2"/>
            </OrderedGroup>
        </ReadingOrder>
        <TextRegion orientation="0.0" id="tr_1" custom="readingOrder {index:0;}">
            <Coords points="223,117 223,276 689,276 689,117"/>
            <TextLine id="tr_1_tl_1" custom="readingOrder {index:0;}">
                <Coords points="212,236 330,230 396,264 421,248 684,253 684,152 664,145 585,175 437,178 371,152 212,164"/>
                <Baseline points="223,220 248,222 274,223 300,225 326,223 352,218 378,217 404,217 430,217 456,218 481,219 507,220 533,221 559,223 585,224 611,223 637,222 663,220 689,226"/>
                <TextEquiv>
                    <Unicode>8. Freiwil</Unicode>
                </TextEquiv>
            </TextLine>
            <TextEquiv>
                <Unicode></Unicode>
            </TextEquiv>
        </TextRegion>
        <TextRegion orientation="0.0" id="tr_2" custom="readingOrder {index:1;}">
            <Coords points="895,186 895,3333 2358,3333 2358,186"/>
            <TextLine id="tr_2_tl_1" custom="readingOrder {index:0;}">
                <Coords points="907,232 1055,236 1080,214 1146,236 1182,230 1201,248 1317,223 1317,161 1253,146 1232,161 1169,145 1116,166 1094,155 1048,178 907,152"/>
                <Baseline points="916,217 941,217 966,217 992,219 1017,220 1042,220 1068,220 1093,220 1119,220 1144,220 1169,220 1195,219 1220,218 1245,216 1271,214 1296,215 1322,217"/>
                <TextEquiv>
                    <Unicode>box 14/5</Unicode>
                </TextEquiv>
            </TextLine>
            <TextLine id="tr_2_tl_2" custom="readingOrder {index:1;}">
                <Coords points="1435,953 1557,942 1723,960 1753,942 1783,957 1787,850 1740,839 1633,878 1558,850 1437,869"/>
                <Baseline points="1447,919 1473,916 1499,916 1526,916 1552,914 1578,913 1605,913 1631,912 1658,910 1684,910 1710,910 1737,910 1763,911 1790,913"/>
                <TextEquiv>
                    <Unicode>valeton 1886.</Unicode>
                </TextEquiv>
            </TextLine>
            <TextLine id="tr_2_tl_3" custom="readingOrder {index:2;}">
                <Coords points="951,1042 2212,1023 2246,957 1824,934 1465,984 1160,923 951,975"/>
                <Baseline points="961,1026 1025,1024 1089,1023 1153,1023 1218,1023 1282,1020 1346,1017 1411,1017 1475,1015 1539,1011 1604,1011 1668,1011 1732,1008 1796,1005 1861,1005 1925,1003 1989,1002 2054,1002 2118,999 2182,999 2247,999"/>
                <TextEquiv>
                    <Unicode>Alex. Weigls Unternehmen für Zeitungs-Ausschnitte</Unicode>
                </TextEquiv>
            </TextLine>
            <TextLine id="tr_2_tl_4" custom="readingOrder {index:3;}">
                <Coords points="1964,1053 1987,1060 2001,1053 2013,1064 2031,1067 2053,1057 2062,1066 2072,1060 2088,1066 2108,1059 2108,1016 2078,1019 2067,1010 2058,1016 2028,1016 2013,1025 2008,1017 2001,1021 1981,1010 1964,1010"/>
                <Baseline points="1973,1047 2001,1047 2029,1047 2057,1047 2085,1046 2113,1044"/>
                <TextEquiv>
                    <Unicode>Ausschnitt</Unicode>
                </TextEquiv>
            </TextLine>
            <TextLine id="tr_2_tl_5" custom="readingOrder {index:4;}">
                <Coords points="1990,1141 2024,1141 2033,1133 2072,1151 2138,1123 2160,1144 2181,1139 2190,1046 2160,1050 2126,1076 2103,1067 2092,1076 2062,1075 2044,1060 2030,1067 1999,1059"/>
                <Baseline points="2002,1125 2028,1128 2054,1131 2081,1129 2107,1126 2134,1121 2160,1116 2187,1110"/>
                <TextEquiv>
                    <Unicode>Nr. 6</Unicode>
                </TextEquiv>
            </TextLine>
            <TextLine id="tr_2_tl_6" custom="readingOrder {index:5;}">
                <Coords points="1017,1169 1042,1157 1053,1167 1091,1160 1112,1171 1169,1169 1171,1064 1155,1057 1139,1064 1092,1050 1021,1064"/>
                <Baseline points="1029,1131 1057,1131 1086,1131 1115,1129 1144,1128 1173,1128"/>
                <TextEquiv>
                    <Unicode>10</Unicode>
                </TextEquiv>
            </TextLine>
            <TextLine id="tr_2_tl_7" custom="readingOrder {index:6;}">
                <Coords points="1296,1173 1458,1157 1498,1180 1524,1162 1674,1176 1881,1137 1885,1055 1815,1044 1553,1039 1405,1066 1371,1048 1301,1083"/>
                <Baseline points="1307,1155 1337,1151 1367,1149 1398,1148 1428,1144 1459,1143 1489,1142 1520,1138 1550,1136 1581,1134 1611,1134 1642,1134 1672,1133 1703,1131 1733,1129 1764,1127 1794,1125 1825,1125 1855,1126 1886,1128"/>
                <TextEquiv>
                    <Unicode>„OBSERVER</Unicode>
                </TextEquiv>
            </TextLine>
            <TextLine id="tr_2_tl_8" custom="readingOrder {index:7;}">
                <Coords points="885,1244 1810,1251 2146,1212 2203,1244 2315,1217 2317,1169 1524,1162 1407,1196 1353,1157 1280,1198 1087,1158 887,1192"/>
                <Baseline points="895,1235 966,1235 1037,1232 1109,1229 1180,1228 1251,1226 1323,1223 1394,1222 1465,1220 1537,1219 1608,1217 1679,1216 1751,1213 1822,1211 1893,1211 1965,1208 2036,1208 2107,1205 2179,1205 2250,1204 2322,1205"/>
                <TextEquiv>
                    <Unicode>I. österr. behördl. conc. Bureau für Zeitungsberichte u. Personalnachrichten</Unicode>
                </TextEquiv>
            </TextLine>
            <TextLine id="tr_2_tl_9" custom="readingOrder {index:8;}">
                <Coords points="1078,1339 2144,1310 2124,1225 2028,1267 1901,1232 1715,1266 1082,1251"/>
                <Baseline points="1089,1307 1142,1310 1195,1308 1248,1307 1301,1307 1354,1305 1407,1307 1460,1305 1513,1302 1566,1298 1619,1297 1672,1295 1725,1295 1778,1293 1831,1292 1884,1292 1937,1289 1990,1289 2043,1287 2096,1286 2149,1286"/>
                <TextEquiv>
                    <Unicode>Wien, IX. Türkenstrasse 17.</Unicode>
                </TextEquiv>
            </TextLine>
            <TextLine id="tr_2_tl_10" custom="readingOrder {index:9;}">
                <Coords points="1267,1392 1339,1387 1374,1412 1453,1380 1530,1403 1930,1373 1931,1310 1858,1301 1735,1339 1269,1333"/>
                <Baseline points="1277,1376 1309,1379 1342,1379 1375,1379 1408,1379 1441,1379 1474,1379 1506,1378 1539,1376 1572,1376 1605,1374 1638,1372 1671,1370 1704,1373 1736,1371 1769,1370 1802,1370 1835,1365 1868,1362 1901,1360 1934,1358"/>
                <TextEquiv>
                    <Unicode>— Filiale in Budapest: „Figel“</Unicode>
                </TextEquiv>
            </TextLine>
            <TextLine id="tr_2_tl_11" custom="readingOrder {index:10;}">
                <Coords points="898,1489 1171,1462 1364,1496 1689,1446 1917,1480 2147,1432 2203,1467 2322,1405 2153,1364 1469,1426 900,1416"/>
                <Baseline points="910,1459 980,1456 1051,1456 1122,1453 1193,1450 1263,1450 1334,1450 1405,1450 1476,1447 1546,1444 1617,1440 1688,1438 1759,1438 1829,1435 1900,1433 1971,1432 2042,1430 2112,1429 2183,1426 2254,1426 2325,1426"/>
                <TextEquiv>
                    <Unicode>Vertretungen in Berlin, Chicago, Genf, London, Newyork, Paris, Rom, Stockholm.</Unicode>
                </TextEquiv>
            </TextLine>
            <TextLine id="tr_2_tl_12" custom="readingOrder {index:11;}">
                <Coords points="900,1610 955,1599 994,1615 1078,1585 1394,1587 1396,1533 1273,1530 1248,1548 1226,1528 1162,1540 1075,1521 1026,1544 901,1523"/>
                <Baseline points="910,1584 935,1584 961,1584 987,1584 1012,1584 1038,1584 1064,1583 1090,1582 1115,1582 1141,1582 1167,1582 1193,1582 1218,1582 1244,1582 1270,1582 1296,1580 1321,1578 1347,1577 1373,1575 1399,1573"/>
                <TextEquiv>
                    <Unicode>Ausschnitt aus:</Unicode>
                </TextEquiv>
            </TextLine>
            <TextLine id="tr_2_tl_13" custom="readingOrder {index:12;}">
                <Coords points="1480,1646 1496,1644 1514,1651 1537,1644 1542,1649 1553,1646 1560,1655 1583,1642 1598,1646 1603,1564 1592,1564 1555,1528 1544,1526 1507,1542 1487,1540"/>
                <Baseline points="1492,1611 1520,1611 1548,1609 1576,1607 1605,1605"/>
                <TextEquiv>
                    <Unicode></Unicode>
                </TextEquiv>
            </TextLine>
            <TextLine id="tr_2_tl_14" custom="readingOrder {index:13;}">
                <Coords points="905,1799 1148,1801 1221,1774 1289,1796 1414,1758 1469,1767 1465,1678 1339,1649 1255,1685 1164,1667 901,1683"/>
                <Baseline points="913,1731 940,1731 968,1732 996,1734 1024,1737 1052,1740 1080,1742 1108,1745 1136,1749 1164,1753 1192,1756 1219,1758 1247,1752 1275,1750 1303,1749 1331,1749 1359,1749 1387,1749 1415,1751 1443,1751 1471,1749"/>
                <TextEquiv>
                    <Unicode>von 20000</Unicode>
                </TextEquiv>
            </TextLine>
            <TextLine id="tr_2_tl_15" custom="readingOrder {index:14;}">
                <Coords points="1130,1987 2297,1996 2297,1947 1439,1953 1130,1897"/>
                <Baseline points="1140,1976 1198,1976 1256,1976 1314,1976 1372,1976 1430,1976 1488,1974 1546,1976 1604,1976 1662,1976 1720,1976 1778,1976 1836,1976 1894,1978 1952,1976 2010,1978 2068,1978 2126,1978 2184,1981 2242,1981 2301,1984"/>
                <TextEquiv>
                    <Unicode>„Rosenmontag.) Als wir in Nummer 37 unseres Blattes vom</Unicode>
                </TextEquiv>
            </TextLine>
            <TextLine id="tr_2_tl_16" custom="readingOrder {index:15;}">
                <Coords points="1025,2031 2299,2038 2297,1996 2162,1988 1023,1985"/>
                <Baseline points="1035,2020 1098,2020 1161,2020 1224,2021 1288,2023 1351,2023 1414,2023 1478,2023 1541,2023 1604,2023 1668,2023 1731,2023 1794,2023 1857,2024 1921,2024 1984,2026 2047,2026 2111,2026 2174,2029 2237,2029 2301,2032"/>
                <TextEquiv>
                    <Unicode>18. October l. J. das unter obigem Titel erschienene dramatische Pasquill</Unicode>
                </TextEquiv>
            </TextLine>
            <TextLine id="tr_2_tl_17" custom="readingOrder {index:16;}">
                <Coords points="1023,2105 1173,2069 2297,2088 2297,2038 1023,2033"/>
                <Baseline points="1032,2071 1095,2068 1158,2068 1222,2071 1285,2071 1349,2071 1412,2071 1476,2071 1539,2071 1603,2071 1666,2074 1729,2071 1793,2074 1856,2072 1920,2072 1983,2074 2047,2074 2110,2074 2174,2077 2237,2077 2301,2080"/>
                <TextEquiv>
                    <Unicode>auf den Officiersstand und auf die militärischen Ehr- und Standesbegriffe</Unicode>
                </TextEquiv>
            </TextLine>
            <TextLine id="tr_2_tl_18" custom="readingOrder {index:17;}">
                <Coords points="1025,2138 2301,2153 2299,2092 1023,2103"/>
                <Baseline points="1032,2116 1095,2116 1159,2116 1222,2119 1286,2119 1350,2119 1413,2119 1477,2119 1540,2122 1604,2120 1668,2119 1731,2119 1795,2122 1858,2119 1922,2122 1986,2122 2049,2124 2113,2125 2176,2125 2240,2125 2304,2128"/>
                <TextEquiv>
                    <Unicode>anlässlich seiner Aufführung im „Deutschen Theater“ in Berlin nach seinem</Unicode>
                </TextEquiv>
            </TextLine>
            <TextLine id="tr_2_tl_19" custom="readingOrder {index:18;}">
                <Coords points="1023,2185 2299,2197 2251,2133 1023,2137"/>
                <Baseline points="1032,2161 1095,2164 1159,2164 1222,2167 1286,2167 1350,2167 1413,2167 1477,2167 1540,2168 1604,2168 1668,2167 1731,2167 1795,2170 1858,2170 1922,2170 1986,2171 2049,2173 2113,2173 2176,2173 2240,2173 2304,2176"/>
                <TextEquiv>
                    <Unicode>wahren Werthe charakterisirten, hätten wir wohl nimmermehr geglaubt, dass</Unicode>
                </TextEquiv>
            </TextLine>
            <TextLine id="tr_2_tl_20" custom="readingOrder {index:19;}">
                <Coords points="1023,2217 2303,2229 2254,2181 1023,2187"/>
                <Baseline points="1032,2211 1095,2211 1159,2213 1223,2212 1287,2214 1350,2214 1414,2214 1478,2214 1542,2214 1605,2214 1669,2214 1733,2214 1797,2217 1860,2218 1924,2217 1988,2218 2052,2220 2115,2220 2179,2220 2243,2220 2307,2223"/>
                <TextEquiv>
                    <Unicode>dieses erbärmliche Tendenzstück — erbärmlich in jedem Belange — jemals</Unicode>
                </TextEquiv>
            </TextLine>
            <TextLine id="tr_2_tl_21" custom="readingOrder {index:20;}">
                <Coords points="1025,2271 2290,2274 2271,2229 2167,2224 1025,2224"/>
                <Baseline points="1035,2259 1098,2262 1161,2262 1224,2262 1287,2262 1350,2262 1413,2262 1476,2265 1539,2265 1602,2263 1665,2265 1728,2263 1791,2265 1854,2265 1917,2265 1980,2265 2043,2268 2106,2268 2169,2268 2232,2268 2295,2268"/>
                <TextEquiv>
                    <Unicode>irgend an einem Hoftheater aufgeführt würde. Und doch ist das Unglaub¬</Unicode>
                </TextEquiv>
            </TextLine>
            <TextLine id="tr_2_tl_22" custom="readingOrder {index:21;}">
                <Coords points="1025,2322 2299,2329 2288,2271 1025,2271"/>
                <Baseline points="1035,2307 1098,2308 1161,2310 1224,2311 1288,2313 1351,2313 1414,2313 1478,2313 1541,2313 1604,2313 1668,2313 1731,2313 1794,2313 1857,2314 1921,2314 1984,2314 2047,2316 2111,2316 2174,2317 2237,2316 2301,2316"/>
                <TextEquiv>
                    <Unicode>liche geschehen. Die Direction des k. k. Hofburgtheaters in Wien hat das</Unicode>
                </TextEquiv>
            </TextLine>
            <TextLine id="tr_2_tl_23" custom="readingOrder {index:22;}">
                <Coords points="1025,2360 2308,2367 2308,2331 2115,2322 1025,2317"/>
                <Baseline points="1035,2358 1098,2358 1162,2358 1226,2360 1290,2360 1353,2361 1417,2361 1481,2361 1545,2361 1608,2361 1672,2361 1736,2361 1800,2358 1863,2361 1927,2364 1991,2364 2055,2364 2118,2365 2182,2365 2246,2364 2310,2364"/>
                <TextEquiv>
                    <Unicode>Bedürfniss gefühlt, diesen — sit venia verbo — bodenlosen Blödsinn seinem</Unicode>
                </TextEquiv>
            </TextLine>
            <TextLine id="tr_2_tl_24" custom="readingOrder {index:23;}">
                <Coords points="1025,2417 2312,2419 2312,2365 1025,2360"/>
                <Baseline points="1035,2402 1099,2405 1163,2405 1227,2406 1291,2406 1355,2408 1419,2408 1483,2408 1547,2408 1611,2408 1675,2411 1739,2411 1803,2411 1867,2410 1931,2411 1995,2411 2059,2411 2123,2411 2187,2413 2251,2411 2316,2408"/>
                <TextEquiv>
                    <Unicode>Publicum vorzuführen. Eines hat das k. k. Hofburgtheater damit jedenfalls¬</Unicode>
                </TextEquiv>
            </TextLine>
            <TextLine id="tr_2_tl_25" custom="readingOrder {index:24;}">
                <Coords points="1023,2462 2299,2474 2279,2419 1023,2420"/>
                <Baseline points="1032,2453 1095,2453 1159,2453 1222,2454 1286,2454 1350,2456 1413,2456 1477,2456 1540,2456 1604,2456 1668,2457 1731,2459 1795,2459 1858,2456 1922,2459 1986,2459 2049,2459 2113,2459 2176,2460 2240,2459 2304,2462"/>
                <TextEquiv>
                    <Unicode>erreicht: es ist und wird die einzige Hofbühne bleiben, welche diesem</Unicode>
                </TextEquiv>
            </TextLine>
            <TextLine id="tr_2_tl_26" custom="readingOrder {index:25;}">
                <Coords points="1025,2510 2299,2519 2265,2465 1025,2465"/>
                <Baseline points="1035,2501 1098,2501 1161,2501 1225,2504 1288,2502 1352,2504 1415,2504 1479,2504 1542,2504 1606,2506 1669,2504 1732,2506 1796,2507 1859,2505 1923,2507 1986,2507 2050,2507 2113,2507 2177,2508 2240,2510 2304,2510"/>
                <TextEquiv>
                    <Unicode>albernen Machwerk ihre Pforten geöffnet hat. Warum? Doch wohl nicht</Unicode>
                </TextEquiv>
            </TextLine>
            <TextLine id="tr_2_tl_27" custom="readingOrder {index:26;}">
                <Coords points="1025,2567 2299,2572 2299,2519 2176,2513 1025,2510"/>
                <Baseline points="1035,2549 1098,2549 1161,2551 1224,2552 1288,2552 1351,2552 1414,2552 1478,2552 1541,2552 1604,2552 1668,2552 1731,2554 1794,2552 1857,2555 1921,2555 1984,2555 2047,2555 2111,2555 2174,2556 2237,2555 2301,2555"/>
                <TextEquiv>
                    <Unicode>seines literarisch-dramatischen Werthes halber, denn in dieser Hinsicht</Unicode>
                </TextEquiv>
            </TextLine>
            <TextLine id="tr_2_tl_28" custom="readingOrder {index:27;}">
                <Coords points="1023,2610 2294,2606 2283,2572 1846,2554 1023,2567"/>
                <Baseline points="1032,2596 1095,2596 1158,2599 1221,2599 1285,2599 1348,2599 1411,2599 1475,2599 1538,2599 1601,2599 1665,2602 1728,2600 1791,2604 1854,2602 1918,2602 1981,2602 2044,2602 2108,2602 2171,2602 2234,2602 2298,2593"/>
                <TextEquiv>
                    <Unicode>steht es nicht einmal auf dem Niveau des „Geschundenen Raubritters“</Unicode>
                </TextEquiv>
            </TextLine>
            <TextLine id="tr_2_tl_29" custom="readingOrder {index:28;}">
                <Coords points="1025,2654 2299,2656 2299,2613 1025,2610"/>
                <Baseline points="1035,2644 1098,2647 1161,2647 1224,2648 1288,2650 1351,2647 1414,2648 1478,2650 1541,2647 1604,2649 1668,2650 1731,2650 1794,2650 1857,2650 1921,2650 1984,2650 2047,2650 2111,2650 2174,2650 2237,2650 2301,2650"/>
                <TextEquiv>
                    <Unicode>oder ähnlicher „dramatischer Dichtungen. Also um seiner Tendenz</Unicode>
                </TextEquiv>
            </TextLine>
            <TextLine id="tr_2_tl_30" custom="readingOrder {index:29;}">
                <Coords points="1028,2708 2288,2717 2242,2658 1028,2658"/>
                <Baseline points="1038,2695 1100,2695 1163,2695 1226,2696 1288,2696 1351,2695 1414,2696 1476,2698 1539,2698 1602,2698 1665,2701 1727,2700 1790,2698 1853,2698 1915,2698 1978,2698 2041,2700 2103,2698 2166,2698 2229,2700 2292,2698"/>
                <TextEquiv>
                    <Unicode>willen? Nun, da werden ja die p. t. Anarchisten eine grosse Genug-</Unicode>
                </TextEquiv>
            </TextLine>
            <TextLine id="tr_2_tl_31" custom="readingOrder {index:30;}">
                <Coords points="1023,2752 2354,2756 2354,2722 2206,2706 1023,2708"/>
                <Baseline points="1032,2740 1098,2743 1164,2743 1230,2743 1297,2743 1363,2745 1429,2743 1496,2746 1562,2746 1628,2746 1695,2746 1761,2746 1827,2746 1893,2746 1960,2746 2026,2746 2092,2746 2159,2746 2225,2746 2291,2746 2358,2752"/>
                <TextEquiv>
                    <Unicode>thuung empfinden. Ihnen ist jedenfalls die Aufführung dieses Stückes ein n</Unicode>
                </TextEquiv>
            </TextLine>
            <TextLine id="tr_2_tl_32" custom="readingOrder {index:31;}">
                <Coords points="1028,2806 2294,2801 2199,2752 1028,2752"/>
                <Baseline points="1038,2784 1101,2790 1164,2790 1227,2790 1290,2790 1353,2790 1416,2790 1479,2793 1542,2793 1605,2793 1668,2793 1731,2793 1794,2793 1857,2793 1920,2795 1983,2793 2046,2793 2109,2793 2172,2793 2235,2793 2298,2796"/>
                <TextEquiv>
                    <Unicode>grosses Gaudium. Wir sagen absichtlich Anarchisten, denn nur solchen</Unicode>
                </TextEquiv>
            </TextLine>
            <TextLine id="tr_2_tl_33" custom="readingOrder {index:32;}">
                <Coords points="1023,2842 2294,2861 2254,2806 1023,2802"/>
                <Baseline points="1032,2838 1095,2838 1158,2838 1221,2839 1285,2839 1348,2838 1411,2838 1475,2841 1538,2839 1601,2841 1665,2841 1728,2841 1791,2841 1854,2841 1918,2841 1981,2841 2044,2841 2108,2841 2171,2841 2234,2841 2298,2844"/>
                <TextEquiv>
                    <Unicode>ist ein derartiges Stück aus der Seele geschrieben. Die Socialdemokraten</Unicode>
                </TextEquiv>
            </TextLine>
            <TextLine id="tr_2_tl_34" custom="readingOrder {index:33;}">
                <Coords points="1023,2899 2288,2908 2246,2851 1023,2842"/>
                <Baseline points="1032,2886 1095,2886 1158,2886 1221,2886 1284,2886 1347,2886 1410,2886 1473,2889 1536,2887 1599,2889 1662,2889 1725,2889 1788,2889 1851,2889 1914,2889 1977,2889 2040,2889 2103,2889 2166,2889 2229,2889 2292,2886"/>
                <TextEquiv>
                    <Unicode>hassen wohl die Armeen, aber sie sind nicht so dumm, um sich den</Unicode>
                </TextEquiv>
            </TextLine>
            <TextLine id="tr_2_tl_35" custom="readingOrder {index:34;}">
                <Coords points="1037,2951 2290,2963 2290,2906 2169,2897 1037,2902"/>
                <Baseline points="1047,2934 1109,2934 1171,2934 1234,2934 1296,2934 1359,2934 1421,2935 1483,2937 1546,2937 1608,2937 1671,2937 1733,2937 1795,2937 1858,2937 1920,2937 1983,2937 2045,2939 2107,2937 2170,2937 2232,2937 2295,2925"/>
                <TextEquiv>
                    <Unicode>Officier und seine Denkungsart so vorzustellen, wie er im „Rosenmontag“</Unicode>
                </TextEquiv>
            </TextLine>
            <TextLine id="tr_2_tl_36" custom="readingOrder {index:35;}">
                <Coords points="1032,3010 2281,2997 2281,2956 2179,2945 1032,2951"/>
                <Baseline points="1041,2987 1103,2984 1165,2984 1227,2982 1290,2982 1352,2984 1414,2984 1476,2984 1539,2984 1601,2984 1663,2984 1725,2984 1788,2984 1850,2984 1912,2986 1974,2987 2037,2984 2099,2984 2161,2984 2223,2984 2286,2981"/>
                <TextEquiv>
                    <Unicode>geschildert wird. Dem Publicum des Hofburgtheaters gegenüber aber be¬</Unicode>
                </TextEquiv>
            </TextLine>
            <TextLine id="tr_2_tl_37" custom="readingOrder {index:36;}">
                <Coords points="966,3043 2294,3038 2235,2990 966,3004"/>
                <Baseline points="976,3029 1042,3032 1108,3032 1174,3032 1240,3032 1306,3032 1372,3032 1438,3032 1504,3032 1570,3032 1637,3032 1703,3032 1769,3032 1835,3032 1901,3032 1967,3032 2033,3032 2099,3032 2165,3032 2231,3032 2298,3032"/>
                <TextEquiv>
                    <Unicode>wo deutet die Aufführung dieses Stückes so etwas wie eine Insulte. Das</Unicode>
                </TextEquiv>
            </TextLine>
            <TextLine id="tr_2_tl_38" custom="readingOrder {index:37;}">
                <Coords points="957,3083 2297,3101 2276,3038 957,3049"/>
                <Baseline points="967,3071 1033,3075 1100,3080 1167,3080 1233,3080 1300,3080 1367,3080 1433,3080 1500,3080 1567,3080 1634,3080 1700,3080 1767,3080 1834,3080 1900,3083 1967,3082 2034,3080 2100,3083 2167,3083 2234,3082 2301,3083"/>
                <TextEquiv>
                    <Unicode>des hiesige „Deutsche Volkstheater“ hat seinerzeit das Arthur Schnitzler’sche</Unicode>
                </TextEquiv>
            </TextLine>
            <TextLine id="tr_2_tl_39" custom="readingOrder {index:38;}">
                <Coords points="1037,3138 2294,3142 2294,3108 2135,3086 1037,3097"/>
                <Baseline points="1047,3125 1109,3128 1172,3128 1234,3127 1297,3125 1359,3128 1422,3126 1484,3128 1547,3128 1609,3128 1672,3128 1735,3128 1797,3128 1860,3128 1922,3128 1985,3128 2047,3130 2110,3128 2172,3128 2235,3128 2298,3128"/>
                <TextEquiv>
                    <Unicode>Drama „Freiwild“ abgelehnt, weil in demselben einem Officier eine un¬</Unicode>
                </TextEquiv>
            </TextLine>
            <TextLine id="tr_2_tl_40" custom="readingOrder {index:39;}">
                <Coords points="1028,3190 2299,3192 2299,3143 2222,3131 1028,3149"/>
                <Baseline points="1038,3175 1101,3175 1164,3175 1227,3175 1291,3175 1354,3175 1417,3175 1481,3175 1544,3175 1607,3175 1671,3175 1734,3174 1797,3175 1860,3175 1924,3175 1987,3176 2050,3178 2114,3178 2177,3178 2240,3175 2304,3178"/>
                <TextEquiv>
                    <Unicode>ritterliche Handlungsweise zugemuthet wird, obgleich das letztere Stück,</Unicode>
                </TextEquiv>
            </TextLine>
            <TextLine id="tr_2_tl_41" custom="readingOrder {index:40;}">
                <Coords points="1023,3242 2306,3247 2274,3186 1023,3195"/>
                <Baseline points="1032,3223 1095,3223 1159,3225 1223,3223 1287,3223 1351,3220 1415,3223 1479,3223 1543,3223 1607,3226 1671,3225 1734,3225 1798,3226 1862,3223 1926,3226 1990,3223 2054,3225 2118,3226 2182,3226 2246,3223 2310,3226"/>
                <TextEquiv>
                    <Unicode>was dramatischen Werth anbelangt, thurmhoch über „Rosenmontag steht.</Unicode>
                </TextEquiv>
            </TextLine>
            <TextLine id="tr_2_tl_42" custom="readingOrder {index:41;}">
                <Coords points="1028,3292 2315,3297 2315,3242 2251,3233 1028,3243"/>
                <Baseline points="1038,3274 1102,3271 1166,3274 1230,3272 1294,3272 1358,3271 1422,3273 1486,3274 1550,3274 1614,3274 1678,3274 1742,3274 1806,3274 1870,3274 1934,3274 1998,3274 2062,3277 2126,3280 2190,3278 2254,3274 2319,3274"/>
                <TextEquiv>
                    <Unicode>Leider hat das feine Taktgefühl des Herrn Directors v. Bukovies nicht¬</Unicode>
                </TextEquiv>
            </TextLine>
            <TextLine id="tr_2_tl_43" custom="readingOrder {index:42;}">
                <Coords points="1023,3350 1267,3343 1280,3356 1344,3325 1449,3329 1449,3290 1405,3279 1307,3300 1212,3279 1023,3293"/>
                <Baseline points="1032,3322 1058,3322 1084,3322 1110,3322 1137,3321 1163,3319 1189,3319 1216,3319 1242,3319 1268,3319 1295,3319 1321,3319 1347,3319 1374,3319 1400,3320 1426,3321 1453,3322"/>
                <TextEquiv>
                    <Unicode>exemplificirend gewirkt.</Unicode>
                </TextEquiv>
            </TextLine>
            <TextEquiv>
                <Unicode></Unicode>
            </TextEquiv>
        </TextRegion>
    </Page>
</PcGts>
