3436 4256
373 51 566 113 de
391 100 566 159 fehlen, wo
389 151 570 209 provociren
361 196 575 253 ouplets gar
361 243 576 302 Kugeln. Da
367 293 570 351 hen." Herr
361 339 575 405 immorträts
367 384 576 442 und anderer
373 429 576 495 te Zacconis
369 484 575 542 Instrumente
369 524 575 593 merzienrath
408 571 575 632 Quantum
373 622 567 685 inen feinhu-
379 672 564 726 in erheitern
383 718 574 776 y mit seinen
390 763 570 822 vortheilhaft
383 811 559 876 theaters be¬
382 863 570 921 im Clavier,
381 909 572 965 nirte Herr
383 952 575 1020 Nr. 88 füllte
383 1008 570 1064 enehm aus
387 1053 567 1112 eltener Un¬
404 1096 578 1158 — nun bis
390 1143 578 1214 ten hatte.
461 1197 549 1255 d.
390 1250 571 1310 des deut¬
396 1298 581 1362 veranstaltet
404 1349 568 1410 des deut¬
408 1396 579 1453 unden mit
402 1441 581 1510 elcher jetzt
404 1493 507 1562 den.
411 1541 574 1604 arran¬
411 1594 574 1651 burtsfestes
408 1643 575 1708 einslokale
413 1688 575 1756 ent, um
413 1735 575 1800 nd Herr
429 1789 579 1853 vollkom¬
422 1832 581 1894 orträgen,
419 1879 575 1949 Obmann
429 1931 574 1992 ein drei¬
431 1981 577 2036 gen der
419 2018 575 2090 luß fand
429 2077 578 2141 Der
433 2126 577 2190 Zeitschrift
444 2176 568 2241 der In
440 2231 567 2290 tigung
426 2275 574 2339 ne Cau¬
437 2325 578 2386 mußten.
438 2369 585 2429 beit nur
440 2418 575 2483 zung be=
440 2460 576 2526 en und
438 2515 581 2579 sely aber
438 2564 574 2630 en erlegg.
446 2610 588 2670 de von
444 2655 585 2720 erhoben,
449 2706 588 2770 hiesigen
461 2763 581 2818 wegen
461 2809 584 2862 aten
464 2854 577 2910 ge ver
467 2900 579 2966 Com¬
474 3001 588 3060 ch das
482 3049 585 3106 Publi¬
494 3098 585 3157 excel¬
489 3148 582 3204 ele¬
484 3197 589 3255 r. In
506 3241 585 3298 En¬
494 3522 591 3593 dchen,
489 3581 584 3629 Mode¬
491 3620 589 3681 ößten
626 84 1543 131 satz dieses Gefühles zu Gesetz und Herkommen ist die
628 117 1544 165 Tragik aller Zeiten. Wie nicht so bald Einer versteht
622 158 1534 202 Arthur Schnitzler diese Tragik der Gegenwart. In seiner
617 194 1534 240 Liebelei zeigt er uns das elementare Gefühl der Liebe
617 231 1539 278 in der Freiheit, wie wir es täglich in unserer nächsten
626 273 1537 316 Umgebung so zu sagen mit den Händen greifen können.
619 308 1546 362 Klingt es nicht wie ein Echo des großen Ausschreies der
626 346 1534 396 zu widernatürlicher Enthaltsamkeit verurtheilten ledigge¬
626 384 1534 430 bliebenen Mädchen zu uns herüber, wenn der alte Mu¬
632 422 1537 470 siker bedauert, seine ledige Schwester so gut bewacht zu
634 461 1546 516 haben, daß sie gar nichts vom Leben genießen konnte?
628 496 1546 538 — Mit dieser einzigen Bemerkung eröffnet uns der Ver¬
632 535 1531 586 fasser die ganze tragische Größe und Tiefe des Liebes¬
622 576 1531 624 lebens und der damit eng verbundenen modernen Frauen¬
628 621 1529 662 frage. In seinem jüngsten Schauspiele „Freiwild com
626 650 1537 701 binirt Schnitzler die Frauenfrage mit dem äußeren Be¬
617 690 1540 744 griff der Mannesehre und theilt hiebei die Letztere in
617 728 1539 773 zwei, einander beinahe feindlich gegenüberstehende Fac¬
620 768 1543 807 toren: in die bürgerliche und in die Officiersehre. Die
628 809 1539 858 Frauenfrage erörtert er in einem köstlichen Milieu, an
626 840 1534 893 einem Sommertheater Das ganze lustige Elend des
632 879 1543 930 Schauspielerinnenstandes sehen wir da mit grellen,
626 922 1537 964 aber naturwahren Farben aufgetragen. Der gewissenlose
628 965 1531 1006 Theaterdirector, der die Gagen im Handumdrehen au
617 996 1546 1039 50% heruntersetzt und der die weiblichen Mitglieder sei¬
622 1037 1539 1083 nes Theaters nur als Freiwild betrachtet, das er den
617 1073 1539 1121 L bemännern seines Publicums zur Verfügung hält, ist
632 1112 1537 1161 genau nach dem Leben gezeichnet. Die Frage des
617 1155 1544 1204 äußeren Ehrbegriffes condensirt der Verfasser zu
622 1187 1534 1233 einem concreten Fall. Ein Officier erhält, natür¬
626 1227 1540 1276 lich wegen einer Frau, von einem Bürgerlichen
626 1266 1543 1310 einen Schlag ins Gesicht. Er fordert diesen zum Duell.
628 1304 1531 1356 Da ihm aber der Bürgerliche diese, nach dem Ehren
622 1342 1531 1389 coder unumgänglich nothwendige Genugthuung ver
622 1376 1544 1429 weigert, schießt er ihn, das bürgerliche Freiwild, auf
622 1414 1544 1475 offener Straße über den Haufen. Der Fall ist richtig
628 1455 1528 1501 aufgestellt, ja er entspricht ganz und gar den thatsäch
622 1493 1540 1537 lichen Verhältnissen unserer mitteleuropäischen Militär¬
632 1529 1543 1583 staaten. Beweis dessen die packende Wirkung der Pre¬
628 1571 1539 1618 miere auf das Publicum das in geradezu demonstra¬
628 1606 1543 1652 tiver Weise Beifalls Aeußerungen und Ausrufe des
626 1647 1546 1687 Mißfallens abgab. Und doch haben sich in die drama¬
622 1683 1540 1730 tische Ausführung dieses Falles ein ge Constructions¬
638 1721 1537 1767 fehler eingeschlichen. Der gemaßregelte ficier, insbe¬
628 1758 1544 1808 sondere aber sein vermittelnder Kamera Rohnstedt
627 1795 1544 1851 sind theilweise zu bürgerlich gerathen, während der bür¬
632 1834 1543 1885 gerliche Paul Rönning, der sich rühmt betreff des Zwei¬
632 1879 1543 1921 kampfes eine lediglich menschlich freie Anschauung zu
632 1908 1534 1957 haben, durch eine totale Umkehr zum militärischen Tap¬
628 1946 1540 2001 ferkeitsgefühl die Katastrophe über sich heraufbeschwört.
634 1986 1540 2032 Der Constructionsfehler bei den Officieren ist technischer
634 2021 1544 2076 Natur, und hat nur den Zweck, dramatische Aufschub¬
632 2062 1543 2111 momente zu erzielen. Dagegen ist der Constructions¬
638 2101 1537 2149 fehler im Charakter des Paul Rönning letaler Natur
626 2140 1542 2184 Aber er ist symptomatisch für die Auffassung des
632 2176 1540 2227 äußeren Ehrbegriffes in der bürgerlichen Gesellschaft
628 2216 1539 2261 Auch sie muß dem Geiste der männlichen Tapferkeit
632 2255 1546 2302 der Majorität des natürlichen Gewaltrechtes Rechnung
626 2293 1548 2347 tragen. Die Wiedergabe der Novität war gut, wenn
627 2328 1544 2383 auch nicht ganz textfrei. Trefflich war Herr Tauber
632 2368 1537 2413 als Oberlieutenant Karinski, der mit dem Revolver
627 2408 1544 2457 die letzte Position seiner Officiersehre vertheidigt. Die
628 2449 1553 2496 Gestalt des Oberlieutenants Rohnstedt ist verfehlt; die
634 2483 1551 2533 Proposition eines Scheinduells macht kein Officier. Herr
634 2533 1543 2576 Reucker that sein Bestes in der undankbaren Aufgabe.
638 2559 1543 2607 Als Paul Rönning wußte Hr. John zu interessieren
628 2608 1548 2646 doch war er in dieser interessanten Rolle nicht über¬
632 2631 1543 2692 zeugend genug. Am besten gelang ihm noch die Liebes¬
643 2674 1548 2724 scene. Das wäre eine Aufgabe für unseren immer noch
634 2713 1551 2768 fehlenden Heldenliebhaber gewesen. Köstlich führte Herr
632 2750 1554 2802 v. Wymetal die Figur eines harmlosen Lebegigers
628 2790 1549 2830 in Uniform durch In der Carricatur eines bürgerlichen
638 2829 1554 2876 Ehrenferen wußte sich Hr. Löwe von seiner besten
638 2868 1546 2914 Seite zu zeigen. Aus dem Sommertheater=Milieu, dem
628 2904 1546 2952 Hr Zeisler als Theater-Pascha und Seelenverkäufer
628 2952 1553 3002 bestens vorstand, hob sich Frl. Fasser als Liebhaberin
641 2981 1548 3029 Anna Riedel, die die Verbindung der beiden Arten
628 3019 1551 3074 von Freiwild in dem Stücke zu bewerkstelligen hat, sehr
628 3059 1548 3108 wirksam hervor. Ein gelungenes Gegenstück hierzu bot
643 3094 1546 3147 Frl. Moller als Soubrette Pepi Fischer. Die Aus¬
647 3134 1548 3185 stattung, insbesondere im ersten Acte, war sehr sorg¬
643 3176 1548 3229 fältig und malerisch. Das Stück ist ein packendes, durch¬
638 3214 1551 3258 aus modernes Schauspiel das mit actueller Wärme ins
641 3250 1543 3299 Publicum hineingreift und zu unwillkürlicher Partei
634 3286 1548 3332 nahme herausfordert. Der enthusiastische Beifall des
647 3323 1546 3376 Publicums rief auch den anwesenden Verfasser nach
1413 3362 1519 3414 P. R.
643 3365 1277 3426 jedem Acte wiederholt auf die Bühne.
710 3405 1551 3459 „Lucrezia Borgia". Unter dem Schutze
634 3449 1551 3499 etwa hundert Bajonnetten — allerdings erst, nachdem
634 3488 1544 3538 es einen heftigen Ansturm des czechischen Pöbels aus¬
643 3522 1548 3582 gehalten — feierte das deutsche Theater gestern Gae¬
643 3566 1549 3621 tano Donizettis hundertsten Geburtstag. Zur Auffüh¬
647 3607 1547 3656 rung gelangte die dreiactige Oper „Lucrezia Borgia“
643 3650 1551 3692 die im Jahre 1853 zum erstenmale in Scene gegan¬
646 3677 1546 3740 gen war. Damals konnte das Publicum noch für der¬
643 3714 1555 3766 artig gelungene Gistmord-Dramen Interesse bekunden
641 3753 1551 3807 und an solch lauwarmem musikalischem Ausguß Ge¬
649 3787 1555 3846 schmack finden — heute ist das anders geworden. Das
641 3830 1554 3883 Triviale hat keine Existenzberechtigung und sollte dar¬
628 3868 1558 3935 um — wir sagen das offen auch angesichts des 100.
1589 82 2504 128 seine bedeutenden Stimmittel mit Erfolg handhaben.
1596 123 2498 167 Eine imposante Leistung bot auch Herr Sieglitz
1599 158 2498 201 (Gubetta. Der „Massio des Frl. Carmasini
1596 197 2501 243 war wohl eine annehmbare musikalische Darbietung,
1592 232 2508 278 doch hatte sich die jugendliche Sängerin in der Maske
1590 274 2504 321 vergriffen; der Schnurrbart in einem Mädchenantlitz
1592 311 2508 354 verstößt gegen das aesthetische Gefühl. Die Titelrolle
1596 345 2496 397 führte Frau Claus-Fränkel mit großem dar¬
1596 382 2504 427 stellerischem Verständnisse durch, während der gesang¬
1590 420 2512 469 liche Theil ihrer Leistung bisweilen unter dem Mangel
1592 462 2504 504 reiner Intonation zu leiden hatte. Die Aufgabe des
1592 498 2498 563 Orchesters war nicht groß, aber ihre Ausführung immer¬
1592 533 1933 589 hin zufriedenstellend.
2377 534 2464 581 V. J.
1662 563 2504 634 Königliches deutsches Landestheater. In der
1596 620 2507 668 vorgestrigen volksthümlichen Vorstellung trat Signora
1592 662 2508 715 Helene Teriane zum dritten und letztenmale als
1592 699 2508 747 „Aida" in Verdi's gleichnamiger Oper auf. Sie hätte
1590 740 2507 787 gut daran gethan, diese Partie beim ersten Debut die
1596 778 2504 819 „Carmen" hingegen gar nicht zu singen. Die Vorzüge
1596 818 2507 857 ihrer Charakterisirung im Vortrag und in der Dar¬
1596 854 2504 899 stellung traten diesmal noch schärfer zutage, und wenn
1596 892 2507 931 das Tremoliren der Stimme nicht gewesen wäre, hätte
1590 927 2507 977 ihre Leistung als eine vollkommene gelten können. Auch
1590 965 2507 1008 ihr Exterieur fesselte diesmal durch Eigenart, nament¬
1592 1004 2508 1046 lich der in egyptischer Manier zugerichtete Kopf. Als
1590 1043 2504 1093 Aspirantin für das Fach der Altistin versuchte sich
1590 1082 2504 1125 gestern Frl. Louise Köhler aus Straßburg, die noch
1584 1126 2513 1169 vor zwei Jahren der Wiener Hofoper als Choristin
1596 1155 2512 1198 angehörte. Es ist immerhin eine Errungenschaft, es in
1599 1193 2498 1243 so kurzer Frist bis zum Gastspiel am deutschen Landes
1590 1231 2507 1280 theater in Prag gebracht zu haben. Ihr erstes Debüt
1590 1270 2512 1315 machte keinen ungünstigen Eindruck. Anfangs irritirte
1596 1308 2512 1356 sie eine im Publicum plötzlich ausbrechende Heiterkeit,
1596 1348 2507 1396 die einer auf der Bühne sichtbar gewordenen Katze galt,
1592 1385 2508 1427 während die Sängerin das Lachen auf sich bezogen
1596 1426 2507 1470 haben mochte. Allein so schlimm war ihre Leistung
1592 1462 2508 1508 keineswegs; vielmehr machte ihre klangvoll, in
1592 1497 2511 1541 allen Lagen gleichmäßig ansprechende Stimme, ihre
1599 1539 2511 1587 stattliche Figur, ihr angemessenes Spiel einen guten
1599 1576 2504 1616 Eindruck. Was wir noch vermissen, ist eine vorneh¬
1590 1614 2512 1661 mere Ausdrucksweise, eine höhere dramatische Ge¬
1599 1651 2518 1706 staltungskraft. Der Gesang klingt bei aller Glätte doch
1596 1691 2512 1742 zu nüchtern und farblos. Auch schien uns die Into¬
1590 1726 2512 1772 nation nicht ganz sicher, weshalb wir behufs Feststel¬
1590 1766 2504 1812 lung unseres Urtheils noch weitere Leistungen der Dame
1592 1803 2512 1851 abwarten wollen. Herr Elsner sang zum erstenmale
1590 1843 2512 1887 bei uns den Rhadames mit glänzendem Gelingen. Die
1601 1880 2512 1927 Partie liegt ihm vorzüglich, und im Spiel weiß er ja
1590 1918 2512 1964 wie kaum ein anderer, seinen Mann zu stellen. Statt
1596 1960 2508 2001 des unpäßlich gewordenen Herrn Gärtner über¬
1596 1997 2511 2043 nahm der Regisseur Herr Ehrl unvorbereitet die Par¬
1599 2031 2512 2080 tie des Königs, der er zuvor nie bei uns gesungen
1596 2067 2512 2112 hat, da er stets die Rolle des Priesters Ramphis inne¬
1601 2108 2512 2151 hatte. Für das rasche Einspringen und die correcte
1596 2147 2512 2190 Durchführung der Partie gebührt ihm specielle Aner¬
1599 2185 2512 2230 kennung. Herr Hunold als „Amonaro", Herr
1592 2221 2512 2267 Sieglitz als „Ramphis, und Frl. G. v. Rut¬
1584 2263 2515 2309 tersheim als Priesterin hinter der Scene waren
1599 2299 2511 2342 zufriedenstellend. Chor, Orchester und Dirigent Herr
1590 2334 2504 2385 Schalk gaben keinen Anlaß zu besonderen Bemer¬
1596 2379 1726 2429 kungen.
1652 2456 2456 2556 Volkswirthschaftliches.
1671 2533 2512 2595 Prager Productenbörse, 30. Nov. (O.-B.) Mit
1599 2585 2512 2631 Rücksicht auf den starken Rückgang in Weizen auf dem
1596 2624 2504 2670 New-Yorker Markte, sowie auf die schwächeren Mel¬
1599 2659 2504 2717 dungen, die von allen continentalen Getreideplätzen
1596 2706 2513 2751 einliefen, zeigte heute auch der Handel an der hiesigen
1596 2737 2512 2786 Productenbörse im Großen und Ganzen abgeschwächte
1596 2781 2513 2828 Haltung, die sich aber in Mahlgetreide nicht in einem
1599 2815 2518 2866 Rückgange der Preise äußerte. Böhm. Weizen
1601 2850 2512 2909 sehr mäßig gehandelt, verzeichnet fl. 12.70 als Höchst¬
1605 2894 2518 2939 cours für 77 kg. schwere Ware. Ein Posten deutsch.
1596 2933 2512 2980 Weizens wurde mit fl. 12.25, eine Partie amerik.
1599 2967 2507 3019 Kansas mit fl. 13.10, Alles transito, gehandelt.
1599 3005 2511 3060 Korn hatte gleichfalls nur schwachen Verkehr und löste
1596 3045 2506 3092 allerdings als Ausnahmspreis, fl. 9.80 als Höchstcours
1601 3085 2512 3135 für 73/74 kg Qualität. Auf dem Gerstenmarkte war
1596 3120 2512 3166 das Ausgebot ein etwas erheblicheres, dennoch wickelte
1607 3166 2513 3213 sich das Geschäft recht flott ab. Die Preise blieben für
1599 3200 2512 3250 Ausstich und seine Ware unverändert fest, gute und
1599 3238 2513 3291 mittelgute Sorten mußten 10—15 kr., manchmal auch
1601 3286 2513 3326 mehr nachgeben. Hafer wurde in letzter Zeit in gro¬
1611 3314 2511 3366 sen Quantitäten auf Grund früherer Uebereinkommen
1606 3350 2512 3400 dem Militärverpflegungsamt geliefert. Da ein großer
1596 3392 2516 3443 Theil dieser Waare den contractlichen Bedingungen nicht
1601 3429 2519 3478 entsprach, weil sie mit Geruch behaftet war und die
1605 3470 2513 3514 militärische Verpflegungsverwaltung mit Recht befürchtete
1594 3505 2518 3563 daß solche Ware die Lagerung nicht aushalten würde,
1596 3543 2512 3591 wies sie dieselbe mit vollster Berechtigung zurück. Diese
1596 3580 2513 3625 Ware muß nun anderwärts untergebracht werden und
1605 3620 2502 3679 sie drückt den Markt so, daß heute eine Preisermäßi¬
1598 3666 2209 3729 gung von 5 - 15 kr. eintreten mußte
1688 3688 2513 3752 Elbeverkehr. Bei Schandau passirten die Grenze
1594 3737 2504 3793 vom 13. bis zum 19 November 42 408.789 kg. diverse
1601 3780 2505 3827 Waren. Darunter befanden sich 33 036.988 kg. Braun¬
1599 3825 2516 3877 kohlen, 5,782.513 kg. Zucker, 1,254.686 kg. Gerste,
1591 3855 2382 3932 52.650 kg. Hülsenfrüchte und 125.536 kg. Obst.
