3344 4352
926 164 1316 259 box 14/5
364 170 670 248 Freiwi
222 169 312 259 8.
371 372 1219 462 Kurzsches Ensemble-Gastspiel im
612 439 979 524 Krystall-Palast.
307 480 1324 550 Leipzig, 27. Juni. Nach den possenhaften „Bocksprüngen
248 541 1337 609 brachte das Kurz'sche Ensemble gestern eine ernste Novität,
248 595 1334 646 das Schauspiel „Freiwild von Arthur Schnitzler,
251 633 1337 680 einem jungen Wiener Dichter, dem die Kritik, besonders die
254 677 1337 728 jüngstdeutsche, ein sehr günstiges Horoskop stellt. Nach einer
251 721 1340 768 Seite hin wird dies wohl durch „Freiwild“ bestätigt: die
258 761 1347 812 Handlung hat eine consequente Entwickelung; sie bewegt sich
251 800 1337 860 nicht in Zickzacklinien und die Spannung bleibt fortwährend
258 846 1340 898 auf den Hauptvorgang gerichtet. Dagegen sind die Haupt¬
258 887 1337 950 charaktere durchaus unsympathisch und unliebenswürdig.
317 930 1337 972 Das Stück ist ein Thesenstück; die These wird mit
261 956 1343 1021 folgerichtiger Logik, aber mit einer etwas unschmack¬
254 1011 1351 1057 haften Herbheit behandelt. Die Standesehre, die Ehre
254 1051 1337 1106 des Officierstandes ist die Grundlage der Handlung.
254 1089 1343 1143 Ein Officier wird, weil er sich über eine Künstlerin in
254 1130 1340 1187 beschimpfenden Ausdrücken ergangen, thätlich insultirt,
261 1175 1343 1226 und der Beleidiger weigert sich, in einem Duell Genugthuung zu
237 1221 1348 1276 geben; er bleibt hartnäckig bei dieser Weigerung, auch als ihn
245 1327 1306 1395 ein humangesinnter Kamerad des Lieutenants darauf hinweist
248 1384 1319 1437 daß die Existenz desselben durch solche Weigerung vernichtet
248 1423 1319 1473 wird. Was bleibt nun dem beleidigten Officier übrig? Die
248 1469 1319 1515 Uniform auszuziehen, sich eine andere Existenz zu suchen, das
242 1507 1319 1565 ist gegen seine Grundsätze; damit würde er sein Lebens¬
237 1547 1319 1598 element verlieren, es giebt nur ein Mittel, seine Ehre
251 1590 1319 1646 wieder herzustellen — er schießt den Andern einfach nieder
251 1634 1311 1683 und nimmt sich dann selbst das Leben. „Ein Fetzer
242 1677 1319 1731 des wirklichen Lebens wie Zola sagt, und hier auf
242 1715 1327 1765 die Bühne gebracht. Das Stück hat vor anderen
242 1759 1331 1811 ähnlichen einen Abschluß voraus, der eine ganz bestimmte
251 1803 1327 1850 Gestalt annimmt, aber er ist mehr traurig als tragisch. Das
251 1848 1327 1901 Ganze ist eine dramatische Kritik socialer Zustände; man mag
251 1888 1319 1939 sich für die Principien interessiren, die einander gegenübe
248 1932 1324 1993 gestellt sind, aber die Menschen, die sie vertreten, interessiren
242 1973 419 2035 uns nicht.
309 1991 1330 2062 Paul Rönning, der am Anfang nicht weniger händel¬
245 2051 1324 2103 süchtig ist, als der Lieutenant, indem er trotz der Mahnungen
242 2100 1327 2144 des Doctors Wellner den Provocationen desselben nicht aus
242 2139 1327 2190 dem Wege geht, will sein Leben nicht auf das Spiel setzen
245 2185 1324 2233 für etwas, was ihm zu unbedeutend scheint. Er ist kein un¬
245 2224 1330 2273 bedingter Gegner des Duells, aber hier scheint es ihm nicht
251 2266 1327 2320 geboten. Immerhin könnte man darüber mit ihm rechten; seine
248 2313 1330 2357 Geliebte ist beleidigt worden, das könnte doch ein genügender
245 2351 1324 2392 Anlaß zu einem Duell sein; doch sein Gegner ist ihm zu ver¬
245 2392 1324 2442 ächtlich. Herr von Lenor hätte als Bonvivant von Fach
251 2439 1330 2488 gewiß dieser Rolle gern eine leichtere Tönung gegeben; doch
251 2481 1327 2525 Rönning ist, durchaus ernst gehalten, der Geliebten gegen¬
248 2515 1328 2579 über ein zärtlicher Liebhaber, den andern gegenüber von
242 2565 1324 2612 unbeugsamer Schroffheit. In der Scene, wo Oberlieutenant
245 2606 1327 2653 Rohnstedt sich an sein menschlich Fühlen wendet, bleibt er
251 2646 1330 2701 hart. Herr von Lenor stellte der Rönning nach beiden
251 2688 1326 2739 Seiten hin im Geiste des Dichter dar, mit jener schau¬
245 2732 1334 2780 spielerischen Gewandtheit, welche auch Aufgaben beherrscht,
251 2776 1330 2828 die nicht seinem eigenen Fach angehören. Dem Rohnstedt
251 2816 1327 2866 gab Herr Wirth einen gemüthlichen Zug — freilich plaidirt
248 2864 1331 2920 der wohlwollende Vermittler vergeblich nach beiden Seiten
249 2903 1326 2963 hin. Denn der von Herrn Rembe schneidig dar¬
245 2937 1327 3004 gestellte Oberlieutenant Karinsky ist ebenso verhärtet
251 2983 1330 3039 gegen die Rathschläge des Kameraden, wie Paul Rönning,
248 3028 1327 3078 der in dem Doctor Wellner, dem Herr Peters ein großes
248 3070 1330 3126 Maß von freundschaftlicher, geduldig ausharrender Gesinnung
251 3112 1330 3168 gab, einen wohlmeinenden Berather hat. Der correcte Poldi
251 3154 1330 3206 Grehlinger, der an eine ähnliche Figur in Sudermann's
258 3196 1327 3247 „Ehre erinnert, wurde von Herrn Seldeneck ergötzlich dar¬
258 3236 1334 3297 gestellt, ebenso der naive Husarenlieutenant Vogel von Herrn
248 3281 446 3344 Homann.
312 3298 1330 3371 Von einem Sommertheater rühren die Anlässe zu dem
258 3364 1330 3409 Conflict des Stückes her: der Humor, mit welchem Schnitzler
251 3405 1330 3449 das leichtblütige Völkchen schildert, schöpft nicht recht aus dem
254 3447 1328 3494 Vollen. Die tragischen Posen Baldus (Herr Lewent),
251 3485 1330 3535 die wechselnden Launen und Anwandlungen des Komikers
258 3531 1330 3576 Enderle, der Geschäftseifer des etwas formlosen Regisseurs
261 3573 1337 3620 Finke (Herr Ganzert), die übermüthigen und gehässigen
258 3617 1330 3665 Plaudereien der Pepi Fischer (Bertha Laufer) und
254 3655 1337 3705 Käthchen Schütz (Cola v. Olizar kommen, auch bei munterer
254 3696 1336 3749 Darstellung, nicht auf gegen den grenzenlosen und sittenlosen
258 3740 1337 3788 Egoismus des Sclavenhandlers, des Directors Schneider,
258 3780 1337 3832 dem Herr Director Kurz das ganze Gebahren eines unter¬
263 3818 1340 3878 geordneten Bühnenleiters gab. Die Heldin Anna Riedel ist
261 3866 1337 3920 gewiß ein sehr anständiges Machen, aber sie ist larmogant
248 3907 1340 3961 und langweilig und Hermine Heinrich konnte beim besten
261 3950 1343 4011 Willen sie nicht interessanter machen. Stück und Darstellung
768 3991 1294 4053 Rudolf von Gottschall.
266 3994 708 4067 fanden lebhaften Beifall.
2012 742 2614 838 Kunst und Wissenschaft.
1932 820 2861 891 In der Gesellschaft von Liebhabern dramatischer
1806 836 1902 896 Zw.
1752 872 2859 938 Literatur wurde am letzten Mittwoch Abend Schnitzlers „Frei¬
1762 908 2857 967 wild gelesen. Wegen einer ehrbaren, angehenden Künstlerin
1762 940 2859 1017 des Theaters findet ein Rencontre zwischen einem Oberlieutenant
1759 987 2865 1048 und einem jungen, unabhängigen und vorurtheilsfreien Manne
1759 1023 2879 1082 der Gesellschaft statt. Da dieser sich in der Affaire, bei der es
1772 1057 2874 1125 zu Thätlichkeiten gekommen ist, im Rechte glaubt und über die
1758 1106 2871 1167 Nothwendigkeit eines Duells als freier, außerhalb der Schranken
1762 1137 2874 1201 und Ehrbegriffe eines Standes stehender Mensch sich hinwegsetzt,
1779 1175 2871 1239 so wird er von dem durch die Verweigerung des Zweikampfes
1769 1217 2871 1282 in seiner militärischen Existenz vernichteten Offizier einfach über
1765 1258 2876 1320 den Haufer geschossen. Recht und Unrecht sind vom Verfasser
1770 1293 2881 1368 gleich vertheilt. Jeder darf auf seinem Standpunkt bis zu einem
1772 1343 2875 1406 gewissen Grade die Billigung seines Thuns beanspruchen,
1769 1377 2874 1447 wenigstens von dem Momente an, wo der von beiden Theilen
1773 1408 2878 1476 verschuldete Zusammenstoß erfolgt ist. Ein eigenes Urtheil über
1772 1443 2876 1504 Gut und Böse in dieser Schuld und Sühne giebt Schnitzler als
1776 1486 2876 1551 moderner Autor nicht ab. Er führt dem Zuschauer die Ge¬
1779 1518 2883 1602 schichte als Exempel vor und überläßt ihm, das Facit selbst zu
1786 1568 2879 1634 ziehen, wenn er will. Die Milieueinkleidung ist geschickt und
1776 1605 2876 1675 lebenswahr, wenn auch in der Hauptsache ohne besondere Origi¬
1775 1646 2888 1711 nalität. Die Beziehungen zwischen Bühne und Publikum, wie
1792 1684 2882 1752 sie hier in dem kleinen österreichischen Badeorte als Hintergrund
1782 1718 2895 1789 der Handlung geschildert werden, sind schon hundertfach so und
1797 1756 2885 1824 ders behandelt und ausgenutzt worden. Und was dieser so
1800 1796 2895 1867 kunstsinnige Herr Direktor von den weiblichen Mitgliedern
1794 1835 2889 1908 nes Ensembles erwartet, ist eine zu oft gehörte Alltäglichkeit
2099 1875 2892 1939 als daß sie die nicht allzu tief gehende Satire
1789 1892 1945 1950 der Leben
2003 1915 2889 1971 und interessant zu gestalten vermöchte. Es
1782 1936 1940 1988 des Ver¬
2177 1947 2889 2018 der Oberfläche theatralischer Feuilleton¬
1777 1971 1963 2025 bleibt zu
1792 1993 2895 2054 arbeit; der Dramatiker greift tiefer in den Reichthum
1792 2049 2000 2103 seiner Welt.
1845 2069 2892 2137 Die Leseaufführung des Stückes stand, wenn wir uns ein
1824 2107 2898 2177 senes Urtheil erlauben dürfen, hinter den bisherigen Vor¬
1806 2154 2893 2216 ehrungen der Saison zurük. Sei es, daß die leichte Konver¬
1794 2187 2900 2256 sation in den Haupttheilen der Komödie durch das Buch in der
1803 2228 2902 2303 Hand besonders behindert wird, sei es, daß die Mitwirkenden
2082 2266 2865 2330 sio in das scenische Gefüge eingelebt hatten
1803 2282 2035 2344 sich nicht so
2069 2301 2898 2362 des Ganzen gerieth einige Male ins Ungleiche.
1792 2324 2012 2376 kurz der
1789 2344 2896 2406 Doch vielleicht ist es falsch, derartiges an dieser Stelle zu kon¬
1796 2379 2909 2456 statiren. Aber der Kritiker kann nun einmal nicht ganz von seinem
1797 2422 2902 2484 alten Uebel lassen und möchte immer und überall haben, was
1794 2457 2906 2521 erreichbar und möglich St. Den Damen und Herren, die sich
1797 2494 2909 2568 diesmal in den Dienst der Sache gestellt hatten, sind wir darum
1797 2535 2916 2599 nichtsdestoweniger für ihre Leistungen dankbar. Denn sie haben
1794 2575 2909 2637 uns noch immer unvergleichlich besser und eindrucksvoller mit
1797 2613 2933 2680 dem Werke bekannt gemacht als es die bloße Lektüre ver¬
1803 2654 2929 2719 möchte. Auch zeigten einzelne Mitwirkende trotz des erwähnten
1816 2803 2922 2864 Mangels eines Ensembles sehr präsentable schauspielerische
1813 2841 2007 2899 Intelligenz.
1864 2859 2919 2933 Der Saal war überfüllt. Keine Stühle mehr, keine Pro¬
1811 2929 2916 2976 gramms — hieß es schon beim Aufgehen des Vorhangs. Hoffent¬
1816 2964 2916 3007 lich ist die erste öffentliche Aufführung der Gesellschaft am
1816 3001 2906 3045 6. November — wie schon mitgetheilt, wird „Ueber den Wassern“
1811 3035 2915 3093 von Engels gespielt — so vom Bühnengenius und von der
1818 3079 2916 3127 Theilnahme unseres Publikums begünstigt, wie es das ernste
1813 3119 2919 3174 künstlerische Streben dieser Vereinigung unter allen Umständen
1816 3154 1962 3222 verdient.
