3436 4384
164 244 804 358 8. Freiwild
846 242 1258 331 box 14/3
820 1376 1756 1471 (Carl-Theater.), „Freiwild." Sauspier von Aaron
736 1433 905 1511 Schnitzlei
823 1462 1747 1529 Die Ghetto=Welt, in der man so gerne höchst coura¬
743 1515 1753 1576 girt Ohrfeigen, dann aber um keinen Preis Genugthuung
748 1562 1745 1620 geben möchte, hatte sich letzten Freitag wieder vollzählig
745 1593 1749 1647 im Circus Jauner versammelt, um sich an den Orfeigen,
745 1636 1748 1698 die der bedauernswerthe Officiers=Watschenmann Reusch
743 1670 1717 1730 auch diesmal über sich ergehen lassen mußte, zu ergötzen.
820 1698 1752 1762 Alle geborenen Duell=Gegner der Leopoldstadt
743 1748 1752 1799 waren da, um Aaron's Theorie vom Heroismus der
748 1785 1749 1835 Satisfactions=Verweigerung auf das wüthendste zu be¬
745 1828 1760 1880 klatschen, und dieselben Juden, die sich über die osprechung
744 1867 1747 1917 ihrer Satisfactionsfähigkeit durch die arische Studenten¬
752 1903 1752 1964 schaft so bitter kränkten, katschten sich die schmutzigen Hände
743 1942 1758 2001 wund, als Clown Klein, nachdem er den Clown Reusch
730 1985 1758 2034 abgewaschent hatte, großartig erklärte, er habe ganz einfach
745 2024 1761 2079 teine Lust, sich erschießen zu lassen und Reusch möge seine
748 2071 1645 2138 Wats nur ruhig behalten und nach Hause tragen.
844 2078 1758 2158 „Freiwild sollte eigentlich „Bekenntnisse
750 2138 1752 2197 einer feigen Judenseele" heißen, denn un¬
752 2174 1758 2232 verhüllter, dummer und brutaler sind niemals die Ge¬
757 2207 1758 2274 sinnungen der Indenschaft ausgesprochen worden und zumal
748 2253 1763 2306 der charakteristische Zug mit dem proponirten Schein=Duell
757 2294 1760 2353 läßt ungemein tief in die Judenseele blicken. Durch und
754 2332 1760 2387 durch ehrlos sein und doch satisfactionsfähig sein wollen,
757 2376 1770 2429 durch und durch feige sein sein und doch in Schein=Duellen
757 2415 1771 2473 eine Heldenrolle spielen wollen: das ist das hölzerne
763 2451 1770 2505 Eisen, das die Juden mit dem ganzen Aufwand ihrer
763 2502 1770 2555 talmudistischen Juden Casuistik so gerne darstellen möchten.
835 2527 1767 2593 Bei diesem unmöglichen Beginnen blamiren sich die
763 2564 1767 2627 Juden natürlich bis auf die Knochen. Selbst die schlitz¬
763 2605 1767 2670 äugigen, dunkellockigen Schönen Israels sahen bei der Erst¬
757 2638 1767 2701 aufführung ihre klatschenden Gatten und Brüder ziemlich
761 2684 1761 2748 verächtlich und die Officiere auf der Bühne und im Par¬
766 2723 1772 2782 quet ziemlich freundlich an; Blätter, die als ausgesprochene
763 2761 1788 2834 Studentenorgane dem Officier nicht sonderlich freundlich
1799 1357 2811 1440 gesinnt sind, haben ihrem Ekel gegen Aaron's Stück
1793 1415 2820 1475 kräftigen Ausdruck verliehen und sogar die Indenzeitungen.
1793 1463 2804 1512 die klügere Referenten als den Felix Salten und den Ehren¬
1802 1493 2809 1557 juden Chiavacci haben, lassen die krummen Judennasen
1802 1534 2702 1598 betrübt hängen ob der gräßlichen Blamage Aaron's.
1874 1597 2804 1656 Doch weniger von den Bekenntnissen und Anschauungen
1799 1649 2807 1706 einer feigen Judenseele über das Duell, als vom „Frei¬
1802 1690 2241 1757 wild“ wollten wir reden.
1880 1748 2818 1801 Wer ist das „Freiwild“ und wer die Jäger? Nach
1802 1788 2819 1843 der Meinung Aaron's sind Provinz=Schauspielerinnen das
1808 1826 2819 1885 „Freiwild“ und Officiere die Jäger. Nach dem Talmud
1798 1865 2813 1929 hingegen sind alle Nichtjuden das „Freiwild“ und
1799 1901 2816 1957 alle Juden sollen die auserwählten Jäger sein und das
1808 1942 2816 1994 Stück Aaron's selbst ist der beste Beweis dafür, indem der
1807 1980 2816 2043 Lieutenant Kazinski durch alle Phasen der Verzweiflung
1808 2020 2610 2089 gehetzt wird, bis er direct zum Mörder wird.
1862 2064 2816 2133 Was aber speciell die Frauen und die Frauenehre be¬
1811 2115 2818 2183 trifft, so ist noch niemals ein Officier in der Gerichtssaal¬
1808 2157 2818 2223 rubrik der Tagesblätter vorgekommen, während es darin
1817 2211 2818 2255 alltäglich von geilen Judenbuben wimmelt, die wegen Ehe¬
1817 2233 2822 2293 bruch Verführung, Nothzucht und anderen scheußlichen
1817 2275 2822 2329 Sittlichkeits-Delicten verurtheilt werden, und was kleinere
1813 2320 2827 2373 beleidigende Judenfrechheiten und Juden=Insulten geen
1811 2364 2830 2414 Frauen und Frauenehre anbelangt, da weiß der Wiener
1810 2391 2830 2450 ein Lied davon zu singen. Die Zeiten sind ja längst vorüber,
1811 2441 2827 2487 wo der Officier der „verfluchte Kerl war. Heute spielt den
1817 2478 2830 2529 „verfluchten Kerl ausschließlich der Juden jüngel und der
1811 2506 2839 2568 läufigste Judenbub betrachtet in Wirklichkeit jedes arische
1811 2546 2837 2607 Weib als sein „Freiwild. Das ist die thatsächliche
1811 2602 2632 2682 nüchterne Prosa zur Schnitzlerischen Phantasie.
