3344 4352
200 217 749 305 8. Freiwild
859 201 1289 314 box 14/4
1698 192 2551 332 Theater und Kunst.
1876 329 2428 432 Hinter den Kulissen.
1552 404 2753 467 Die Uraufführung von „Freien. — Die Schritten Gemeinde in
1552 465 2753 530 alten Griensteidl, — Theaterbeginn und Theaterschluß. — Export
1868 497 2423 569 von Stücken und Schauspielern,
1659 522 2758 609 Die Blütezeit der alten Stücke" ist gekommen. Unsere
1555 590 2760 651 Bühnenleiter graben mit geschäftskundiger Pietät erke von
1546 648 2760 700 gestern aus. Das Alte — das ist heute das Modernste, Sowohl
1499 698 2760 749 in der Kunst, wie auf dem Theater. Der Reiz des Neuen ist
1549 742 2760 793 überholt, der Reiz des Alten ist in unseren Tagen so viel
1552 785 2746 846 stärker. Und so gräbt Direktor Heine die reizend herbe „Candide
1546 841 2750 895 aus. Direktor Bernau hat Saltens „Gemeinen zum Bühnen¬
1546 876 2739 932 dasein verholfen, nächstens bringt er Dörmanns „Zimmerherren
1549 926 2750 994 Direktor Geyer hat den „Feldhenhügel aus seiner Zensurhaft
1543 977 2757 1055 befreit. Die „Weber“ werden wieder belebt. Mit einem Wort,
1543 1021 2752 1082 überall, an allen Ecken und Enden dramatische Auferstehung,
1552 1069 2753 1127 Fröhlichkeiten und Sentimentalitäten von einst steigen aus den
1555 1123 2477 1178 Gräbern — mitten hinein ins grelle Rampenlicht.
1659 1134 2750 1227 Jarno hat nun in der vorigen Woche Artur Schnitzlers
1557 1197 2753 1282 „Freiwild ausgegraben. Man kann auch sagen, wiederbelebt.
1546 1264 2757 1316 Vieles an dem Stücke ist jung geblieben. Anderes wieder ist
1546 1311 2757 1371 verstaubt. Aber es ist ein Staub der feinsten Sorte. Das
1555 1362 2749 1426 Duell ist wohl abgeschafft, aber was drum und dran, hat noch
1546 1407 2750 1456 immer Existenzberechtigung — am Theater. Alle diese ver¬
1549 1448 2746 1508 blaßten Feschitäten haben einen gewissen terarhistorischen leiz.
1552 1505 2750 1557 Eine Art Parfum der Verwesung strömt aus diesen
1538 1550 2750 1607 Szenen. Und wenn es schen Modert, dann modet es auf be¬
1543 1593 1777 1665 sondere Art.
1632 1613 2819 1706 Wie kühn hat dieses Bück einer Bemer¬
1546 1687 2760 1739 am Carl-Theater angemutet. Sie fand unter der
1546 1734 2757 1790 Direktion Jauner statt. „Freiwild"! Schon dieses damals
1543 1777 2757 1838 so kecke Wort lockte! Und der „Oberleutnant, dem ein
1543 1830 2749 1889 Schlag ins Gesicht versetzt wurde — wie wirkte dieser
1546 1881 2749 1931 Aktschluß! Heute haben die bunten Röcke Farbe gelassen, und
1541 1925 2753 1980 auch das füße Mädel ist nicht mehr so saß, wie
1541 1973 2758 2032 einst im Friedensmai. Nur der zweite Akt von „Freiwild" hat
1543 2019 2752 2079 sich unversehrt erhalten, er wirkte in seiner ganzen alten Frische.
1546 2073 2279 2150 Schon dialektisch ist er ein Meisterstück.
1653 2093 2760 2170 Nach der seinerzeitigen Premiere von „Freiwild saß eine
1543 2167 2752 2238 große literarische Gesellschaft im ehemaligen Café Griensteidl,
1546 2216 2755 2271 Hugo v. Hofmannsthal, Dr. Beer=Hoffmann, Hermann Bahr,
1538 2263 2752 2318 Max Burckhard und Karlweis. Man konstatierte damals, daß
1546 2310 2757 2362 die Wiener Dichter sich von der Wiener Literatur abzuwenden
1543 2357 2753 2414 beginnen, um wirkliche Theaterstücke zu schreiben. Artur Schnitzler
1544 2404 2750 2477 erklärte ganz ehrlich, daß er das Publikum packen wolle, packen
1543 2450 2752 2500 im Theatersinn. (Selbstverständlich mit vornehmen Mitteln, aber
1618 2499 2733 2557 starken.) Bahr schloß sich an, er schrieb das Tschapper
1546 2543 2747 2607 Burckhard brachte „'s Kather!“, Alle wollten plötzlich das große,
1538 2599 2747 2665 wirkliche Theater erobern. Und etwa zwanzig Jahre später haben
1538 2643 2456 2733 sie es dann doch mit der Literatur erobert...
1656 2691 1977 2771 „Anfang 5 Uhr.
1656 2736 1973 2805 „Anfang 6 Uhr.
1656 2785 1977 2856 „Anfang 7 Uhr.
1653 2810 2744 2889 So heißt es jetzt auf den Theaterzetteln. Der Beginn
1541 2862 2739 2941 der Vorstellungen ist zu einem brennenden Theaterproblem
1541 2933 2742 2989 geworden. Unsere Bühnenleiter kennen sich wegen Ansetzung des
1541 2981 2750 3036 Theateranfangs nicht mehr aus. Das wechselt von Woche zu
1532 3027 2741 3081 Woche. Zuerst hatte sich bereits 7 Uhr eingebürgert, nun wurde
1538 3071 2739 3131 wieder eine andere Stunde daraus. In letzter Zeit schwankte es
1539 3125 2736 3187 von neuem. Die Premieren längerer Stücke — man vermeidet
1541 3169 2736 3219 sie ja nach Möglichkeit und bevorzugt Stücke von kurzer Spiel¬
1532 3214 2736 3280 dauer — werden auf „5“ angesetzt. Das Publikum wird all¬
1538 3260 2739 3327 mählich nervös, denn auch die Theaterempfänglichkeit ist auf eine
1535 3316 2733 3376 bestimmte Stunde eingestellt. Deshalb kommt es jetzt häufig vor,
1539 3359 2739 3425 daß die Leute bei Stücken, die um 7 Uhr beginnen, schon um
1539 3411 2736 3472 ½7 Uhr da sind und umgekehrt. In beiden Fällen ärgern sich
1535 3452 2733 3505 die Beteiligten. Das Zufrühkommen ist unangenehm, denn man
1535 3504 2733 3563 kann die Zeit nur in einem Büsett verbringen, in dem
1532 3549 2733 3609 zumeist nur sehr teure Sachen zu haben sind. Durch's zu späte
1525 3598 2735 3662 Kommen kann man wieder bei Schwänken oft den einzigen Witz
1525 3650 2727 3699 des Stückes versäumen. Auch die Nachtmahlfrage spielt hiebei eine
1525 3692 2735 3754 große Rolle. Denn so mancher geht nur in's Theater, um sich
1528 3744 2730 3796 auf das — Nachtmahl freuen zu können. Ein kleiner Historiker
1528 3791 2727 3854 des Theaterbeginns weiß zu diesem Thema einige interessante Daten
1522 3826 2728 3895 beizusteuern. Im XVIII. Jahrhundert war in den Wiener
1525 3881 2727 3941 Theatern zwischen 5 und 6 Uhr die Stunde des Anfangs. Im
1522 3927 2731 3989 Burgtheater 8 Uhr. Auf einem Theaterzettel des Jahres 1816
1522 3974 1871 4043 heißt es wörtlich:
1642 4008 2719 4084 Wegen Länge des Stückes ist der Anfang um 6 Uhr.
1635 4077 2730 4142 Es handelte sich um die — „Räuber“. Kein Geringerer
1522 4128 2731 4175 als Ferdinand Raimund spielte damals — es war im Theater
