3344 4352
159 181 724 269 8. Freiwild
860 191 1277 293 box 14/4
373 608 1575 710 A vom 20. Oktober 19
369 698 1672 763 im Stadttheater wurde Artur Schnitzlers
1766 680 2492 774 wild gespielt. Welch
369 760 1421 829 Aufsehen hat diese Komödie einst
1738 771 2629 844 wurde der Autor von den
719 820 1426 893 Kreisen aufs Wern ge¬
1717 831 2548 904 immer bei einer nächsten
360 875 1469 962 keit das Preters verlustig gehen
1716 899 2769 961 Heute mutet uns der Stoff veral
489 940 1605 1025 sch kommt die dramatische Kraft de
1725 956 2542 1051 les in der vertrefflich
368 1000 659 1084 und der
768 1014 1325 1102 Bühne zur voll
1578 1411 2650 1489 le passieren können: in die Ferne zu rücken wie das
1578 1463 2642 1534 tum, mit dem er seine elegisch-schlamperten journalistischen
1578 1516 2642 1583 spust unterhielt und dessen Leitartikel- und Feuilleton¬
1578 1565 2645 1636 tiven sein Geist näher war, als den Grundwerken der Zeit.
1630 1615 2645 1675 Der Chronist Schnitzler war Nachfolger Bauernfelds.
1573 1659 2641 1722 be während dieser das Skelett seiner Gesellschaft prä¬
1562 1716 2642 1784 ariert hat, machte jener ein Muskelpräparat. Jeder Sehnen¬
1563 1758 2641 1821 rang, jede Ader des blühenden Leichnams galt ihm als kost¬
1558 1805 2642 1868 ar, dessen Verwesungsdunst sich mit dem Hauch des Wie¬
1552 1853 2645 1915 waldes berückend und bedeckend vermischte. Die Kunst,
1544 1897 2641 1960 die er an ihn wandte, war fertiger Balsam, nicht lösende
1537 1946 2649 2014 Säure. Da gibt es Kavallerieoffiziere, die ein Seelenleben
1544 2004 2644 2062 haben, Tennisspieler mit metaphysischem Einschlag, Ohr¬
1545 2054 2642 2111 feigen von Schopenhauerschwere, die ganze faulige, schwe¬
1534 2103 2654 2158 lende, in tausend Drecknuancen risterende Welt aus Gela¬
1534 2145 2642 2208 kine, die vor fünf Jahren auf das Tokenheit kam, um vor
1531 2195 2615 2250 einem Jahr zu verenden. Bei der Dienstags-Exhumierung
1533 2244 2642 2299 auf der Bühne rasselten Exemplare des Diplodocus Vindo¬
1541 2291 2645 2351 bonensis militana — wurde Schnitzlers Delikt sinnfällig:
1544 2341 2642 2398 Vorschubleistung durch Ernst. Wie beleidigend wirkt dieses
1537 2383 2642 2454 plüschüberzogene, unnahbar-saubere Deutsch, wie verdächtig
1537 2438 2649 2495 die aalglatte, sich mit Mut, überzeugung und Ingrimm nie
1531 2482 2647 2553 schmuhende Vornehmheit, die es ausprägt! (Herr Stephan Zweig,
1531 2535 2642 2598 der Selbstübersetzer — aus dem Französischen ist ähnlich¬
1534 2579 2658 2649 palizischen Geblütes.) Fall „Freiwild biete noch eine pri¬
1528 2632 2645 2689 date Enthüllung, daß, Schnitzler der Cottage Anzengruber ist.
1534 2683 2645 2743 Er schneidet mit grober Papierschere und füllt mit seiner Be¬
1531 2731 2642 2803 obachtung. Drei Akte — drei Detonationen, klatsch — Krach
1534 2783 2286 2864 — Baum. Das Publikum schnappt ein.
1541 2829 2636 2929 Die Darstellung zeigte Schnitzlers Welt — unüber¬
1523 2911 2641 2971 zogen. Es war, als ob unter den Füßen der Gestalten der
1520 2966 2641 3028 unerläßliche Teppich fehle und Staub an ihren Gewändern
1528 3003 2645 3065 klebe. Herr Strobl als Oberleutnant war stark Reserve.
1534 3057 2652 3115 Figur und Haltung erinnerten, se oft das Wort „Codex laut
1534 3104 2642 3175 wurde, daran, daß es sich reimt. Herr Jeska hat etwas von
687 3101 1189 3206 Die Schnitzler=Welt.
1536 3156 2642 3216 Kutscheras Handschlag= und Händedrich Wage. Er ist vor¬
379 3172 1482 3277 ein von Arthur Schnitzler. Aufführung an
1534 3201 2644 3268 läufig sehr aufrichtig. Ob 11. das etwas angeht, wird sich
747 3246 1128 3323 Stadttheater.
1537 3253 2642 3321 zeigen. Fräulein Rosenquista Anna zweig, sinnig, minnig
1534 3302 2642 3368 wie die Illustration aus einem deutscher Mädchenbuch. Wer
471 3297 1486 3366 Der Jahrgang 1000 der „Neuen Freien Presse kann
1534 3350 2645 3408 aber war der Plukolo, der den eingetrichterten Auftrag mit
373 3355 1487 3415 ich vergibt sein, als dieses mit ihm identische Stück. Kein
1541 3392 2642 3459 seinen kolos=gehorsamen als entgegennahm. Er wird es
382 3405 1486 3459 Wunder — da sein Autor doch selbst ein Bestandteil jenes
1541 3444 2641 3524 noch auf der Bühne bis zum Zahlmarker oder im Nachtschäft
373 3455 1490 3528 Jahres war, zu ihm gehörte wie „Venedig in Wien und die
2354 3496 2610 3574 Anton Kuh,
1533 3498 2116 3583 dis zum Mitterburger bringen,
376 3499 1503 3598 Odilon Dem Chronisten geschieht, was einem Dichter nie
622 3570 1171 3773 a
577 3755 867 3857 200Kr.1919
475 3833 1507 3956 Der Morgen Wien
