3436 4384
177 133 289 213 8.
865 109 1276 201 box 14/3
444 124 649 198 il
331 1324 1066 1396 Arthur Schnitzler is known to the audiences
319 1395 1063 1434 of the Irving Place Theatre through a cham¬
316 1430 1074 1469 ing play of Viennes life. "Flirtation," acted
310 1461 1067 1517 here two years ago by Agnes Sorma. That told
313 1505 1066 1543 the story of a young girl who loved an officer,
313 1536 1066 1577 led him into a duel through her affection for
313 1577 1061 1615 him, and finally killed herself on his grave.
316 1613 1069 1657 This episode was revealed with so much na¬
316 1650 1069 1693 uralness, with such truth in its pathos and
316 1686 1066 1727 such freshness in its humor that its author
316 1721 1066 1766 seemed a figure to be reckoned with among the
313 1761 1054 1803 contemporary German dramatista. His sty
322 1793 1069 1834 seemed wholly his own. He treated in that
316 1829 1075 1880 play one of the glory themes that at at the
322 1865 1066 1908 younger German writers for the stage. But
316 1902 1069 1940 his touch seemed lighter than that of his con¬
316 1939 1066 1987 temporares, his imagination had a poetic char¬
319 1974 1071 2019 acter which most of the lack, and his humor
319 2013 1063 2052 had a delicacy that for them have shown.
319 2049 1066 2115 So another play from him was to be awaited
322 2084 541 2136 with interest.
343 2122 1067 2173 When it can there were few traces of the
316 2146 1069 2207 author who introduced here in this de¬
313 2192 1071 2241 lightful come onnes manner. Herr
310 2225 1067 2272 Schnitzler appear interested the peo¬
313 2265 1066 2308 ple of the stage as well as in the duel. Both of
316 2298 1063 2347 these were suggest in Flitation." They
316 2340 1054 2399 were the dominant factors in Freiwild,
319 2377 1071 2439 which the company at the Irving Place Thea¬
316 2411 1063 2462 tre acted last night. The heroine of this
328 2445 1066 2489 was an acres insulted by an officer
322 2480 1063 2524 in the army and defended by her lover, who
331 2515 1063 2550 struck him in the face for his words about her.
340 2545 1063 2579 here the action of play began, and for
322 2572 1063 2605 that matter ondet. During the rest of it the
322 2599 1063 2632 right and wrong of delling its necessity as a
322 2624 1061 2660 means of preserving honor and its importance
319 2657 1061 2687 when the man who made the assault was
322 2681 1063 2716 satisfied, these were the questions which the
316 2708 1063 2741 characters in the play discussed until the au¬
318 2741 1054 2796 dience was bore tinction and sick ofte
322 2761 454 2800 subject.
352 2769 1054 2826 It was at the piece took this tur, fo¬
322 2811 1063 2851 it had begun with quant scene of theorical
316 2845 1054 2877 life which promised be delightful. The mili¬
319 2871 1057 2907 tary element was also attractively introduced
322 2901 1061 2932 With the end of the first act all this came to an
313 2925 1057 2958 end, however, and the was nothing
322 2954 1061 2983 than the discussion of the possible duel,
319 2980 1061 3014 It came in the last act and murdered
322 3009 1057 3042 the hero. But it had killed the play
322 3036 1054 3070 long before that. Its interest in a country
319 3063 1063 3094 where duelling is a social institution might
322 3087 1061 3122 be comprehensible. Herr Schnitzler's first
328 3120 1051 3149 play seen here was rather local in interest
316 3144 1063 3177 But its thesis, that a man should not trife with
316 3173 1052 3207 a girl who is his social inferior, had a more uni¬
322 3197 1057 3232 versal interest. There was too little of the
316 3210 1061 3258 skilled dramatist about “Freiweld. The au¬
322 3252 1063 3287 to showed to plainly his contempt for the
313 3281 1061 3315 customary technique. This defect was aggra¬
316 3304 1063 3335 vated by the fault of clumsy stage manage¬
319 3334 1054 3388 ment rare, indeed, at the Irving Place That¬
560 3387 834 3465 THE OPERA.
2109 216 2403 315 Telefon 12801.
1980 332 2708 407 men für Zeitungs-Ausschnitte.
1969 385 2535 505 „OBSERVER
1917 505 2794 561 incess. Bureau für Zeitungsberichte und Personaln
1925 563 2690 666 en, IX/1 Türkenstrasse 17.
1941 645 2766 714 in Budapest: „Figyelö, VIII. Josefsring 31 a. —
2105 716 2805 839 nen ja
2229 857 2678 967 Ve¬
1970 1032 2677 1198 New Yorker Spaziergänge.
2018 1206 2678 1299 Es war wirklich durchaus kein
1976 1268 2680 1343 Jagdwetter gestern; unten die schmel¬
1980 1324 2682 1407 zende Schneebrühe und von oben der
1973 1374 2693 1455 nasse Segen — da giebt kein Waid¬
1976 1428 2689 1515 mannsheil, und in der 14. Straße
1984 1485 2692 1562 sah es denn auch am Abende so de
1973 1534 2688 1609 aus, daß selbst die kühnsten Jäger
1982 1606 2686 1671 schleunigst bei Lüch w oder bei Kerler,
1976 1655 2688 1719 dem Columbusbier=Nachfolger Ernst
1980 1699 2678 1790 Wiehls, wo es warm und gemüthlich
1973 1755 2688 1821 war, untertauchten. Das Freiwild
1978 1806 2693 1886 hatte sich zwischen beiden getheilt, zu
1981 1869 2684 1952 dem biederen Bajuvaren Kerler waren
1980 1923 2688 2004 Leona Bergère mit ihrem Gatten
1980 1983 2686 2049 Horsky, der Paul Weigel, welcher sich
1978 2038 2690 2107 von den Ledigen Leuten erholt zu ha¬
1982 2086 2694 2166 ben scheint, und andere Stützen des
1980 2151 2689 2221 Germania. Ensembles gewandert,
1980 2195 2700 2268 und bei dem schönen August saßen Ju¬
1988 2244 2698 2304 lius Strobl und Willy Faber so ver¬
1982 2310 2763 2358 gnügt beisammen, daß man dem letz¬.50
1982 2353 2753 2400 teren wirklich nicht mehr ansah, wie¬
1988 2391 2754 2440 ihn eine halbe Stunde vorher der er¬
1994 2428 2751 2491 stere mitten durch's Herzchen geschof¬
1992 2490 2686 2534 sen hatte. Und die Kameraden vom
1956 2512 2772 2583 ment, der Jaques Howitz und dersel¬
2699 2548 2775 2600 auch
1964 2567 2688 2623 Rudolf Senius, der als Husarenlieu¬
1982 2610 2687 2677 tenant ganz besonden verführerisch
1985 2658 2688 2727 ausgesehen hatte, sowie Othello Han¬
1985 2705 2691 2766 no, der Baron von Seiffertitz, nicht
1981 2748 2693 2808 weit davon die niedliche Ora d'Estree
1988 2798 2692 2849 und die Gussie Fränkel — aber ohne
1985 2845 2696 2921 den Spitzenvorhang, den sie an dem
1992 2887 2689 2952 Stücke trug lieferten zusammen
1985 2932 2688 2993 mit jenen den Beweis, daß ihr Direk¬
1982 2979 2691 3041 sie nicht auf halbe Sage gesetzt
1980 3033 2103 3097 hatte.
2033 3062 2717 3133 Ueberhaupt — wem's gestern im
1988 3122 2705 3191 Irving Place Theater nicht klar ge¬
1985 3170 2701 3226 worden ist, daß wir Wilde doch bessere
1988 3216 2693 3273 Menschen sind, dem kann ich nicht hel¬
1994 3263 2698 3330 fen. Es sollte sich nur mal Jemand
1993 3301 2700 3364 erlauben, zum Beispiel unsere Eugenie
1997 3349 2687 3417 Schmitz für Freiwild zu halten und
2000 3396 2700 3457 sie zu einem mitternächtlichen Cham¬
1997 3435 2700 3496 pagner=Supper einladen — na, zum
2000 3489 2699 3545 zweiten Male würde er es nicht thun.
1992 3533 2703 3592 Oder die Pauline Hall, welche jetzt
1994 3583 2700 3639 grade bei Hyde und Behman die schön¬
1994 3633 2698 3684 sten Jugenderinnerungen wachruft.
2000 3669 2699 3726 Nein, so etwas thun sie nicht, unsere
1997 3710 2700 3768 Bühnengrößen, und selbst die kleinsten
2000 3760 2699 3815 Chormädel, deren schöne Beine nicht
2000 3805 2693 3858 im Hintergrunde zu verkümmern
1997 3847 2706 3909 brauchen, ziehen einen soliden älteren
1997 3894 2702 3959 Herrn aus Wallstreet jeglichem jungen
2006 3941 2404 4004 Hero aus Manila vor.
2038 3975 2703 4033 Abgesehen davon, lassen sich aber
1997 4031 2703 4088 auch die sämmtlichen österreichischen
