3484 4256
967 143 1377 251 box 14/4
275 153 823 265 8. Freiwild
456 609 782 719 n
946 977 1307 1072 Telephon 12801.
576 1049 1665 1157 Alex. Weigls Unternehmen für Zeitungs-Ausschnitte
779 1124 1501 1265 R
585 1268 1675 1325 I. österr. behördl. konz. Bureau für Zeitungsberichte u. Personalnachrichten
771 1318 1503 1414 Wien, I., Concordiaplatz 4.
1004 1388 1270 1450 Vertretungen
588 1404 1672 1492 in Berlin, Budapest, Chicago, Genf, London, New-York,
580 1489 1675 1543 Paris, Rom, Mailand, Stockholm, Christiania, St. Petersburg.
863 1526 1402 1607 (Quellenangabe ohne Gewähr.)
588 1606 1683 1708 Ausschnitt aberliner Börsencourier
588 1718 758 1800 vom
941 1711 1202 1835 29
633 1867 1586 1958 Aus Wien telegraphiert unser Korrespondent,
569 1948 1575 1998 Schnitzlers „Freiwild“, welches vor fünf
571 1988 1578 2038 Jahren im Carl-Theater ausgeführt wurde, feierte
571 2030 1578 2087 heute in der scharf herausgearbeiteten, packenden Auf¬
577 2072 1579 2127 führung des Volkstheaters seine Auferstehung, offen¬
569 2115 1581 2159 har auch infolge seiner Aktualität hinsichtlich der Anti¬
571 2149 1578 2207 duellbewegung. Die spannende Entwicklung fesselte,
570 2202 1578 2246 während schließlich die Wirkung, je mehr das Werk
569 2239 1578 2285 theatralisch wird, merklich nachließ. Kramer und
569 2274 1578 2330 Kutschera zeichneten als die beiden Gegner lebensvolle
580 2318 1583 2363 Charaktere, Frl. Er fand die innigsten Töne für die
577 2351 1596 2436 Schauspielerin. Schnitzler wurde mit den Darstellern
571 2398 966 2478 einige Male gerufen.
2263 917 2626 1033 Telephon 1149.
1770 929 2078 1040 Schuhe
1899 1008 2993 1096 Alex. Weigls Unternehmen für Zeitungs-Ausschnitte
1908 1209 2996 1283 österr. behördl. konz. Bureau für Zeitungsberichte u. Personalnachrichten
2093 1289 2823 1376 Wien, 1., Concordiaplatz 4.
2319 1350 2580 1421 Vertretungen
1902 1388 2989 1458 in Berlin, Budapest, Chicago, Genf, London, New-York,
1905 1447 2987 1509 Paris, Rom, Mailand, Stockholm, Christiania, St. Petersburg.
2179 1491 2712 1576 (Quellenangabe ohne Gewähr.)
1905 1579 2371 1658 Ausschnitt aus:
2125 1659 3150 1762 31. Wiener Allgemeine Zeitung
1908 1684 2071 1763 vom
1880 1842 3003 1937 Theater, Kunst und Literatur.
2569 1912 2962 2000 Wien, 30. Januar.
1880 1943 2993 2052 Deutsches Volkstheater) Arthur Schnitzlers
1878 2027 3001 2111 Freiwild, von einer Aufführung, die vor acht Jahren im
1884 2075 3000 2151 Carl-Theater stattfand, in Wien bekannt, übersiedelte gestern ins
1887 2124 2998 2198 Deutsche Volkstheater und errang auch hier einen warmen Er¬
1891 2173 3008 2249 folg. In „Freiwild" läßt die Tendenz Schnitzlers starke dichte¬
1880 2219 3004 2299 rische Begabung nicht zu voller Entfaltung gelangen. Der erste
1887 2274 3007 2347 Act ist das Werk eines unbefangenen, scharf und lebendig be¬
1891 2319 3011 2386 obachtenden Dramatikers, der das allerdings sehr tiefliegende
1887 2378 3011 2451 Niveau der von ihm geschilderten Gesellschaft mit durchdringendem
1891 2427 3017 2493 Blick übersieht, Charaktere mit sicheren Strichen vor Augen zu
1896 2473 3012 2545 führen und die Reibung bis zur Entladung des Conflicts mit
1887 2516 3010 2589 unfehlbarem Theatergeschick zu steigern versteht. Auf den Fort¬
1896 2565 3012 2645 gang der Handlung senken sich die Nebel doctrinärer Absicht.
1895 2621 3012 2702 Die Hauptfiguren ergrauen und verschrumpfen in der Erörte¬
1896 2663 3012 2729 rung der Duellfrage. Die Handlung wird mit anscheinend uner¬
1894 2706 3017 2796 bittlicher Folgerichtigkeit zu Ende geführt, der Ausgang stimmt
1896 2765 3014 2840 wie das Resultat einer richtig angesetzten Gleichung. Aber wohl
1896 2813 3012 2888 Jeder hat die Empfindung, daß hier einer organischen Function
1896 2859 3011 2935 eine maschinelle unterschoben wird. Die tiefliegende Duellkrank¬
1899 2916 3022 2987 heit kann durch rationalistische Reden nicht beseitigt werden. Hier
1899 2958 3004 3034 ist mit mehr als einer Unbekannten zu rechnen. Die Aufführung
1896 3005 3019 3074 im Deutschen Volkstheater war eine durchaus befriedigende und
1902 3069 3018 3119 errang dem Stück Schnitzlers einen lebhaften Erfolg. Herr
1898 3106 3017 3178 Kutschera setzte seine männlich sympathische Art für den Anti¬
1899 3153 3017 3229 duellmann Rönning ein. Lieutenant Karinski, eine vortrefflich
1905 3217 3024 3269 beobachtete Figur, die bis zum Schlusse lebendig bleibt, wurde
1905 3251 3019 3328 von Herrn Kramer charakteristisch und temperamentvoll ge¬
1906 3297 3022 3380 geben. Herr Richter Roland als Duellgiger war sehr er¬
1905 3356 3024 3420 götzlich. Die Herren Tewele, Meixner und Czasta und
1905 3396 3026 3464 Frau Glöckner stellten das Milieu einer Sommertheater¬
1902 3453 3029 3530 schmiere mit gewohnter Geschicklichkeit her. Einen besonders sym¬
1905 3495 3025 3574 pathischen Ton von specifisch österreichischem Feinheitsgehalt schlug
2865 3544 2987 3598 G. S.
1908 3561 2725 3632 Herr Jensen als Lieutenant Rohnstedt an.
