3108 4256
182 182 304 270 8.
333 165 706 294 Freiwild
886 172 1288 266 box 14/3
2599 170 3095 240 Fremden Bla
1503 175 1681 244 Nr. 35.
1992 168 2322 251 Wien, Samstag
2892 299 3076 366 mittwoch
1810 290 2523 398 Theater und Kunst.
2896 350 3095 416 Methusale
2894 402 3092 464 eine recht
1592 381 2844 462 (Carl-Theater.) Das Schauspiel „Freiwild von Arthur
2894 448 3081 507 und Jos
1477 453 2846 503 Schnitzler hat gestern beim Wiener Publikum eine lebhafte, sehr
2892 496 3062 555 Idee des
1489 498 2846 563 freundliche Aufnahme gefunden, obgleich seine Thesen oft Widerspruch
2896 544 3061 618 einer F
1477 548 2849 603 hervorriefen. Sie betreffen, wie wir als bekannt voraussetzen dürfen,
2894 589 3043 647 alten
1479 596 2842 647 das Duell. Denn „Freiwild war schon vor seiner allerersten Auf¬
2892 637 3033 699 Vorwu
1489 644 2846 697 führung in Deutschland dadurch berühmt geworden, daß es die Wirk¬
2894 682 3031 742 blut,
1474 685 2851 744 lichkeit ziemlich genau nach dem noch unaufgeführten, aber bereits
2894 728 3011 788 Publi¬
1489 733 2849 797 fertigen Schnitzler'schen Manuskript empfunden hatte; damals spielte der
2894 776 2997 836 Auch
1477 783 2849 836 parlamentsbekannte Lieutenant v. Brüsewitz die aktive Hauptrolle: Einen
2899 826 2985 883 ihre
1482 833 2842 886 Offizier, der Denjenigen einfach niedermacht, der ihn beleidigt und die
2897 871 3000 929 stürn
1477 876 2846 933 geforderte Genugthuung schlankweg verweigert hat. Ueber die Unsitte
2894 919 2988 977 Fra¬
1474 927 2849 982 des Duells wollen wir mit Herrn Paul Rönning — so heißt der
2894 967 2987 1022 die
1482 972 2837 1029 leidende Held des Stückes — nicht rechten; denn er ist ein durchan¬
2896 1008 2980 1073 Frä
1482 1020 2842 1077 schrullenhafter Mann. Weit entfernt, feig zu sein, oder von solcher
2892 1061 2985 1122 und
1477 1068 2849 1122 Weltverachtung, daß es ihm gleichgiltig wäre, für feig gehalten zu
2894 1106 2983 1166 richt
1474 1115 2846 1168 werden, läßt er sich von dem beleidigten Offizier lieber auf der Straß¬
2894 1154 2978 1213 vor
1474 1159 2846 1218 niederschießen, bei einer Begegnung, die er voraussehen muß, als daß
2897 1201 2983 1261 schu
1477 1204 2849 1262 er ihm im Zweikampfe mit der Waffe in der Hand entgegenträte.
2889 1249 2990 1307 Leist
1479 1254 2851 1305 Paul Rönning spricht allerhand sehr vernünftige Sätze über
2894 1297 2973 1371 mit
1477 1297 2846 1350 das Ungeheuerliche des Duells, die alle aus dem Munde
1479 1347 2846 1408 eines gereiften Mannes wahrhaftig klingen und Wirkung üben, nicht
1477 1403 2210 1460 aber aus dem eines jungen Menschen
2255 1389 2846 1458 der soeben einen Offizier be¬
2889 1408 2985 1472 und
1486 1441 2846 1505 schimpft und noch dazu thätlich beschimpft hat, weil er sich gegen eine
2891 1453 2985 1515 trau¬
1482 1487 2839 1539 anständige Schauspielerin rüde benommen und unanständig über sie ge¬
2892 1506 2985 1565 darf
1491 1537 2846 1604 sprochen hatte. Ein solcher Mann muß eben die ritterlichen Konsequenzen
2891 1556 2985 1609 oder
2327 1580 2846 1644 unser Mitleid verwirkt.
1491 1580 2193 1644 seiner That tragen, sonst hat
2889 1604 2982 1657 einer
1486 1609 2846 1680 Und das ist nach der alten klassischen Lehre für einen dramatischen
2889 1647 2983 1705 gesch.
1486 1678 2841 1733 Helden eine sehr schlechte Eigenschaft. Paul Rönning, der den Muth
2889 1693 2970 1754 ein
1486 1719 2846 1776 besitzt, sich wehrlos niederschießen zu lassen, nur um sich nicht duelliren
1482 1772 2834 1834 zu müssen, stirbt wie jener Matrose, der sich mit dem Rufe: „Ich
1498 1812 2844 1874 sterbe für den General Jackson!" vom höchsten Mast ins Meer
1498 1867 2844 1925 stürzt. Es ist doch gar nicht wahr! Gerade der Tod Rönning's hat
1479 1913 2842 1967 uns nichts gegen das Duel bewiesen; im Gegentheile! Es wird uns
1482 1958 2837 2009 von menschlichem Standpunkte des Offiziers geradezu als das Unver¬
1482 2003 2842 2058 meidliche dargestellt; ja es erscheint uns sogar als die zivilisirte Form
1482 2052 2849 2104 der Rache für angethanen Schimpf. Denn das, was der beschimpfte
1479 2095 2750 2161 Lieutenant Karinski gethan hat, ist doch noch viel, viel trauriger,
1479 2150 2748 2210 das traurige Duell. Wenden wir uns von der ernsten Tendenz
1482 2193 2849 2245 Stückes ab zu dem heiteren Milien, aus dem sie entquillt, so können wir
1482 2234 2842 2295 nur aus vollem Herzen loben. Schnitzler zeigt uns nämlich nicht nur
1479 2289 2842 2344 die erwähnte anständige Schauspielerin, sondern führt uns auch ihre
1479 2334 2851 2394 unanständigen Kolleginnen, ihre Kollegen und den Direktor vor, wie
1489 2380 2851 2442 sie sich an Sommerbühnen zusammenfinden. Und dieser Theil des
1486 2423 2846 2480 Stückes — er umfaßt den ersten Akt beinahe ganz und spielt
1486 2477 2842 2533 dann in den letzten, dritten — ist glänzend gelungen. Welch
1486 2521 2841 2576 köstliches Komödiantenstück! Der Sommerdirektor, der die hungernden
1479 2573 2851 2629 Chorherren entlassen und sämmtliche Rollen nur mehr durch Damen
1482 2616 2849 2672 darstellen lassen will, die Trikots gut kleiden, der eine tüchtige brave
1479 2666 2842 2717 Schauspielerin entläßt, weil sie keine Kavaliere ins Haus zieht," weil
1482 2708 2849 2772 sie „mit dem Publikum unliebenswürdig ist, ferner der stets traurige
1479 2760 2851 2829 Komiker, der seine fortwährend ungetreue Engagementsgenossin und
1479 2808 2817 2858 Geliebte, die Soubrette des Theaters, entweder todtschießen oder -
1479 2848 2851 2908 heiraten will, der Kassier, der das gemüthliche Gewissen des Direktors
1482 2896 2849 2959 darstellt, alle diese Figuren sind mit trefflicherem, satirischem
1479 2947 2846 3009 Witz gezeichnet; auch jenes Herrenpublikum, welches das Theater
1491 2990 2834 3055 „Wurstel“ nennt und nur angeregt ist, wenn recht viele „Mädeln
1486 3042 2851 3093 auftreten, kriegt seinen Theil ab. Der Lieutenant Vogel (von Herrn
1482 3088 2849 3145 Blum sympathisch gegeben) ist der Typus dieser Habitués; übrigens
1479 3133 2846 3186 ist er ein sehr guter, junger Mensch, nur magyarembert er in seiner
1479 3183 2851 3234 deutschen Generalstabsuniform auffallend stark, womit offenbar an¬
1489 3224 2853 3282 gedeutet werden soll, daß das Stück in — Deutschland spielt. Die
1482 3270 2851 3329 Darstellung der männlichen Rollen war trefflich. Herr Reusch stand
1482 3322 2846 3380 als Lieutenant Karinski obenan: derlei spielt ihm in Wien Niemand
1479 3365 2851 3416 nach. Herr Klein gab den Rönning mit all der Freudigkeit am
1482 3416 2846 3473 Lebensgenuß und aller Männlichkeit, die dieser Duellfeind vereinigt,
1479 3462 2846 3511 eine durchaus abgetönte Leistung. Tewele war der praktische Direktor
1479 3505 2851 3562 des sommerlichen „Kunstinstitutes, eine gesunde komische Charge. Die
1479 3555 2842 3603 Herren Czasta, Natzler, Worms und Petza, sowie das tempe¬
1486 3593 2851 3665 ramentvolle Fräulein Glümer bildeten sein originelles Künstler¬
1479 3646 2846 3699 ensemble. Herr Martin zeigte sich in einer größeren Nebenrolle
1489 3696 2846 3748 als Darsteller von Geschmack und Verständniß, Herr Meyer¬
1480 3746 2849 3803 Eigen verkörpert als Rittmeister Rohnstadt eine überaus sympathische
1479 3789 2837 3840 männliche Gestalt. Herr Korff war sozusagen ein „Duell Giger!"
1479 3825 2842 3887 man lachte viel über ihn. Frl. Sangora, die naive Naire de¬
1479 3876 2839 3938 Sommertheaters, war diesmal zu schwach. Sie hat zu schöne, heiter
1482 3928 2846 3983 weiße Zähne und schließt die kleinen, runden Lippen nie. In Folge
1482 3978 2849 4058 dessen glaubt man immer, daß Frl. Sangora lacht, während sie doch
1482 4022 1750 4103 weinen sollte.
