3436 4256
261 194 374 288 8.
409 191 558 263 Fre
691 190 790 262 d
960 173 1356 271 box 14/4
1897 137 2828 208 „A préda". (Freiwild.) Schauspiel in
1814 191 2830 270 Aufzügen von Arthur Schnitzler, über¬
1825 245 2832 310 setzt von E. Salgo. Ein altes Stück Schnitz¬
1831 298 2828 359 lers, aus der Zeit, da die Militärstücke auf der
1830 344 2832 409 Tagesordnung waren. Heute ist so das Stück
1829 396 2833 463 als literarisches Produkt, wie auch das darin
1831 438 2835 509 behandelte Problem überwunden. Schnitz¬
1834 484 2832 556 ler hat die breite Landstraße der schablonen¬
1829 536 2831 607 haften dramatischen Probleme verlassen und
1829 581 2837 650 wandelt einsamere, aber interessantere Wege
1829 636 2842 693 und Stege. Das Problem, welches das Leit¬
1838 689 2846 747 motiv des Werkes bildet, ist seit fünfzehn Jah¬
1838 743 2854 793 ren auch schon in die Rumpelkammer abgeleg¬
1843 783 2873 857 ter theatralischer Requisiten gelangt. Es ist
1845 828 2860 917 nämlich das Duell, welches zum wiederhol¬
1856 947 2859 1002 tenmale dramatisch behandelt wird. Natür¬
1852 1001 2866 1050 lich entsteht diese sogenannte Ehrenassäre zwi¬
1858 1040 2862 1101 schen Zivil und Militär, denn so ist der Kon¬
1852 1095 2855 1151 trast schärfer, auch kann das Stück so auf die
1856 1142 2850 1191 Sympathie der Zivil= wie auch der Militär¬
1854 1189 2859 1252 kreise rechnen. Das ist nur so möglich, daß
1852 1231 2855 1293 der Verfasser das Problem ungelöst läßt, wie
1856 1289 2853 1342 dasselbe auch derzeit bei uns nicht durch Bel¬
1858 1331 2859 1389 letristen, sondern einzig und allein durch un¬
1858 1385 2859 1439 sere Armeeleitung gelöst werden kann. „Frei¬
1856 1431 2859 1489 wild" heißt das Stück, weil der Ausgangs¬
1852 1478 2868 1537 punkt der Handlung eine Schauspielerin ist,
1856 1530 2863 1587 die als solche von gewissen Kreisen als mo¬
1858 1575 2872 1638 ralisches Freiwild betrachtet wird. Mit diesem
1859 1626 2864 1686 Motiv rollt Schnitzler eine andere soziale
1863 1676 2862 1728 Frage, das Problem der gesellschaflichen Stel¬
1858 1721 2872 1796 lung des alleinstehenden Weibes auf. Er rollt
1859 1773 2875 1835 sie aber eben so schnell wieder zu, diese Frage,
1858 1821 2873 1868 nachdem er uns die Geschwüre derselben ge¬
1858 1876 2872 1926 zeigt (und zwar sehr anschaulich), ohne an
1861 1917 2864 1974 dieselbe behufs Lösung Hand angelegt zu
1858 1963 2868 2023 haben. Als Opfer dieser unlösbaren Fragen
1867 2017 2871 2080 fallen drei Menschen, die mit ihrem Ruin
1861 2068 2864 2115 einen Beweis für die Unhaltbarkeit mancher
1861 2111 2868 2170 Anschauungen liefern müssen. Demgemäß
1858 2164 2873 2213 kann Schnitzlers Werk absolut nicht als
1865 2213 2872 2263 ein neuer literarischer Wert betrachtet wer¬
1861 2262 2871 2308 den. Gewisse Vorzüge sind aber nicht abzu¬
1867 2312 2871 2370 leugnen. Schon in diesem Werke zeigt sich
1865 2359 2878 2421 seine Begabung für die Seelenanalyse. Sein
1861 2411 2871 2461 Oberleutnant „Karinsky" ist ein Mensch von
1865 2461 2862 2520 Fleisch und Blut, und jeder von uns begeg¬
1865 2503 2859 2560 nete schon in seinem Leben einen „Karinsky
1867 2555 2864 2615 Die anderen zwei Hauptgestalten, der Maler
1858 2602 2866 2661 „Röhning" und die Schauspielerin „Anna
1865 2651 2872 2715 Riedel“ sind etwas zu skizzenhaft, zu silhouet¬
1865 2707 2868 2758 tenartig. Dagegen hat er einige sehr gelungene
1874 2752 2877 2803 Episodengestalten gezeichnet. Sein Dialog be¬
1874 2803 2881 2859 sitzt noch nicht die Schärfe und Pointe der
1870 2848 2868 2896 neueren Schnitzler=Stücke, folglich wird er
1876 2895 2877 2952 stellenweise ermüdend. Im großen ganzen ist
1868 2949 2876 3015 das Stück aber ganz interessant und sein zwei¬
1863 2993 2873 3057 ter Akt verdient gesehen, respektive gehört zu
1863 3043 2853 3107 werden. — Die Darstellung war etwas schlaff
1865 3092 2873 3148 wir entbehrten den frischen Zug, das Tempo,
1865 3143 2873 3201 an welches wir heuer vom Parlando=Ensemble
1874 3193 2875 3246 gewohnt waren. Von den drei Hauptgestalten
2797 3242 2877 3301 am
1867 3239 2718 3296 hätte uns Herr Ladányi („Röhning
1865 3291 2878 3344 besten gefallen, wenn er seine Rolle besser me¬
1876 3337 2871 3387 moriert hätte. Frau Harmath („Anna
1865 3383 2872 3439 Riedel") prägte die Einfärbigkeit ihrer Ge¬
1879 3434 2877 3491 stalt durch ihre übertriebene Märtyrerhaftig¬
1874 3484 2877 3535 keit noch mehr heraus. Wir glauben, daß ein¬
1876 3527 2880 3593 solche Jammerpepi, wie sie dieselbe spielte,
1867 3580 2875 3634 nicht so lange fest und standhaft könnte blei¬
1876 3628 2880 3688 ben. Dazu gehört etwas Energie und überzeu¬
1874 3680 2881 3732 gung, und das sahen wir in ihrem Spiel nicht.
1874 3726 2864 3782 Herr Deréki als Oberleutnant „Korinski
1865 3766 2878 3841 war nicht schlecht; nicht mehr und nicht weni¬
1876 3824 2873 3881 ger. Die Kleineren= und Episodenrollen wur¬
1874 3867 2881 3923 den mit Liebe, teilweise mit übertriebener
2702 3921 2882 3982 — Das
1870 3914 2668 3975 Liebe (Frau Szétely) behandelt.
2697 3969 2880 4048 S. J.
1865 3967 2449 4044 Haus war mäßig besucht.
