<?xml version="1.0" encoding="UTF-8" standalone="yes"?>
<PcGts xmlns="http://schema.primaresearch.org/PAGE/gts/pagecontent/2013-07-15" xmlns:xsi="http://www.w3.org/2001/XMLSchema-instance" xsi:schemaLocation="http://schema.primaresearch.org/PAGE/gts/pagecontent/2013-07-15 http://schema.primaresearch.org/PAGE/gts/pagecontent/2013-07-15/pagecontent.xsd">
    <Metadata>
        <Creator>prov=READ-COOP:name=PyLaia@TranskribusPlatform:version=2.12.1:model_id=39995:lm=provided:date=28_03_2024_21:33</Creator>
        <Created>2019-10-07T11:50:15.328+02:00</Created>
        <LastChange>2024-03-28T21:33:18.156+01:00</LastChange>
        <TranskribusMetadata docId="223990" pageId="9505698" pageNr="417" tsid="156390743" status="IN_PROGRESS" userId="40391" imgUrl="https://files.transkribus.eu/Get?id=OPNQYLORSJPCUBIPFFXSBCZS&amp;fileType=view" xmlUrl="https://files.transkribus.eu/Get?id=RQSBJWAMFYIJWQEYYDZHZWVA" imageId="6195912"/>
    </Metadata>
    <Page imageFilename="223990_0417.jpeg" imageWidth="3344" imageHeight="4352">
        <ReadingOrder>
            <OrderedGroup id="ro_1712662632382" caption="Regions reading order">
                <RegionRefIndexed index="0" regionRef="tr_1"/>
            </OrderedGroup>
        </ReadingOrder>
        <TextRegion orientation="0.0" id="tr_1" custom="readingOrder {index:0;}">
            <Coords points="238,177 238,3760 2375,3760 2375,177"/>
            <TextLine id="tr_1_tl_1" custom="readingOrder {index:0;}">
                <Coords points="918,218 965,225 987,207 1090,232 1192,205 1331,234 1331,129 1244,127 1188,149 1154,134 1123,160 987,136 918,156"/>
                <Baseline points="931,202 956,202 981,202 1007,202 1032,202 1057,202 1083,203 1108,205 1134,205 1159,205 1184,203 1210,202 1235,202 1260,201 1286,199 1311,202 1337,205"/>
                <TextEquiv>
                    <Unicode>box 14/5</Unicode>
                </TextEquiv>
            </TextLine>
            <TextLine id="tr_1_tl_2" custom="readingOrder {index:1;}">
                <Coords points="225,212 319,238 348,223 426,241 735,234 735,131 633,129 577,154 539,136 513,152 272,129 225,143"/>
                <Baseline points="238,199 263,201 288,202 313,204 338,204 363,203 388,202 413,202 438,202 463,202 489,204 514,205 539,205 564,205 589,205 614,205 639,205 664,205 689,205 714,203 740,208"/>
                <TextEquiv>
                    <Unicode>8. Freiwil</Unicode>
                </TextEquiv>
            </TextLine>
            <TextLine id="tr_1_tl_3" custom="readingOrder {index:2;}">
                <Coords points="408,657 423,655 435,666 452,669 457,669 466,657 499,662 497,591 481,588 475,593 439,595 428,591 423,595 406,595"/>
                <Baseline points="420,650 448,650 476,651 504,653"/>
                <TextEquiv>
                    <Unicode>die</Unicode>
                </TextEquiv>
            </TextLine>
            <TextLine id="tr_1_tl_4" custom="readingOrder {index:3;}">
                <Coords points="394,713 417,713 423,709 439,713 450,709 452,704 470,713 477,707 497,709 495,660 477,660 459,671 448,664 432,666 426,660 417,664 403,657 392,657"/>
                <Baseline points="405,701 437,701 469,702 501,704"/>
                <TextEquiv>
                    <Unicode>ren!</Unicode>
                </TextEquiv>
            </TextLine>
            <TextLine id="tr_1_tl_5" custom="readingOrder {index:4;}">
                <Coords points="406,758 432,756 435,760 448,762 457,773 466,771 488,753 499,756 501,724 490,724 475,711 470,715 466,711 459,713 452,704 441,713 430,707 419,715 408,715"/>
                <Baseline points="417,752 446,750 475,748 504,746"/>
                <TextEquiv>
                    <Unicode>je¬</Unicode>
                </TextEquiv>
            </TextLine>
            <TextLine id="tr_1_tl_6" custom="readingOrder {index:5;}">
                <Coords points="769,849 2140,874 2137,722 2088,700 1654,758 1420,702 1270,744 987,704 767,747"/>
                <Baseline points="779,817 847,820 915,820 984,819 1052,820 1120,825 1189,826 1257,824 1325,824 1394,828 1462,830 1530,827 1599,830 1667,835 1735,835 1804,832 1872,835 1940,838 2009,839 2077,841 2146,838"/>
                <TextEquiv>
                    <Unicode>Arthur Schnitzler im Filmatelier</Unicode>
                </TextEquiv>
            </TextLine>
            <TextLine id="tr_1_tl_7" custom="readingOrder {index:6;}">
                <Coords points="415,867 439,867 446,874 459,865 472,863 481,854 504,856 504,805 493,805 484,800 477,807 455,805 446,813 415,811"/>
                <Baseline points="426,850 454,852 482,852 510,850"/>
                <TextEquiv>
                    <Unicode>er¬</Unicode>
                </TextEquiv>
            </TextLine>
            <TextLine id="tr_1_tl_8" custom="readingOrder {index:7;}">
                <Coords points="584,900 2284,945 2369,927 2367,869 1631,891 1551,851 582,845"/>
                <Baseline points="593,889 682,889 771,892 860,895 949,895 1038,898 1127,898 1216,898 1305,901 1394,901 1484,904 1573,907 1662,910 1751,910 1840,913 1929,913 2018,916 2107,916 2196,919 2285,919 2375,919"/>
                <TextEquiv>
                    <Unicode>Arthur Schnitzler, dessen vielge hatten. Er unterhielt sich auch angelegent¬</Unicode>
                </TextEquiv>
            </TextLine>
            <TextLine id="tr_1_tl_9" custom="readingOrder {index:8;}">
                <Coords points="410,923 423,923 432,912 450,912 475,925 481,920 493,920 490,856 479,856 475,863 452,867 446,874 439,867 428,867 421,860 408,860"/>
                <Baseline points="423,904 448,906 473,907 498,907"/>
                <TextEquiv>
                    <Unicode>rg)</Unicode>
                </TextEquiv>
            </TextLine>
            <TextLine id="tr_1_tl_10" custom="readingOrder {index:9;}">
                <Coords points="533,949 1389,970 1433,965 1433,920 1121,898 1027,929 530,880"/>
                <Baseline points="546,937 590,937 635,937 679,937 724,940 769,940 813,943 858,940 902,943 947,943 992,946 1036,946 1081,949 1125,949 1170,946 1215,946 1259,949 1304,949 1348,952 1393,952 1438,952"/>
                <TextEquiv>
                    <Unicode>spieltes Theaterstück „Liebelei“ bereits</Unicode>
                </TextEquiv>
            </TextLine>
            <TextLine id="tr_1_tl_11" custom="readingOrder {index:10;}">
                <Coords points="410,972 437,972 448,963 459,967 477,965 486,972 499,972 499,916 486,914 472,925 466,918 450,912 439,923 410,920"/>
                <Baseline points="423,955 450,953 477,953 504,955"/>
                <TextEquiv>
                    <Unicode>gen</Unicode>
                </TextEquiv>
            </TextLine>
            <TextLine id="tr_1_tl_12" custom="readingOrder {index:11;}">
                <Coords points="1480,963 2356,990 2367,929 1478,912"/>
                <Baseline points="1492,955 1536,955 1580,958 1624,958 1668,958 1712,958 1756,958 1800,961 1844,961 1888,961 1932,963 1976,964 2020,964 2064,964 2108,966 2152,967 2196,967 2240,967 2284,969 2328,970 2373,973"/>
                <TextEquiv>
                    <Unicode>lich mit Evelyne Holt und Hilde Maroff,</Unicode>
                </TextEquiv>
            </TextLine>
            <TextLine id="tr_1_tl_13" custom="readingOrder {index:12;}">
                <Coords points="544,996 1324,1019 1433,1005 1433,965 542,947"/>
                <Baseline points="555,982 599,985 643,988 687,988 731,988 775,990 819,988 864,990 908,990 952,993 996,993 1040,993 1084,995 1128,996 1173,996 1217,996 1261,996 1305,998 1349,999 1393,999 1438,999"/>
                <TextEquiv>
                    <Unicode>vor ungefähr einem Jahr in einer Bearbei¬</Unicode>
                </TextEquiv>
            </TextLine>
            <TextLine id="tr_1_tl_14" custom="readingOrder {index:13;}">
                <Coords points="1480,1014 2235,1016 2302,1050 2369,1023 2369,981 1478,965"/>
                <Baseline points="1492,1002 1536,1005 1580,1005 1624,1005 1668,1005 1712,1005 1756,1005 1801,1008 1845,1008 1889,1008 1933,1008 1977,1011 2021,1011 2065,1013 2110,1014 2154,1014 2198,1016 2242,1015 2286,1016 2330,1017 2375,1017"/>
                <TextEquiv>
                    <Unicode>die in beiden Schnitzler-Filmen die weib¬</Unicode>
                </TextEquiv>
            </TextLine>
            <TextLine id="tr_1_tl_15" custom="readingOrder {index:14;}">
                <Coords points="537,1039 1433,1056 1433,1003 537,996"/>
                <Baseline points="549,1029 593,1032 637,1035 682,1032 726,1035 771,1035 815,1038 860,1038 904,1038 949,1041 993,1041 1037,1041 1082,1041 1126,1044 1171,1044 1215,1044 1260,1044 1304,1047 1349,1050 1393,1050 1438,1050"/>
                <TextEquiv>
                    <Unicode>tung von Herbert Juttke und Georg C.</Unicode>
                </TextEquiv>
            </TextLine>
            <TextLine id="tr_1_tl_16" custom="readingOrder {index:15;}">
                <Coords points="410,1059 426,1056 432,1063 444,1068 446,1065 455,1065 466,1054 475,1059 477,1056 493,1056 493,1019 479,1019 464,1010 448,1019 444,1014 410,1014"/>
                <Baseline points="423,1047 448,1047 473,1048 498,1050"/>
                <TextEquiv>
                    <Unicode></Unicode>
                </TextEquiv>
            </TextLine>
            <TextLine id="tr_1_tl_17" custom="readingOrder {index:16;}">
                <Coords points="1473,1063 2122,1074 2120,1034 2059,1027 1473,1012"/>
                <Baseline points="1486,1050 1518,1052 1550,1053 1582,1053 1614,1053 1646,1055 1678,1056 1710,1056 1742,1056 1774,1056 1807,1056 1839,1056 1871,1056 1903,1057 1935,1059 1967,1059 1999,1060 2031,1062 2063,1062 2095,1062 2128,1065"/>
                <TextEquiv>
                    <Unicode>lichen Hauptrollen verkörpern.</Unicode>
                </TextEquiv>
            </TextLine>
            <TextLine id="tr_1_tl_18" custom="readingOrder {index:17;}">
                <Coords points="539,1097 1382,1114 1429,1103 1429,1056 537,1036"/>
                <Baseline points="552,1080 596,1077 640,1080 684,1080 728,1080 772,1083 816,1083 861,1083 905,1083 949,1086 993,1089 1037,1086 1081,1088 1125,1089 1170,1091 1214,1092 1258,1092 1302,1092 1346,1094 1390,1095 1435,1092"/>
                <TextEquiv>
                    <Unicode>Klaren von der Hegewald-Film-Gesell¬</Unicode>
                </TextEquiv>
            </TextLine>
            <TextLine id="tr_1_tl_19" custom="readingOrder {index:18;}">
                <Coords points="415,1112 435,1112 444,1108 455,1112 466,1103 477,1103 484,1110 495,1110 495,1056 468,1054 446,1068 428,1061 415,1061"/>
                <Baseline points="426,1098 451,1096 476,1096 501,1098"/>
                <TextEquiv>
                    <Unicode>gen</Unicode>
                </TextEquiv>
            </TextLine>
            <TextLine id="tr_1_tl_20" custom="readingOrder {index:19;}">
                <Coords points="1513,1114 2362,1126 2362,1076 2204,1061 1513,1076"/>
                <Baseline points="1525,1104 1567,1101 1609,1101 1651,1103 1693,1104 1735,1104 1777,1104 1819,1106 1861,1107 1903,1107 1946,1108 1988,1110 2030,1110 2072,1110 2114,1110 2156,1113 2198,1113 2240,1116 2282,1116 2324,1113 2367,1113"/>
                <TextEquiv>
                    <Unicode>Arthur Schnitzler benutzt seinen Berliner</Unicode>
                </TextEquiv>
            </TextLine>
            <TextLine id="tr_1_tl_21" custom="readingOrder {index:20;}">
                <Coords points="537,1137 1411,1159 1438,1112 535,1097"/>
                <Baseline points="549,1125 593,1128 638,1128 682,1128 727,1128 772,1131 816,1131 861,1131 905,1134 950,1134 995,1134 1039,1137 1084,1137 1128,1140 1173,1140 1218,1140 1262,1143 1307,1143 1351,1143 1396,1143 1441,1149"/>
                <TextEquiv>
                    <Unicode>schaft verfilmt worden war, weilt in diesen</Unicode>
                </TextEquiv>
            </TextLine>
            <TextLine id="tr_1_tl_22" custom="readingOrder {index:21;}">
                <Coords points="410,1177 428,1175 432,1179 441,1179 461,1161 470,1166 477,1159 490,1159 493,1108 466,1103 455,1112 450,1108 437,1112 430,1108 426,1112 412,1110"/>
                <Baseline points="423,1143 448,1143 473,1142 498,1140"/>
                <TextEquiv>
                    <Unicode>en¬</Unicode>
                </TextEquiv>
            </TextLine>
            <TextLine id="tr_1_tl_23" custom="readingOrder {index:22;}">
                <Coords points="1480,1166 2224,1183 2362,1175 2362,1121 1478,1112"/>
                <Baseline points="1492,1146 1535,1149 1579,1152 1623,1152 1667,1152 1710,1152 1754,1155 1798,1158 1842,1156 1885,1155 1929,1157 1973,1158 2017,1158 2060,1158 2104,1158 2148,1160 2192,1163 2235,1164 2279,1164 2323,1164 2367,1167"/>
                <TextEquiv>
                    <Unicode>Aufenthalt dazu, mit Elisabeth Bergner,</Unicode>
                </TextEquiv>
            </TextLine>
            <TextLine id="tr_1_tl_24" custom="readingOrder {index:23;}">
                <Coords points="548,1188 1435,1208 1417,1150 548,1137"/>
                <Baseline points="561,1173 604,1176 648,1176 692,1179 736,1179 780,1179 824,1182 867,1182 911,1182 955,1182 999,1184 1043,1185 1087,1185 1131,1186 1174,1187 1218,1189 1262,1190 1306,1190 1350,1190 1394,1192 1438,1190"/>
                <TextEquiv>
                    <Unicode>Tagen in Berlin, um an den Aufnahmen für</Unicode>
                </TextEquiv>
            </TextLine>
            <TextLine id="tr_1_tl_25" custom="readingOrder {index:24;}">
                <Coords points="1473,1204 2155,1212 2184,1237 2365,1221 2365,1177 1471,1172"/>
                <Baseline points="1486,1196 1530,1196 1574,1199 1618,1199 1662,1199 1707,1199 1751,1202 1795,1202 1839,1202 1883,1202 1928,1205 1972,1205 2016,1205 2060,1205 2104,1205 2149,1207 2193,1210 2237,1211 2281,1211 2325,1211 2370,1211"/>
                <TextEquiv>
                    <Unicode>die bekanntlich unter Czinners Regie die</Unicode>
                </TextEquiv>
            </TextLine>
            <TextLine id="tr_1_tl_26" custom="readingOrder {index:25;}">
                <Coords points="533,1237 1074,1241 1134,1268 1433,1248 1409,1199 533,1186"/>
                <Baseline points="546,1220 590,1220 635,1223 679,1226 724,1226 769,1229 813,1229 858,1229 902,1229 947,1229 992,1229 1036,1232 1081,1235 1125,1235 1170,1238 1215,1238 1259,1241 1304,1238 1348,1241 1393,1241 1438,1238"/>
                <TextEquiv>
                    <Unicode>die Verfilmung seines Schauspiels „Frei¬</Unicode>
                </TextEquiv>
            </TextLine>
            <TextLine id="tr_1_tl_27" custom="readingOrder {index:26;}">
                <Coords points="1478,1255 2362,1270 2360,1224 2291,1215 1478,1208"/>
                <Baseline points="1489,1241 1532,1247 1576,1247 1620,1247 1664,1247 1708,1250 1752,1250 1796,1253 1840,1253 1884,1253 1928,1253 1971,1253 2015,1253 2059,1253 2103,1257 2147,1259 2191,1259 2235,1261 2279,1260 2323,1259 2367,1259"/>
                <TextEquiv>
                    <Unicode>Hauptrolle in dem Schnitzler-Film „Fräu¬</Unicode>
                </TextEquiv>
            </TextLine>
            <TextLine id="tr_1_tl_28" custom="readingOrder {index:27;}">
                <Coords points="537,1279 1424,1297 1422,1255 1386,1248 537,1241"/>
                <Baseline points="549,1271 593,1271 637,1271 681,1274 725,1277 769,1277 813,1277 857,1277 901,1277 945,1280 989,1280 1033,1280 1077,1282 1121,1285 1165,1286 1209,1286 1253,1286 1297,1286 1341,1288 1385,1289 1429,1289"/>
                <TextEquiv>
                    <Unicode>wild“ teilzunehmen. In einer Unter¬</Unicode>
                </TextEquiv>
            </TextLine>
            <TextLine id="tr_1_tl_29" custom="readingOrder {index:28;}">
                <Coords points="1473,1299 1828,1324 1968,1299 2124,1339 2365,1313 2322,1266 1473,1253"/>
                <Baseline points="1486,1292 1530,1295 1574,1295 1618,1295 1662,1295 1707,1295 1751,1298 1795,1298 1839,1301 1883,1301 1928,1301 1972,1301 2016,1304 2060,1306 2104,1307 2149,1307 2193,1309 2237,1312 2281,1311 2325,1310 2370,1310"/>
                <TextEquiv>
                    <Unicode>lein Else" spielen wird, diese große</Unicode>
                </TextEquiv>
            </TextLine>
            <TextLine id="tr_1_tl_30" custom="readingOrder {index:29;}">
                <Coords points="530,1331 1424,1348 1424,1297 530,1279"/>
                <Baseline points="543,1319 587,1319 631,1322 675,1325 720,1322 764,1325 808,1325 853,1328 897,1328 941,1328 986,1328 1030,1331 1074,1331 1118,1331 1163,1334 1207,1334 1251,1336 1296,1337 1340,1337 1384,1337 1429,1337"/>
                <TextEquiv>
                    <Unicode>redung, die er mit einem unserer Mitarbei¬</Unicode>
                </TextEquiv>
            </TextLine>
            <TextLine id="tr_1_tl_31" custom="readingOrder {index:30;}">
                <Coords points="1480,1360 1567,1353 1663,1395 1707,1377 1803,1391 1874,1360 1923,1377 1966,1355 2026,1362 2024,1319 1946,1302 1921,1324 1828,1324 1752,1297 1718,1313 1478,1302"/>
                <Baseline points="1489,1343 1516,1343 1543,1343 1570,1343 1597,1343 1624,1343 1651,1345 1679,1346 1706,1346 1733,1346 1760,1346 1787,1346 1814,1347 1841,1349 1869,1349 1896,1349 1923,1351 1950,1352 1977,1352 2004,1354 2032,1352"/>
                <TextEquiv>
                    <Unicode>neue Rolle zu besprechen.</Unicode>
                </TextEquiv>
            </TextLine>
            <TextLine id="tr_1_tl_32" custom="readingOrder {index:31;}">
                <Coords points="406,1366 419,1364 430,1373 437,1366 448,1368 452,1364 472,1371 475,1364 484,1371 495,1368 484,1286 470,1286 457,1302 432,1308 421,1322 417,1319 401,1324"/>
                <Baseline points="417,1355 444,1357 471,1360 498,1364"/>
                <TextEquiv>
                    <Unicode>len,</Unicode>
                </TextEquiv>
            </TextLine>
            <TextLine id="tr_1_tl_33" custom="readingOrder {index:32;}">
                <Coords points="530,1371 1420,1391 1420,1351 1273,1342 530,1344"/>
                <Baseline points="543,1367 587,1370 631,1373 675,1373 719,1373 763,1373 807,1373 852,1376 896,1376 940,1379 984,1379 1028,1379 1072,1379 1116,1381 1161,1382 1205,1384 1249,1384 1293,1384 1337,1386 1381,1385 1426,1384"/>
                <TextEquiv>
                    <Unicode>ter im May-Atelier in Weißensee hatte, er¬</Unicode>
                </TextEquiv>
            </TextLine>
            <TextLine id="tr_1_tl_34" custom="readingOrder {index:33;}">
                <Coords points="530,1422 1426,1451 1411,1391 1219,1409 530,1368"/>
                <Baseline points="543,1417 587,1417 631,1417 676,1420 720,1420 765,1420 809,1423 854,1423 898,1423 943,1426 987,1426 1031,1426 1076,1429 1120,1429 1165,1429 1209,1432 1254,1432 1298,1432 1343,1432 1387,1435 1432,1432"/>
                <TextEquiv>
                    <Unicode>klärte Schnitzler, daß er zum ersten</Unicode>
                </TextEquiv>
            </TextLine>
            <TextLine id="tr_1_tl_35" custom="readingOrder {index:34;}">
                <Coords points="1509,1458 2367,1471 2340,1417 2068,1440 1897,1402 1803,1422 1763,1386 1509,1397"/>
                <Baseline points="1522,1447 1564,1450 1606,1450 1649,1450 1691,1452 1734,1453 1776,1453 1818,1453 1861,1453 1903,1455 1946,1456 1988,1457 2030,1459 2073,1460 2115,1461 2158,1460 2200,1462 2242,1462 2285,1462 2327,1462 2370,1465"/>
                <TextEquiv>
                    <Unicode>Ein neuer Defa-Film. In einem neuen</Unicode>
                </TextEquiv>
            </TextLine>
            <TextLine id="tr_1_tl_36" custom="readingOrder {index:35;}">
                <Coords points="530,1473 1424,1493 1424,1451 1299,1435 1137,1455 530,1422"/>
                <Baseline points="543,1465 587,1468 631,1468 675,1468 720,1468 764,1471 808,1471 853,1471 897,1474 941,1474 986,1474 1030,1477 1074,1477 1118,1477 1163,1480 1207,1480 1251,1478 1296,1479 1340,1480 1384,1482 1429,1483"/>
                <TextEquiv>
                    <Unicode>Male Aufnahmen für eines seiner Werke</Unicode>
                </TextEquiv>
            </TextLine>
            <TextLine id="tr_1_tl_37" custom="readingOrder {index:36;}">
                <Coords points="1478,1504 1589,1500 1652,1536 1707,1507 2064,1540 2149,1509 2369,1520 2369,1480 2322,1471 1478,1455"/>
                <Baseline points="1489,1492 1533,1495 1577,1498 1621,1501 1666,1501 1710,1501 1754,1501 1799,1504 1843,1504 1887,1504 1932,1504 1976,1507 2020,1507 2064,1507 2109,1507 2153,1509 2197,1510 2242,1510 2286,1512 2330,1513 2375,1513"/>
                <TextEquiv>
                    <Unicode>Film „Am Rüdesheimer Schloß steht eine</Unicode>
                </TextEquiv>
            </TextLine>
            <TextLine id="tr_1_tl_38" custom="readingOrder {index:37;}">
                <Coords points="530,1522 1426,1540 1424,1493 528,1471"/>
                <Baseline points="543,1513 587,1516 631,1516 676,1519 720,1519 765,1519 809,1519 854,1519 898,1522 943,1525 987,1522 1031,1522 1076,1525 1120,1525 1165,1528 1209,1528 1254,1528 1298,1528 1343,1531 1387,1531 1432,1528"/>
                <TextEquiv>
                    <Unicode>sehe. Er habe ein ganz besonderes Inter¬</Unicode>
                </TextEquiv>
            </TextLine>
            <TextLine id="tr_1_tl_39" custom="readingOrder {index:38;}">
                <Coords points="1478,1553 2331,1578 2362,1569 2362,1522 2033,1540 1993,1511 1696,1511 1652,1536 1589,1500 1475,1504"/>
                <Baseline points="1489,1546 1532,1546 1576,1546 1620,1549 1664,1552 1708,1549 1752,1552 1796,1552 1840,1552 1884,1552 1928,1552 1971,1554 2015,1555 2059,1559 2103,1559 2147,1558 2191,1560 2235,1561 2279,1563 2323,1564 2367,1564"/>
                <TextEquiv>
                    <Unicode>Linde, der nach dem gleichnamigen</Unicode>
                </TextEquiv>
            </TextLine>
            <TextLine id="tr_1_tl_40" custom="readingOrder {index:39;}">
                <Coords points="533,1569 1426,1589 1426,1540 533,1522"/>
                <Baseline points="546,1561 590,1561 634,1564 678,1564 723,1564 767,1567 811,1570 856,1570 900,1570 944,1573 989,1573 1033,1573 1077,1573 1121,1576 1166,1576 1210,1576 1254,1576 1299,1578 1343,1579 1387,1579 1432,1579"/>
                <TextEquiv>
                    <Unicode>esse für derartige Aufnahmen, weil er stets</Unicode>
                </TextEquiv>
            </TextLine>
            <TextLine id="tr_1_tl_41" custom="readingOrder {index:40;}">
                <Coords points="410,1614 441,1618 450,1614 459,1616 468,1607 477,1614 481,1609 497,1609 495,1562 466,1565 448,1558 444,1565 430,1573 421,1565 410,1565"/>
                <Baseline points="423,1599 449,1599 475,1600 501,1602"/>
                <TextEquiv>
                    <Unicode>auf</Unicode>
                </TextEquiv>
            </TextLine>
            <TextLine id="tr_1_tl_42" custom="readingOrder {index:41;}">
                <Coords points="1473,1602 2365,1629 2362,1569 1473,1556"/>
                <Baseline points="1486,1593 1530,1593 1574,1596 1618,1596 1662,1596 1707,1599 1751,1599 1795,1599 1839,1602 1883,1599 1928,1602 1972,1605 2016,1605 2060,1605 2104,1607 2149,1608 2193,1610 2237,1611 2281,1611 2325,1611 2370,1611"/>
                <TextEquiv>
                    <Unicode>Schlager hergestellt wurde und jetzt im</Unicode>
                </TextEquiv>
            </TextLine>
            <TextLine id="tr_1_tl_43" custom="readingOrder {index:42;}">
                <Coords points="528,1611 1415,1634 1413,1594 1324,1578 1181,1602 528,1567"/>
                <Baseline points="540,1611 584,1611 628,1611 672,1614 716,1614 760,1614 804,1614 848,1617 892,1617 936,1617 980,1617 1024,1619 1068,1622 1112,1623 1156,1623 1200,1623 1244,1625 1288,1626 1332,1626 1376,1626 1420,1626"/>
                <TextEquiv>
                    <Unicode>die stärksten Eindrücke dann empfangen</Unicode>
                </TextEquiv>
            </TextLine>
            <TextLine id="tr_1_tl_44" custom="readingOrder {index:43;}">
                <Coords points="1480,1649 1821,1654 1914,1685 2362,1672 2338,1623 1478,1600"/>
                <Baseline points="1489,1638 1532,1644 1576,1644 1620,1647 1664,1647 1708,1647 1752,1650 1796,1650 1840,1650 1884,1650 1928,1652 1971,1653 2015,1655 2059,1656 2103,1656 2147,1656 2191,1658 2235,1659 2279,1659 2323,1659 2367,1659"/>
                <TextEquiv>
                    <Unicode>Verleih der Defa erscheint, spielt Werner</Unicode>
                </TextEquiv>
            </TextLine>
            <TextLine id="tr_1_tl_45" custom="readingOrder {index:44;}">
                <Coords points="524,1674 1424,1696 1402,1634 524,1616"/>
                <Baseline points="537,1656 581,1659 626,1662 670,1662 715,1662 760,1662 804,1665 849,1665 893,1665 938,1665 983,1668 1027,1668 1072,1668 1116,1671 1161,1671 1206,1671 1250,1671 1295,1674 1339,1674 1384,1674 1429,1674"/>
                <TextEquiv>
                    <Unicode>habe, wenn er das Werden eines Wer¬</Unicode>
                </TextEquiv>
            </TextLine>
            <TextLine id="tr_1_tl_46" custom="readingOrder {index:45;}">
                <Coords points="1469,1698 2360,1725 2358,1676 2280,1669 1912,1687 1857,1658 1469,1647"/>
                <Baseline points="1480,1689 1524,1692 1568,1695 1612,1695 1656,1695 1701,1695 1745,1698 1789,1698 1833,1701 1877,1701 1922,1701 1966,1704 2010,1704 2054,1704 2098,1706 2143,1707 2187,1709 2231,1710 2275,1710 2319,1710 2364,1713"/>
                <TextEquiv>
                    <Unicode>Fuetterer die Rolle des Märchenprinzen,</Unicode>
                </TextEquiv>
            </TextLine>
            <TextLine id="tr_1_tl_47" custom="readingOrder {index:46;}">
                <Coords points="526,1723 1393,1745 1415,1678 524,1669"/>
                <Baseline points="537,1707 581,1707 625,1707 669,1710 714,1710 758,1713 802,1713 847,1713 891,1716 935,1716 980,1716 1024,1716 1068,1719 1112,1719 1157,1719 1201,1719 1245,1721 1290,1724 1334,1725 1378,1725 1423,1725"/>
                <TextEquiv>
                    <Unicode>kes beobachten konnte. So sei es ihm jahr¬</Unicode>
                </TextEquiv>
            </TextLine>
            <TextLine id="tr_1_tl_48" custom="readingOrder {index:47;}">
                <Coords points="1473,1756 2365,1776 2365,1723 2318,1718 1473,1701"/>
                <Baseline points="1486,1740 1530,1743 1574,1743 1618,1743 1662,1743 1707,1746 1751,1746 1795,1749 1839,1749 1883,1749 1928,1752 1972,1752 2016,1755 2060,1755 2104,1755 2149,1757 2193,1758 2237,1758 2281,1758 2325,1760 2370,1758"/>
                <TextEquiv>
                    <Unicode>der diesmal als junger Student erscheint</Unicode>
                </TextEquiv>
            </TextLine>
            <TextLine id="tr_1_tl_49" custom="readingOrder {index:48;}">
                <Coords points="524,1770 1420,1787 1420,1745 522,1725"/>
                <Baseline points="537,1755 581,1758 625,1758 670,1758 714,1761 759,1761 803,1764 848,1761 892,1764 937,1764 981,1764 1025,1767 1070,1767 1114,1767 1159,1767 1203,1770 1248,1770 1292,1770 1337,1775 1381,1773 1426,1773"/>
                <TextEquiv>
                    <Unicode>zehntelang auf den Theaterpreten ergan¬</Unicode>
                </TextEquiv>
            </TextLine>
            <TextLine id="tr_1_tl_50" custom="readingOrder {index:49;}">
                <Coords points="1469,1803 2365,1816 2362,1774 2320,1770 1469,1750"/>
                <Baseline points="1480,1790 1524,1790 1568,1793 1613,1793 1657,1793 1701,1796 1746,1796 1790,1796 1834,1799 1879,1799 1923,1799 1967,1799 2012,1802 2056,1802 2100,1802 2145,1805 2189,1808 2233,1808 2278,1806 2322,1805 2367,1805"/>
                <TextEquiv>
                    <Unicode>und nach vielen Kämpfen um sein Liebes¬</Unicode>
                </TextEquiv>
            </TextLine>
            <TextLine id="tr_1_tl_51" custom="readingOrder {index:50;}">
                <Coords points="524,1814 1417,1834 1417,1794 1288,1774 1224,1799 524,1767"/>
                <Baseline points="537,1808 581,1805 625,1808 669,1808 714,1808 758,1808 802,1808 847,1811 891,1811 935,1811 980,1814 1024,1814 1068,1814 1112,1817 1157,1817 1201,1817 1245,1817 1290,1819 1334,1820 1378,1820 1423,1817"/>
                <TextEquiv>
                    <Unicode>gen, und so werde es gewiß auch bei Film-</Unicode>
                </TextEquiv>
            </TextLine>
            <TextLine id="tr_1_tl_52" custom="readingOrder {index:51;}">
                <Coords points="1462,1850 2320,1872 2362,1870 2360,1816 1460,1812"/>
                <Baseline points="1474,1838 1518,1841 1563,1838 1607,1841 1652,1841 1697,1844 1741,1844 1786,1847 1831,1847 1875,1847 1920,1850 1965,1850 2009,1850 2054,1850 2099,1853 2143,1853 2188,1853 2233,1856 2277,1856 2322,1856 2367,1859"/>
                <TextEquiv>
                    <Unicode>glück Vera Schmitterlöw heimführt.</Unicode>
                </TextEquiv>
            </TextLine>
            <TextLine id="tr_1_tl_53" custom="readingOrder {index:52;}">
                <Coords points="526,1861 1417,1883 1415,1836 1357,1830 524,1814"/>
                <Baseline points="537,1853 581,1853 625,1856 669,1856 714,1856 758,1856 802,1859 847,1859 891,1859 935,1859 980,1862 1024,1862 1068,1862 1112,1865 1157,1865 1201,1868 1245,1868 1290,1868 1334,1868 1378,1868 1423,1871"/>
                <TextEquiv>
                    <Unicode>aufnahmen sein. Schnitzler erzählte, wie er</Unicode>
                </TextEquiv>
            </TextLine>
            <TextLine id="tr_1_tl_54" custom="readingOrder {index:53;}">
                <Coords points="1464,1897 2365,1919 2331,1861 1462,1850"/>
                <Baseline points="1474,1886 1518,1889 1563,1889 1608,1889 1653,1892 1698,1895 1742,1895 1787,1895 1832,1895 1877,1895 1922,1898 1966,1898 2011,1898 2056,1901 2101,1901 2146,1901 2190,1904 2235,1904 2280,1907 2325,1907 2370,1910"/>
                <TextEquiv>
                    <Unicode>Außerdem wirken Carl Walther Mayer</Unicode>
                </TextEquiv>
            </TextLine>
            <TextLine id="tr_1_tl_55" custom="readingOrder {index:54;}">
                <Coords points="528,1910 998,1910 1206,1948 1244,1921 1417,1928 1417,1883 526,1861"/>
                <Baseline points="540,1898 584,1901 628,1904 672,1904 716,1907 760,1907 804,1907 849,1907 893,1904 937,1907 981,1910 1025,1910 1069,1912 1113,1913 1158,1913 1202,1915 1246,1916 1290,1916 1334,1918 1378,1917 1423,1916"/>
                <TextEquiv>
                    <Unicode>bei der Lektüre von Bühnenstücken jede</Unicode>
                </TextEquiv>
            </TextLine>
            <TextLine id="tr_1_tl_56" custom="readingOrder {index:55;}">
                <Coords points="1462,1952 1712,1950 1774,1984 2146,1957 2365,1990 2362,1914 1462,1894"/>
                <Baseline points="1474,1937 1518,1937 1563,1940 1608,1940 1653,1940 1698,1943 1742,1943 1787,1943 1832,1946 1877,1946 1922,1949 1966,1949 2011,1949 2056,1949 2101,1952 2146,1952 2190,1955 2235,1958 2280,1955 2325,1955 2370,1955"/>
                <TextEquiv>
                    <Unicode>und Eduard von Winterstein in Haupt¬</Unicode>
                </TextEquiv>
            </TextLine>
            <TextLine id="tr_1_tl_57" custom="readingOrder {index:56;}">
                <Coords points="530,1968 1355,1988 1420,1979 1420,1928 1244,1921 1206,1948 1130,1919 1083,1941 998,1912 528,1910"/>
                <Baseline points="543,1949 587,1952 631,1952 675,1952 719,1952 763,1955 807,1955 852,1958 896,1958 940,1955 984,1958 1028,1961 1072,1961 1116,1963 1161,1964 1205,1964 1249,1964 1293,1966 1337,1967 1381,1969 1426,1967"/>
                <TextEquiv>
                    <Unicode>einzelne Szene als Bild sehe. Dennoch</Unicode>
                </TextEquiv>
            </TextLine>
            <TextLine id="tr_1_tl_58" custom="readingOrder {index:57;}">
                <Coords points="1462,2021 1484,2026 1511,2010 1545,2028 1573,2015 1607,2026 1618,2017 1656,2024 1669,2010 1696,2019 1694,1952 1652,1952 1638,1961 1611,1952 1587,1957 1558,1943 1507,1957 1460,1950"/>
                <Baseline points="1474,1984 1499,1986 1524,1987 1549,1987 1574,1988 1600,1989 1625,1990 1650,1990 1675,1991 1701,1990"/>
                <TextEquiv>
                    <Unicode>rollen mit.</Unicode>
                </TextEquiv>
            </TextLine>
            <TextLine id="tr_1_tl_59" custom="readingOrder {index:58;}">
                <Coords points="530,2015 1420,2035 1400,1975 530,1966"/>
                <Baseline points="543,1996 587,1999 631,1999 675,1999 719,2002 763,2002 807,2002 851,2005 895,2008 939,2008 983,2008 1027,2006 1071,2007 1115,2010 1159,2011 1203,2011 1247,2013 1291,2016 1335,2015 1379,2012 1423,2011"/>
                <TextEquiv>
                    <Unicode>wolle er aber nicht selbst Film-</Unicode>
                </TextEquiv>
            </TextLine>
            <TextLine id="tr_1_tl_60" custom="readingOrder {index:59;}">
                <Coords points="530,2062 1420,2071 1420,2033 1366,2024 530,2015"/>
                <Baseline points="543,2044 587,2047 631,2047 675,2050 719,2050 763,2053 807,2053 852,2053 896,2053 940,2056 984,2056 1028,2059 1072,2059 1116,2059 1161,2059 1205,2061 1249,2062 1293,2062 1337,2062 1381,2062 1426,2065"/>
                <TextEquiv>
                    <Unicode>manuskript schreiben, da ihm</Unicode>
                </TextEquiv>
            </TextLine>
            <TextLine id="tr_1_tl_61" custom="readingOrder {index:60;}">
                <Coords points="1507,2099 2287,2120 2365,2104 2362,2037 2320,2062 1990,2030 1852,2057 1758,2017 1594,2053 1504,2033"/>
                <Baseline points="1519,2086 1561,2083 1604,2086 1646,2086 1689,2088 1731,2089 1774,2089 1816,2091 1859,2094 1901,2095 1944,2095 1987,2096 2029,2098 2072,2098 2114,2099 2157,2102 2199,2104 2242,2104 2284,2104 2327,2101 2370,2101"/>
                <TextEquiv>
                    <Unicode>Der vielen bekannte Roman „See¬</Unicode>
                </TextEquiv>
            </TextLine>
            <TextLine id="tr_1_tl_62" custom="readingOrder {index:61;}">
                <Coords points="530,2102 1366,2131 1420,2122 1420,2077 528,2064"/>
                <Baseline points="543,2092 587,2095 631,2098 675,2098 719,2098 763,2101 807,2101 851,2104 895,2104 939,2104 983,2104 1027,2106 1071,2107 1115,2107 1159,2107 1203,2109 1247,2110 1291,2110 1335,2112 1379,2113 1423,2113"/>
                <TextEquiv>
                    <Unicode>vor allem die Technik des Films nicht</Unicode>
                </TextEquiv>
            </TextLine>
            <TextLine id="tr_1_tl_63" custom="readingOrder {index:62;}">
                <Coords points="1464,2144 2371,2164 2369,2117 2305,2104 1464,2091"/>
                <Baseline points="1477,2134 1521,2134 1566,2134 1611,2134 1656,2137 1701,2137 1746,2137 1791,2134 1836,2137 1881,2140 1926,2143 1970,2146 2015,2146 2060,2149 2105,2149 2150,2149 2195,2149 2240,2149 2285,2152 2330,2152 2375,2152"/>
                <TextEquiv>
                    <Unicode>gespenster“ von Anni Wothe</Unicode>
                </TextEquiv>
            </TextLine>
            <TextLine id="tr_1_tl_64" custom="readingOrder {index:63;}">
                <Coords points="522,2164 1417,2182 1415,2122 522,2104"/>
                <Baseline points="534,2146 578,2146 622,2146 667,2149 711,2149 756,2149 800,2149 845,2149 889,2152 934,2152 978,2152 1022,2155 1067,2155 1111,2155 1156,2158 1200,2158 1245,2158 1289,2158 1334,2161 1378,2161 1423,2164"/>
                <TextEquiv>
                    <Unicode>geläufig sei, und die Filmautoren ihre Sache</Unicode>
                </TextEquiv>
            </TextLine>
            <TextLine id="tr_1_tl_65" custom="readingOrder {index:64;}">
                <Coords points="1462,2206 1611,2184 1770,2235 2269,2244 2365,2224 2365,2162 1460,2146"/>
                <Baseline points="1474,2178 1518,2181 1563,2184 1608,2181 1653,2184 1698,2187 1742,2187 1787,2190 1832,2190 1877,2190 1922,2190 1966,2193 2011,2193 2056,2196 2101,2196 2146,2196 2190,2199 2235,2199 2280,2202 2325,2202 2370,2208"/>
                <TextEquiv>
                    <Unicode>wurde von Orplid-Messtro zur Verfilmung</Unicode>
                </TextEquiv>
            </TextLine>
            <TextLine id="tr_1_tl_66" custom="readingOrder {index:65;}">
                <Coords points="528,2206 1420,2224 1420,2182 1364,2169 528,2162"/>
                <Baseline points="540,2193 584,2193 628,2193 672,2193 717,2196 761,2199 805,2196 850,2199 894,2199 938,2199 983,2202 1027,2202 1071,2202 1115,2202 1160,2205 1204,2205 1248,2207 1293,2208 1337,2208 1381,2208 1426,2211"/>
                <TextEquiv>
                    <Unicode>doch sehr gut machten. Natürlich sei ihm</Unicode>
                </TextEquiv>
            </TextLine>
            <TextLine id="tr_1_tl_67" custom="readingOrder {index:66;}">
                <Coords points="1464,2264 1489,2271 1513,2251 1529,2258 1551,2242 1578,2262 1607,2260 1623,2249 1645,2255 1674,2249 1674,2198 1643,2200 1618,2184 1589,2200 1580,2191 1565,2200 1516,2191 1464,2206"/>
                <Baseline points="1477,2232 1502,2232 1527,2232 1552,2232 1577,2233 1602,2234 1627,2235 1652,2235 1677,2238"/>
                <TextEquiv>
                    <Unicode>erworben.</Unicode>
                </TextEquiv>
            </TextLine>
            <TextLine id="tr_1_tl_68" custom="readingOrder {index:67;}">
                <Coords points="426,2258 1389,2276 1415,2224 423,2200"/>
                <Baseline points="435,2232 484,2235 533,2238 582,2241 632,2242 681,2244 730,2244 779,2244 829,2246 878,2247 927,2250 976,2250 1026,2250 1075,2250 1124,2251 1173,2254 1223,2256 1272,2256 1321,2256 1370,2256 1420,2259"/>
                <TextEquiv>
                    <Unicode>ng manches unverständlich. So beispielsweise,</Unicode>
                </TextEquiv>
            </TextLine>
            <TextLine id="tr_1_tl_69" custom="readingOrder {index:68;}">
                <Coords points="519,2298 1411,2313 1409,2273 1331,2262 519,2258"/>
                <Baseline points="531,2289 575,2289 619,2292 663,2292 708,2292 752,2295 796,2295 841,2295 885,2295 929,2298 974,2298 1018,2301 1062,2301 1106,2301 1151,2301 1195,2304 1239,2304 1284,2306 1328,2307 1372,2307 1417,2307"/>
                <TextEquiv>
                    <Unicode>daß im Film die Handlung seiner beiden</Unicode>
                </TextEquiv>
            </TextLine>
            <TextLine id="tr_1_tl_70" custom="readingOrder {index:69;}">
                <Coords points="1502,2347 1616,2338 1747,2362 1767,2340 1839,2340 1857,2356 1935,2345 1988,2371 2035,2354 2033,2264 1972,2260 1890,2309 1794,2253 1727,2305 1600,2298 1551,2273 1500,2289"/>
                <Baseline points="1513,2331 1539,2331 1565,2331 1591,2331 1618,2331 1644,2331 1670,2333 1696,2334 1723,2336 1749,2337 1775,2337 1801,2337 1828,2337 1854,2339 1880,2340 1906,2340 1933,2340 1959,2340 1985,2340 2011,2341 2038,2343"/>
                <TextEquiv>
                    <Unicode>„Meschugge ist Trumpf".</Unicode>
                </TextEquiv>
            </TextLine>
            <TextLine id="tr_1_tl_71" custom="readingOrder {index:70;}">
                <Coords points="2062,2362 2099,2349 2113,2360 2153,2349 2166,2362 2356,2358 2356,2282 2334,2271 2305,2282 2284,2271 2240,2309 2155,2307 2131,2293 2108,2305 2095,2293 2062,2302"/>
                <Baseline points="2074,2343 2100,2343 2126,2344 2152,2347 2178,2348 2204,2346 2230,2346 2256,2346 2282,2346 2308,2346 2334,2346 2361,2349"/>
                <TextEquiv>
                    <Unicode>Die „Streiche</Unicode>
                </TextEquiv>
            </TextLine>
            <TextLine id="tr_1_tl_72" custom="readingOrder {index:71;}">
                <Coords points="519,2342 1411,2374 1411,2313 519,2300"/>
                <Baseline points="531,2334 575,2337 619,2340 663,2343 708,2343 752,2343 796,2343 841,2343 885,2346 929,2346 974,2346 1018,2349 1062,2349 1106,2349 1151,2349 1195,2352 1239,2352 1284,2354 1328,2355 1372,2355 1417,2355"/>
                <TextEquiv>
                    <Unicode>Stücke „Lebelei“ und „Freiwild“ in die</Unicode>
                </TextEquiv>
            </TextLine>
            <TextLine id="tr_1_tl_73" custom="readingOrder {index:72;}">
                <Coords points="1462,2400 2220,2391 2327,2418 2358,2358 1460,2338"/>
                <Baseline points="1474,2375 1518,2378 1563,2378 1607,2381 1652,2381 1696,2384 1741,2384 1785,2384 1830,2384 1874,2387 1919,2387 1963,2387 2008,2390 2052,2390 2097,2390 2141,2390 2186,2393 2230,2393 2275,2396 2319,2396 2364,2396"/>
                <TextEquiv>
                    <Unicode>eines jungen Mädchens von heute zeigt</Unicode>
                </TextEquiv>
            </TextLine>
            <TextLine id="tr_1_tl_74" custom="readingOrder {index:73;}">
                <Coords points="533,2394 1411,2423 1411,2374 1346,2358 533,2345"/>
                <Baseline points="546,2384 589,2387 632,2387 676,2387 719,2390 763,2390 806,2390 849,2392 893,2393 936,2393 980,2395 1023,2396 1066,2398 1110,2399 1153,2399 1197,2399 1240,2399 1283,2400 1327,2403 1370,2404 1414,2402"/>
                <TextEquiv>
                    <Unicode>Winterzeit verlegt sei, während bei ihm</Unicode>
                </TextEquiv>
            </TextLine>
            <TextLine id="tr_1_tl_75" custom="readingOrder {index:74;}">
                <Coords points="1467,2447 2329,2465 2354,2412 1464,2398"/>
                <Baseline points="1477,2426 1521,2429 1565,2429 1609,2429 1653,2429 1698,2432 1742,2432 1786,2432 1830,2435 1874,2435 1919,2435 1963,2435 2007,2438 2051,2438 2095,2435 2140,2441 2184,2441 2228,2444 2272,2444 2316,2444 2361,2444"/>
                <TextEquiv>
                    <Unicode>ein neues Lustspiel mit der scharmanten</Unicode>
                </TextEquiv>
            </TextLine>
            <TextLine id="tr_1_tl_76" custom="readingOrder {index:75;}">
                <Coords points="522,2454 1054,2445 1306,2483 1411,2467 1411,2425 760,2389 715,2423 519,2391"/>
                <Baseline points="534,2432 578,2435 622,2435 666,2438 710,2441 754,2438 798,2438 843,2441 887,2441 931,2441 975,2441 1019,2444 1063,2444 1107,2446 1152,2447 1196,2447 1240,2449 1284,2450 1328,2452 1372,2451 1417,2447"/>
                <TextEquiv>
                    <Unicode>Frühling und Sommer als Stimmungs¬</Unicode>
                </TextEquiv>
            </TextLine>
            <TextLine id="tr_1_tl_77" custom="readingOrder {index:76;}">
                <Coords points="1455,2492 1605,2498 1636,2476 2057,2498 2057,2445 1830,2467 1674,2436 1620,2456 1455,2443"/>
                <Baseline points="1468,2474 1497,2476 1527,2477 1557,2477 1586,2477 1616,2477 1646,2477 1675,2479 1705,2480 1735,2480 1765,2482 1794,2484 1824,2486 1854,2484 1883,2484 1913,2486 1943,2486 1972,2487 2002,2489 2032,2489 2062,2489"/>
                <TextEquiv>
                    <Unicode>Anny Ondra, das die</Unicode>
                </TextEquiv>
            </TextLine>
            <TextLine id="tr_1_tl_78" custom="readingOrder {index:77;}">
                <Coords points="2099,2496 2155,2512 2255,2496 2354,2516 2351,2461 2097,2449"/>
                <Baseline points="2110,2486 2137,2488 2165,2490 2192,2492 2220,2492 2247,2492 2275,2492 2302,2493 2330,2495 2358,2495"/>
                <TextEquiv>
                    <Unicode>Veritas-Film</Unicode>
                </TextEquiv>
            </TextLine>
            <TextLine id="tr_1_tl_79" custom="readingOrder {index:78;}">
                <Coords points="519,2492 1130,2498 1215,2525 1406,2514 1409,2465 517,2458"/>
                <Baseline points="531,2483 575,2483 619,2483 663,2486 708,2489 752,2489 796,2489 841,2489 885,2492 929,2492 974,2489 1018,2492 1062,2492 1106,2495 1151,2495 1195,2498 1239,2498 1284,2498 1328,2498 1372,2500 1417,2504"/>
                <TextEquiv>
                    <Unicode>moment gedacht gewesen wären. Viel</Unicode>
                </TextEquiv>
            </TextLine>
            <TextLine id="tr_1_tl_80" custom="readingOrder {index:79;}">
                <Coords points="1464,2527 2349,2563 2327,2503 1464,2487"/>
                <Baseline points="1477,2525 1520,2525 1564,2528 1608,2528 1652,2528 1695,2531 1739,2531 1783,2531 1827,2533 1870,2534 1914,2534 1958,2534 2002,2536 2045,2537 2089,2537 2133,2539 2177,2542 2220,2543 2264,2543 2308,2545 2352,2546"/>
                <TextEquiv>
                    <Unicode>G. m. b. H. in Deutschland herausbringt.</Unicode>
                </TextEquiv>
            </TextLine>
            <TextLine id="tr_1_tl_81" custom="readingOrder {index:80;}">
                <Coords points="533,2541 1306,2565 1411,2552 1409,2514 530,2490"/>
                <Baseline points="543,2528 586,2531 630,2531 674,2534 717,2537 761,2537 805,2537 848,2537 892,2539 936,2540 980,2542 1023,2543 1067,2543 1111,2543 1154,2545 1198,2546 1242,2546 1285,2548 1329,2549 1373,2547 1417,2546"/>
                <TextEquiv>
                    <Unicode>Verständnis fand. Schnitzler bei den Ver¬</Unicode>
                </TextEquiv>
            </TextLine>
            <TextLine id="tr_1_tl_82" custom="readingOrder {index:81;}">
                <Coords points="1460,2585 2351,2610 2349,2559 2231,2547 1703,2561 1460,2527"/>
                <Baseline points="1471,2572 1515,2575 1559,2575 1603,2575 1647,2578 1692,2578 1736,2578 1780,2581 1824,2581 1868,2581 1913,2581 1957,2584 2001,2584 2045,2586 2089,2587 2134,2587 2178,2589 2222,2590 2266,2590 2310,2592 2355,2593"/>
                <TextEquiv>
                    <Unicode>Eine nette, reichillustrierte Broschüre der</Unicode>
                </TextEquiv>
            </TextLine>
            <TextLine id="tr_1_tl_83" custom="readingOrder {index:82;}">
                <Coords points="522,2594 1391,2617 1415,2568 519,2539"/>
                <Baseline points="534,2581 578,2581 622,2581 666,2581 711,2584 755,2581 799,2584 844,2584 888,2584 932,2587 977,2590 1021,2590 1065,2590 1109,2593 1154,2593 1198,2593 1242,2593 1287,2595 1331,2596 1375,2598 1420,2602"/>
                <TextEquiv>
                    <Unicode>tretern der Presse, als er davon sprach,</Unicode>
                </TextEquiv>
            </TextLine>
            <TextLine id="tr_1_tl_84" custom="readingOrder {index:83;}">
                <Coords points="1455,2632 1680,2634 1776,2668 2055,2646 2124,2681 2173,2648 2358,2652 2342,2601 1455,2579"/>
                <Baseline points="1468,2623 1512,2623 1557,2623 1602,2623 1647,2626 1692,2626 1736,2629 1781,2629 1826,2629 1871,2632 1916,2632 1960,2632 2005,2635 2050,2635 2095,2638 2140,2641 2184,2638 2229,2641 2274,2641 2319,2644 2364,2638"/>
                <TextEquiv>
                    <Unicode>Schlee-Reklame verspricht einen amüsan¬</Unicode>
                </TextEquiv>
            </TextLine>
            <TextLine id="tr_1_tl_85" custom="readingOrder {index:84;}">
                <Coords points="519,2637 1411,2654 1411,2614 1257,2592 1192,2617 519,2596"/>
                <Baseline points="531,2626 575,2629 619,2629 663,2629 708,2629 752,2632 796,2632 841,2635 885,2635 929,2635 974,2638 1018,2638 1062,2641 1106,2641 1151,2641 1195,2641 1239,2641 1284,2643 1328,2644 1372,2644 1417,2644"/>
                <TextEquiv>
                    <Unicode>daß in den Filmen so häufig die Menschen</Unicode>
                </TextEquiv>
            </TextLine>
            <TextLine id="tr_1_tl_86" custom="readingOrder {index:85;}">
                <Coords points="1462,2690 1484,2679 1502,2688 1518,2679 1569,2683 1600,2706 1609,2699 1663,2710 1660,2639 1611,2643 1567,2632 1531,2637 1498,2625 1484,2639 1462,2637"/>
                <Baseline points="1474,2671 1501,2673 1528,2674 1555,2674 1583,2674 1610,2674 1637,2676 1665,2677"/>
                <TextEquiv>
                    <Unicode>ten Film.</Unicode>
                </TextEquiv>
            </TextLine>
            <TextLine id="tr_1_tl_87" custom="readingOrder {index:86;}">
                <Coords points="519,2695 1331,2715 1409,2697 1409,2654 517,2634"/>
                <Baseline points="531,2677 575,2677 619,2677 663,2677 707,2680 751,2680 795,2680 840,2685 884,2683 928,2686 972,2686 1016,2686 1060,2686 1104,2688 1149,2689 1193,2689 1237,2691 1281,2692 1325,2692 1369,2692 1414,2695"/>
                <TextEquiv>
                    <Unicode>in Riesensälen, statt in üblichen Wohn¬</Unicode>
                </TextEquiv>
            </TextLine>
            <TextLine id="tr_1_tl_88" custom="readingOrder {index:87;}">
                <Coords points="519,2730 1411,2753 1411,2697 519,2695"/>
                <Baseline points="531,2725 575,2728 619,2728 663,2728 708,2728 752,2728 796,2731 841,2734 885,2734 929,2734 974,2734 1018,2734 1062,2737 1106,2737 1151,2740 1195,2740 1239,2740 1284,2742 1328,2743 1372,2743 1417,2743"/>
                <TextEquiv>
                    <Unicode>räumen hausen, was ihm besonders in dem</Unicode>
                </TextEquiv>
            </TextLine>
            <TextLine id="tr_1_tl_89" custom="readingOrder {index:88;}">
                <Coords points="1631,2784 1736,2797 1843,2781 1901,2813 1988,2788 2120,2804 2182,2788 2182,2739 2026,2728 1897,2750 1857,2721 1790,2737 1730,2703 1676,2737 1629,2708"/>
                <Baseline points="1644,2775 1671,2775 1698,2775 1725,2775 1752,2775 1779,2775 1806,2775 1834,2776 1861,2778 1888,2778 1915,2778 1942,2778 1969,2779 1996,2781 2024,2781 2051,2781 2078,2783 2105,2784 2132,2784 2159,2784 2187,2784"/>
                <TextEquiv>
                    <Unicode>Zirkuslöwen und Alraune</Unicode>
                </TextEquiv>
            </TextLine>
            <TextLine id="tr_1_tl_90" custom="readingOrder {index:89;}">
                <Coords points="522,2795 1384,2813 1415,2806 1413,2750 519,2732"/>
                <Baseline points="534,2775 578,2775 622,2775 666,2775 711,2775 755,2778 799,2778 844,2778 888,2778 932,2781 977,2784 1021,2784 1065,2784 1109,2784 1154,2787 1198,2787 1242,2787 1287,2789 1331,2790 1375,2790 1420,2790"/>
                <TextEquiv>
                    <Unicode>Film „Liebelei“ aufgefallen sei, wo das</Unicode>
                </TextEquiv>
            </TextLine>
            <TextLine id="tr_1_tl_91" custom="readingOrder {index:90;}">
                <Coords points="1491,2828 2349,2844 2349,2777 2289,2770 1906,2813 1843,2781 1491,2773"/>
                <Baseline points="1504,2817 1546,2820 1589,2820 1631,2823 1674,2823 1716,2821 1759,2822 1801,2825 1844,2826 1886,2828 1929,2829 1972,2829 2014,2830 2057,2832 2099,2832 2142,2832 2184,2833 2227,2838 2269,2838 2312,2835 2355,2838"/>
                <TextEquiv>
                    <Unicode>Die Ama-Film engagierte für ihren</Unicode>
                </TextEquiv>
            </TextLine>
            <TextLine id="tr_1_tl_92" custom="readingOrder {index:91;}">
                <Coords points="519,2842 1391,2857 1409,2810 517,2793"/>
                <Baseline points="531,2826 575,2823 619,2823 663,2823 707,2826 751,2826 795,2829 840,2829 884,2829 928,2829 972,2829 1016,2829 1060,2831 1104,2832 1149,2834 1193,2835 1237,2837 1281,2838 1325,2838 1369,2838 1414,2841"/>
                <TextEquiv>
                    <Unicode>„möblierte Zimmer“ des Studenten eher</Unicode>
                </TextEquiv>
            </TextLine>
            <TextLine id="tr_1_tl_93" custom="readingOrder {index:92;}">
                <Coords points="1449,2873 1609,2904 1672,2873 2354,2900 2351,2844 1449,2837"/>
                <Baseline points="1462,2865 1506,2868 1551,2868 1596,2871 1641,2871 1686,2871 1730,2871 1775,2874 1820,2874 1865,2874 1910,2877 1954,2877 1999,2877 2044,2880 2089,2880 2134,2880 2178,2883 2223,2883 2268,2883 2313,2886 2358,2886"/>
                <TextEquiv>
                    <Unicode>Großfilm „Alraune" nach Hanns Heinz</Unicode>
                </TextEquiv>
            </TextLine>
            <TextLine id="tr_1_tl_94" custom="readingOrder {index:93;}">
                <Coords points="515,2877 1409,2900 1406,2857 1288,2839 513,2848"/>
                <Baseline points="525,2871 569,2871 613,2871 658,2871 702,2874 747,2874 791,2874 836,2877 880,2877 925,2877 969,2880 1013,2880 1058,2880 1102,2880 1147,2883 1191,2883 1236,2886 1280,2886 1325,2889 1369,2886 1414,2889"/>
                <TextEquiv>
                    <Unicode>einem Empfangssaal in einem Schlosse</Unicode>
                </TextEquiv>
            </TextLine>
            <TextLine id="tr_1_tl_95" custom="readingOrder {index:94;}">
                <Coords points="1449,2929 2342,2955 2322,2893 1908,2902 1674,2871 1609,2902 1449,2873"/>
                <Baseline points="1462,2916 1506,2916 1550,2916 1595,2919 1639,2919 1683,2919 1728,2919 1772,2922 1816,2922 1861,2925 1905,2925 1949,2925 1994,2928 2038,2928 2082,2931 2127,2931 2171,2934 2215,2932 2260,2933 2304,2934 2349,2937"/>
                <TextEquiv>
                    <Unicode>Ewers, Manuskript und Regie Henrik</Unicode>
                </TextEquiv>
            </TextLine>
            <TextLine id="tr_1_tl_96" custom="readingOrder {index:95;}">
                <Coords points="513,2929 1406,2944 1380,2895 513,2877"/>
                <Baseline points="525,2922 569,2919 613,2919 657,2922 702,2922 746,2922 790,2925 835,2925 879,2925 923,2925 968,2928 1012,2928 1056,2931 1100,2931 1145,2934 1189,2934 1233,2934 1278,2934 1322,2934 1366,2936 1411,2934"/>
                <TextEquiv>
                    <Unicode>glich. Mit erstaunten Augen folgte der</Unicode>
                </TextEquiv>
            </TextLine>
            <TextLine id="tr_1_tl_97" custom="readingOrder {index:96;}">
                <Coords points="1455,2984 2345,2989 2296,2940 1455,2929"/>
                <Baseline points="1468,2964 1512,2964 1556,2967 1600,2967 1644,2967 1688,2969 1732,2969 1776,2969 1820,2972 1864,2972 1908,2972 1952,2972 1996,2972 2040,2974 2084,2977 2128,2978 2172,2978 2216,2980 2260,2981 2304,2981 2349,2978"/>
                <TextEquiv>
                    <Unicode>Galeen, Kapitän Schneider mit seinen be¬</Unicode>
                </TextEquiv>
            </TextLine>
            <TextLine id="tr_1_tl_98" custom="readingOrder {index:97;}">
                <Coords points="522,2980 1261,3007 1406,2991 1406,2944 519,2929"/>
                <Baseline points="534,2967 577,2967 621,2969 665,2969 709,2969 753,2972 797,2972 840,2972 884,2974 928,2975 972,2977 1016,2978 1060,2978 1104,2978 1147,2980 1191,2981 1235,2981 1279,2983 1323,2984 1367,2984 1411,2981"/>
                <TextEquiv>
                    <Unicode>Dichter den Aufnahmen, die gerade unter</Unicode>
                </TextEquiv>
            </TextLine>
            <TextLine id="tr_1_tl_99" custom="readingOrder {index:98;}">
                <Coords points="1451,3022 2273,3047 2351,3042 2349,2993 1449,2987"/>
                <Baseline points="1462,3011 1506,3014 1551,3014 1595,3014 1640,3014 1685,3017 1729,3017 1774,3017 1819,3020 1863,3020 1908,3020 1953,3020 1997,3020 2042,3023 2087,3023 2131,3026 2176,3026 2221,3029 2265,3032 2310,3029 2355,3029"/>
                <TextEquiv>
                    <Unicode>rühmten Löwen. „Alraune“ ist für Kapi¬</Unicode>
                </TextEquiv>
            </TextLine>
            <TextLine id="tr_1_tl_100" custom="readingOrder {index:99;}">
                <Coords points="513,3024 1413,3040 1391,2989 513,2987"/>
                <Baseline points="525,3014 569,3014 614,3017 658,3017 703,3020 748,3020 792,3023 837,3023 881,3026 926,3023 971,3023 1015,3026 1060,3026 1104,3029 1149,3029 1194,3029 1238,3029 1283,3029 1327,3032 1372,3032 1417,3035"/>
                <TextEquiv>
                    <Unicode>der Regie Holger Madsens durch</Unicode>
                </TextEquiv>
            </TextLine>
            <TextLine id="tr_1_tl_101" custom="readingOrder {index:100;}">
                <Coords points="1453,3076 2289,3098 2342,3089 2342,3044 1451,3029"/>
                <Baseline points="1465,3062 1509,3062 1553,3065 1597,3062 1641,3065 1686,3065 1730,3068 1774,3068 1818,3068 1862,3068 1907,3071 1951,3071 1995,3071 2039,3073 2083,3074 2128,3074 2172,3074 2216,3079 2260,3078 2304,3079 2349,3077"/>
                <TextEquiv>
                    <Unicode>tän Schneider ein Jubiläumsfilm, denn</Unicode>
                </TextEquiv>
            </TextLine>
            <TextLine id="tr_1_tl_102" custom="readingOrder {index:101;}">
                <Coords points="519,3073 1409,3096 1409,3051 1284,3031 519,3022"/>
                <Baseline points="531,3062 575,3065 619,3065 663,3068 707,3068 751,3068 795,3071 839,3071 883,3071 927,3071 971,3073 1015,3074 1059,3076 1103,3077 1147,3077 1191,3079 1235,3080 1279,3080 1323,3082 1367,3081 1411,3083"/>
                <TextEquiv>
                    <Unicode>Graatkjer für „Freiwild“ gedreht wurden.</Unicode>
                </TextEquiv>
            </TextLine>
            <TextLine id="tr_1_tl_103" custom="readingOrder {index:102;}">
                <Coords points="1449,3120 2213,3147 2338,3134 2338,3089 1446,3073"/>
                <Baseline points="1462,3107 1506,3110 1550,3110 1594,3113 1638,3113 1682,3116 1726,3116 1770,3116 1814,3116 1858,3116 1902,3116 1946,3118 1990,3121 2034,3122 2078,3122 2122,3124 2166,3125 2210,3127 2254,3128 2298,3126 2343,3128"/>
                <TextEquiv>
                    <Unicode>es ist der hundertste Film, in dem er mit</Unicode>
                </TextEquiv>
            </TextLine>
            <TextLine id="tr_1_tl_104" custom="readingOrder {index:103;}">
                <Coords points="519,3122 1400,3143 1397,3089 519,3073"/>
                <Baseline points="531,3110 574,3110 618,3113 662,3116 705,3116 749,3116 793,3119 836,3119 880,3119 924,3121 968,3122 1011,3122 1055,3124 1099,3125 1142,3127 1186,3128 1230,3128 1273,3128 1317,3128 1361,3130 1405,3131"/>
                <TextEquiv>
                    <Unicode>Es war eine Szene, in der ein großes Heer</Unicode>
                </TextEquiv>
            </TextLine>
            <TextLine id="tr_1_tl_105" custom="readingOrder {index:104;}">
                <Coords points="1449,3167 2258,3192 2349,3183 2347,3140 1446,3120"/>
                <Baseline points="1459,3158 1503,3158 1548,3161 1592,3161 1637,3161 1682,3161 1726,3164 1771,3164 1816,3164 1860,3166 1905,3166 1950,3166 1994,3169 2039,3169 2084,3169 2128,3169 2173,3172 2218,3175 2262,3175 2307,3175 2352,3175"/>
                <TextEquiv>
                    <Unicode>seinen Löwen mitwirkt. Außerdem hat</Unicode>
                </TextEquiv>
            </TextLine>
            <TextLine id="tr_1_tl_106" custom="readingOrder {index:105;}">
                <Coords points="508,3167 1326,3196 1397,3187 1395,3138 506,3140"/>
                <Baseline points="519,3158 563,3161 607,3164 651,3164 695,3166 739,3166 783,3166 828,3166 872,3169 916,3169 960,3169 1004,3169 1048,3171 1092,3172 1137,3172 1181,3174 1225,3175 1269,3175 1313,3177 1357,3178 1402,3178"/>
                <TextEquiv>
                    <Unicode>schlank gewachsener Badegirls auf, einer</Unicode>
                </TextEquiv>
            </TextLine>
            <TextLine id="tr_1_tl_107" custom="readingOrder {index:106;}">
                <Coords points="1444,3214 2329,3241 2345,3187 1442,3169"/>
                <Baseline points="1456,3205 1500,3208 1545,3208 1589,3208 1634,3211 1679,3211 1723,3211 1768,3211 1813,3214 1857,3214 1902,3217 1947,3217 1991,3217 2036,3217 2081,3220 2125,3220 2170,3220 2215,3223 2259,3223 2304,3223 2349,3223"/>
                <TextEquiv>
                    <Unicode>die Ama noch den Zirkus Henry mit</Unicode>
                </TextEquiv>
            </TextLine>
            <TextLine id="tr_1_tl_108" custom="readingOrder {index:107;}">
                <Coords points="519,3212 1090,3227 1177,3256 1215,3229 1402,3236 1402,3194 1357,3187 519,3169"/>
                <Baseline points="531,3208 574,3211 618,3211 662,3214 706,3211 750,3214 794,3214 837,3217 881,3217 925,3217 969,3217 1013,3219 1057,3220 1101,3222 1144,3223 1188,3223 1232,3225 1276,3226 1320,3226 1364,3226 1408,3229"/>
                <TextEquiv>
                    <Unicode>Vorstadtbühne sich herumzutummeln hatte,</Unicode>
                </TextEquiv>
            </TextLine>
            <TextLine id="tr_1_tl_109" custom="readingOrder {index:108;}">
                <Coords points="1446,3270 2144,3274 2222,3307 2342,3294 2342,3241 1444,3221"/>
                <Baseline points="1459,3256 1503,3256 1548,3256 1592,3259 1637,3259 1681,3259 1726,3259 1770,3262 1815,3262 1859,3262 1904,3265 1948,3265 1993,3268 2037,3268 2082,3268 2126,3268 2171,3268 2215,3271 2260,3271 2304,3271 2349,3271"/>
                <TextEquiv>
                    <Unicode>seinem gesamten Tierpark und seinen</Unicode>
                </TextEquiv>
            </TextLine>
            <TextLine id="tr_1_tl_110" custom="readingOrder {index:109;}">
                <Coords points="506,3285 932,3265 1368,3294 1395,3236 504,3234"/>
                <Baseline points="519,3256 563,3259 607,3259 651,3262 695,3262 739,3262 783,3265 827,3265 871,3265 915,3265 959,3265 1003,3267 1047,3268 1091,3270 1135,3271 1179,3273 1223,3272 1267,3271 1311,3273 1355,3274 1399,3280"/>
                <TextEquiv>
                    <Unicode>eine Szene, die in Schnitzlers „Freiwild“</Unicode>
                </TextEquiv>
            </TextLine>
            <TextLine id="tr_1_tl_111" custom="readingOrder {index:110;}">
                <Coords points="1446,3314 2160,3336 2144,3274 1446,3270"/>
                <Baseline points="1459,3307 1494,3305 1529,3304 1564,3305 1600,3307 1635,3307 1670,3307 1705,3308 1741,3310 1776,3310 1811,3310 1846,3310 1882,3311 1917,3313 1952,3313 1987,3315 2023,3316 2058,3316 2093,3316 2128,3316 2164,3316"/>
                <TextEquiv>
                    <Unicode>sämtlichen Nummern verpflichtet.</Unicode>
                </TextEquiv>
            </TextLine>
            <TextLine id="tr_1_tl_112" custom="readingOrder {index:111;}">
                <Coords points="506,3316 1400,3341 1400,3278 506,3285"/>
                <Baseline points="519,3310 563,3310 607,3310 651,3310 696,3310 740,3310 784,3313 829,3313 873,3313 917,3313 962,3316 1006,3316 1050,3316 1094,3319 1139,3319 1183,3319 1227,3321 1272,3322 1316,3322 1360,3322 1405,3325"/>
                <TextEquiv>
                    <Unicode>gar nicht vorkommt. Dennoch erklärte sich</Unicode>
                </TextEquiv>
            </TextLine>
            <TextLine id="tr_1_tl_113" custom="readingOrder {index:112;}">
                <Coords points="508,3374 1400,3381 1364,3332 506,3319"/>
                <Baseline points="519,3355 563,3358 607,3358 651,3358 696,3358 740,3361 784,3361 829,3361 873,3363 917,3363 962,3363 1006,3363 1050,3366 1094,3366 1139,3366 1183,3366 1227,3368 1272,3369 1316,3369 1360,3369 1405,3366"/>
                <TextEquiv>
                    <Unicode>Schnitzler sofort mit dieser Szene einver¬</Unicode>
                </TextEquiv>
            </TextLine>
            <TextLine id="tr_1_tl_114" custom="readingOrder {index:113;}">
                <Coords points="1451,3410 2334,3426 2334,3390 1449,3361"/>
                <Baseline points="1462,3396 1505,3402 1549,3402 1593,3402 1637,3402 1681,3405 1725,3405 1769,3405 1813,3408 1857,3408 1901,3408 1944,3408 1988,3410 2032,3411 2076,3411 2120,3413 2164,3414 2208,3414 2252,3416 2296,3417 2340,3414"/>
                <TextEquiv>
                    <Unicode>Verantwortlich für den redaktionellen Teil: Dr. Hans</Unicode>
                </TextEquiv>
            </TextLine>
            <TextLine id="tr_1_tl_115" custom="readingOrder {index:114;}">
                <Coords points="501,3419 1391,3437 1391,3385 1277,3372 501,3381"/>
                <Baseline points="513,3402 557,3405 601,3405 645,3405 689,3408 733,3408 777,3408 822,3411 866,3411 910,3411 954,3411 998,3414 1042,3414 1086,3414 1131,3414 1175,3414 1219,3416 1263,3417 1307,3419 1351,3420 1396,3417"/>
                <TextEquiv>
                    <Unicode>standen und freute sich offensichtlich über</Unicode>
                </TextEquiv>
            </TextLine>
            <TextLine id="tr_1_tl_116" custom="readingOrder {index:115;}">
                <Coords points="1453,3446 2342,3470 2342,3426 2302,3421 1453,3410"/>
                <Baseline points="1465,3438 1509,3438 1553,3441 1597,3441 1641,3444 1685,3444 1729,3444 1773,3444 1817,3447 1861,3447 1905,3449 1949,3448 1993,3449 2037,3450 2081,3450 2125,3450 2169,3452 2213,3453 2257,3453 2301,3453 2346,3453"/>
                <TextEquiv>
                    <Unicode>Wollenberg, Berlin; für den Inseratenteil: Heinz</Unicode>
                </TextEquiv>
            </TextLine>
            <TextLine id="tr_1_tl_117" custom="readingOrder {index:116;}">
                <Coords points="506,3463 1397,3490 1397,3439 504,3419"/>
                <Baseline points="519,3453 563,3453 607,3456 651,3456 695,3459 739,3459 783,3459 828,3462 872,3462 916,3459 960,3462 1004,3462 1048,3462 1092,3462 1137,3464 1181,3465 1225,3465 1269,3467 1313,3468 1357,3468 1402,3468"/>
                <TextEquiv>
                    <Unicode>die Ergänzungsarbeit, die seine beiden</Unicode>
                </TextEquiv>
            </TextLine>
            <TextLine id="tr_1_tl_118" custom="readingOrder {index:117;}">
                <Coords points="1444,3488 2334,3504 2331,3461 1442,3446"/>
                <Baseline points="1456,3480 1500,3480 1544,3480 1588,3480 1632,3480 1677,3483 1721,3483 1765,3483 1809,3483 1853,3486 1898,3486 1942,3483 1986,3486 2030,3488 2074,3489 2119,3491 2163,3492 2207,3492 2251,3492 2295,3494 2340,3495"/>
                <TextEquiv>
                    <Unicode>Becker, Berlin-Friedenau. — Druck und Verlag:</Unicode>
                </TextEquiv>
            </TextLine>
            <TextLine id="tr_1_tl_119" custom="readingOrder {index:118;}">
                <Coords points="479,3530 887,3521 947,3548 1003,3521 1117,3550 1409,3524 1406,3488 1119,3461 477,3459"/>
                <Baseline points="492,3504 538,3504 584,3504 630,3504 676,3504 722,3507 768,3507 814,3511 860,3513 906,3513 953,3513 999,3512 1045,3510 1091,3511 1137,3513 1183,3514 1229,3516 1275,3516 1321,3518 1367,3517 1414,3516"/>
                <TextEquiv>
                    <Unicode>Nachdichter am „Freiwild“ vorgenommen</Unicode>
                </TextEquiv>
            </TextLine>
            <TextLine id="tr_1_tl_120" custom="readingOrder {index:119;}">
                <Coords points="1449,3524 1830,3559 1917,3530 2042,3577 2106,3535 2342,3546 2340,3510 1446,3488"/>
                <Baseline points="1459,3519 1503,3519 1548,3519 1592,3519 1637,3519 1681,3522 1726,3525 1770,3525 1815,3525 1859,3525 1904,3528 1948,3528 1993,3528 2037,3528 2082,3531 2126,3531 2171,3531 2215,3531 2260,3531 2304,3531 2349,3537"/>
                <TextEquiv>
                    <Unicode>Gebr. Wolfsohn G. m. b. H. (L.B.B.), Berlin SW 48.</Unicode>
                </TextEquiv>
            </TextLine>
            <TextLine id="tr_1_tl_121" custom="readingOrder {index:120;}">
                <Coords points="1282,3793 1306,3782 1333,3789 1395,3755 1431,3760 1442,3749 1491,3773 1560,3773 1556,3682 1522,3669 1455,3691 1440,3677 1415,3686 1397,3671 1362,3675 1315,3711 1279,3718"/>
                <Baseline points="1292,3740 1319,3738 1346,3737 1373,3737 1400,3737 1428,3737 1455,3739 1482,3741 1509,3743 1536,3746 1564,3749"/>
                <TextEquiv>
                    <Unicode></Unicode>
                </TextEquiv>
            </TextLine>
            <TextEquiv>
                <Unicode></Unicode>
            </TextEquiv>
        </TextRegion>
    </Page>
</PcGts>
