3484 4256
663 0 2203 89 es an de Cometa an die et de leur
1765 131 2588 216 Aber wenn ich auch später erkannt habe
722 129 1636 223 Seitentasche hält ihn rechtzeitig zurück. Kein
1666 180 2604 248 daß die Angelegenheit der Frau Pepi
724 216 1638 272 Zweifel, die Akten sind weg, sie müssen in
1671 234 2597 307 Wassertheil so polnisch war, daß ich auch
722 251 1636 321 der Garderobe herausgefallen sein. Dieser
1666 281 2597 342 mit den Akten unterlegen wäre, so vermag
724 300 1641 387 verwünschte Ball! Ich gehe nie mehr tanzen,
1671 342 2599 403 dies doch nichts an meiner festen Ueberzeu¬
720 356 1029 429 nie mehr, nie!
1676 380 2602 450 gung zu ändern, daß schöne Augen für das
816 373 1641 462 Aber das tut nichts. Es ist ja eine
1676 436 2609 502 gesamte öffentliche Leben — vom privaten
717 441 1636 513 aufgelegte Kontumaz. Der Gegner wird
1688 464 2602 534 gar nicht zu reden — von so eminenter Ge¬
722 497 1643 551 nicht erscheinen. Das ist doch vorauszusehen.
1678 527 2604 591 fährlichkeit sind, daß es die Aufgabe jedes
722 534 1638 595 Nur ruhig, es wird schon schief gehen! Und
1685 567 2602 633 geordneten Staatswesens ist, gegen diese
717 579 1645 645 mit einigen wilden Sätzen bin ich auf der
724 607 2599 684 Gasse, um — sofort um das vergessene blauen bzw. schwarzen, grauen oder grünen
1683 661 2613 729 Höllenmaschinen umfassendste Vorkehrungen
724 675 1650 769 Portemonnaie, das die notwendigen Stempel
1683 712 2599 773 zu treffen. Ich habe die Sache bereits dem
722 724 1153 811 birgt, zurückzukehren.
1685 755 2602 825 Grafen Sternberg an die Hand gegeben und
834 743 1645 841 „Das bedeutet Unglück, sagt das Dienst¬
1673 802 2602 872 es ist von diesem temperamentvollen Volks¬
724 809 1641 884 mädchen gewohnheitsmäßig und mechanisch
1678 846 2609 914 vertreter gewiß zu erwarten, daß er in seiner
724 865 1641 928 Aber ich schiebe die Seherin unsanft zur
1683 898 2602 959 radikalen Art zumindest nach Analogie der
724 907 1648 982 Seite und nun geht's in rasendem Lauf, in
1676 935 2602 1005 Maulkörbe das obligatorische Tragen dunkler
724 956 1648 1024 überstürzenden Karree durch die Straßen,
1678 991 2606 1080 Brillen für Inhaberinnen von Märchenaugen
724 998 1648 1073 zwischen Milchwagen und Elektrischen hin¬
2339 1038 2571 1095 Dr. P. K.
1683 1043 2032 1125 durchsetzen wird.
727 1048 1652 1113 durch, Stöße austeilend, Püffe empfangend,
1688 1102 1772 1172 —
727 1097 1652 1167 immer weiter, weiter, wie ein Automobil
724 1146 1345 1226 beim Gordon Benett=Rennen.
1830 1153 2463 1275 Wiener Theaterbrief
827 1167 1659 1273 Plötzlich kommt mir ein alter Herr in
717 1233 1657 1301 den Weg: „Brüß Dich — — „Morgen,
2128 1245 2583 1327 Wien, Ende Feber.
722 1277 1650 1352 Onkel, Du entschuldigst, nicht wahr, eine
1765 1301 2613 1380 Wien ist zwar wieder eine Theaterstadt, das
727 1336 961 1413 Tagfahrt
1688 1357 2613 1416 wird jetzt von allen Seiten freundlich zugestan¬
823 1352 1657 1448 Und der alte Herr sieht mir verdutzt
1688 1402 2613 1458 den, außer von jenen Wiener Dichtern, die eben
724 1416 1659 1484 nach mit erstauntem Kopfschütteln über den
1695 1446 2616 1495 nach Berlin zur Premiere gereist sind — aber
736 1472 1659 1540 falschen Neffen, der doch als Student ihm
1695 1491 2616 1545 das Wiener Theaterpublikum, so hört man, hat
738 1519 1657 1580 und insbesondere seiner Brieftasche in so
1692 1528 2611 1584 noch immer den vormärzlichen Geschmack, Ernst¬
1688 1570 2611 1638 hafte Dinge, auf dem Theater verhandelt, inte¬
736 1568 1652 1624 treuer Anhänglichkeit zugetan gewesen und
731 1615 2613 1695 der ihn jetzt einfach auf der Straße stehen ressieren angeblich kaum. Ibsen wird in der
1695 1655 2609 1720 Phäakenstadt nie verstanden werden soziale und
734 1664 1662 1748 läßt. Die undankbare Jugend! Es tut mir
736 1695 2613 1779 in der Seele weh, lieber Onkel, Dir nicht gar politische Probleme finden von der Bühne
1692 1737 2613 1793 herab kein Gehör, Soldatenstücke, die läßt man
734 1755 1662 1833 meine alte, treue Anhänglichkeit — der
1697 1781 2611 1847 sich etwa noch gefallen, weil ja die Soldateska
745 1809 1671 1866 Fasching kostet soviel Geld — beweisen zu
1692 1830 2618 1880 mit den „füßen Mädeln in dem bekannt ange¬
734 1849 1664 1908 können. Allein mich ruft die Pflicht, mich
1697 1868 2613 1924 nehmen Zusammenhange steht — von diesen
736 1894 1662 1957 lockt jetzt nur ein Ziel, ein hehres, ein Name,
1699 1910 2611 1969 süßen Mädeln und allerliebst entgegenkommenden
736 1941 1662 2002 der in stammenden, feurigen Buchstaben vor
1699 1952 2592 2013 Frauen denkt man sich die Wiener Bühne einzu
1692 1992 2592 2046 und allein belebt, so wie man die Wiener Lit¬
738 1995 1664 2051 meinen Augen flimmert: Pepi Wassertheil
792 2032 2606 2088 Endlich trennt mich nur noch ein kleines raten auch immer nur als in Walzertakt fröhlich
1692 2079 2611 2133 einherhüpfende Männlein oder als tiefgrundig
743 2051 1662 2161 Gäßchen vom Bezirksgericht. Aber natürlich
1692 2123 2613 2177 katzenjämmerliche Ergründer der Liebeseele ge¬
748 2130 1662 2194 da ist der Zugang zu dem Gäßchen durch
1697 2170 2613 2224 schildert findet. Liebesaventuren, das ist allge¬
748 2177 1662 2248 eine langmächtige, dichtgeschlossene Reihe
1699 2208 2611 2264 meine Meinung im Reich, schweben allein rost
743 2227 1662 2290 von Eisführen versperrt. Es ist zum Rasend¬
1697 2264 2641 2306 an dem nicht sehr weiten Wiener literarischen
748 2271 1662 2341 werden! Hier müßig stehen und warten
1706 2290 2620 2348 und Theaterhorizont. Wenn ein Stück in Wien
748 2318 1671 2412 müssen, bis die lange, endlose Wagenreihe
1706 2334 2407 2405 gefallen soll, formulieren reichsdeut¬
743 2365 1320 2442 langsam vorbeipassiert...
1706 2372 2501 2430 Männer, so darf es sich freilich nicht mehr
827 2405 1666 2473 Plötzlich zittern die ersten Schläge der
1706 2402 2611 2475 die allzutugendhafte Frage drehen: Wie krieg
1704 2456 2623 2524 Haus seine Grete — Doch mit einigen Kombi¬
750 2430 1673 2527 mühen Turmuhr durch die neblige Luft. O.
1697 2498 2625 2557 nationen, etwa mit dem artigen Verierspiel: Wie
748 2503 1664 2564 Pepi, Pepi! Und mit kühnem Entschlusse
1706 2541 2623 2602 wird Haus die Grete los Wie macht es der
748 2559 1673 2613 und geradezu japanischer Todesverachtung
1706 2588 2632 2644 kluge Haus, daß ihn weder die Grete, noch deren
762 2597 1673 2662 schlängle ich mich — dank meiner für den
748 2630 2632 2709 künftigen Advokaten beinahe standeswidrigen beste Freundin, mit der er natürlich auch eine
1706 2670 2620 2728 Beziehung anfädelt, an den Altar schleppt?
750 2693 1673 2759 Schlankheit — zwischen der Rückseite eines
1706 2707 2632 2805 mit solchen Problemen macht jeder Theaterdichter
762 2735 1673 2843 Wagens und zwei schnaubenden Rüstern
1704 2763 2170 2822 in Wien sein Glück.
755 2798 942 2859 .
1793 2794 2634 2857 Dieses oft betonte Vorwiegen des Erotischen in
1709 2845 2639 2899 unserer Stadt der Formen, der Farben, der
1718 2888 2634 2948 Frauen, scheint in unserer ganzen Atmospäre be¬
1725 2930 2639 2988 gründet, doch ist diese Last, wenigstens die
1718 2984 2632 3028 Theaterlust, schon seit langen nicht mehr so
1718 3021 2634 3073 leichtfertig, wie man da draußen noch immer ver¬
1718 3054 2632 3110 meint. Betrachten Sie doch unser Repertoire der
1718 3098 2625 3155 letzten Wochen: das Liebes=Lustspiel, die Liebes¬
1716 3138 2644 3197 tragödie fehlen beinahe ganz. Diese Dinge, seien
1725 3190 2639 3246 sie noch so munter gewoben, werden rasch von
1713 3225 2637 3284 der Bühnenfläche gesegt. Selbst das Amouretten¬
1720 3267 2632 3330 Theater reinster oder nicht ganz reiner Schattie¬
1713 3309 2639 3370 rung, das Theater in der Josefstadt, hat mit
1725 3352 2632 3420 seinen literarischen Einakter=Abenden mehr ge¬
1718 3396 2644 3455 macht", wie man in unserem Jargon zu sagen
1725 3438 2662 3497 pflegt, als mit den niedlichsten Obskuritäten.
1720 3480 2646 3541 Das soziale Stück beherrscht jetzt die selbst in
1716 3523 2639 3574 Wien nachdenklicher gestimmten Kreise der Theater¬
1727 3562 2634 3633 Hungrigen. Im Burgtheater hat „Trauulus
1718 3607 2644 3668 ein kluges, wenn man will, erklügeltes Rechen¬
1725 3649 2639 3708 exempel ein „Schulfall“ in jedem Sinn, ein
1727 3689 2639 3762 Stück, das in die Anfänge jeder sozialen Erörte¬
1725 3734 2641 3797 rung, in die pädagogische Sphäre greift, trotz des
1720 3773 2639 3834 anfänglichen Widerstrebens unseres Publikums
1725 3823 2646 3888 den Erfolg, freilich zunächst durch Sonnenthals
1720 3860 2651 3959 Meisterspiel, zu sich gezwungen. Im Volks¬
