<?xml version="1.0" encoding="UTF-8" standalone="yes"?>
<PcGts xmlns="http://schema.primaresearch.org/PAGE/gts/pagecontent/2013-07-15" xmlns:xsi="http://www.w3.org/2001/XMLSchema-instance" xsi:schemaLocation="http://schema.primaresearch.org/PAGE/gts/pagecontent/2013-07-15 http://schema.primaresearch.org/PAGE/gts/pagecontent/2013-07-15/pagecontent.xsd">
    <Metadata>
        <Creator>prov=READ-COOP:name=PyLaia@TranskribusPlatform:version=2.12.1:model_id=39995:lm=provided:date=28_03_2024_21:32</Creator>
        <Created>2019-10-07T11:48:06.029+02:00</Created>
        <LastChange>2024-03-28T21:32:37.505+01:00</LastChange>
        <TranskribusMetadata docId="223990" pageId="9504509" pageNr="192" tsid="156390342" status="IN_PROGRESS" userId="40391" imgUrl="https://files.transkribus.eu/Get?id=OFNCUMBIWTLLGTBKGYGIUYUU&amp;fileType=view" xmlUrl="https://files.transkribus.eu/Get?id=MYXKWVZDKWUSCDFZKTQRCDYM" imageId="6194723"/>
    </Metadata>
    <Page imageFilename="223990_0192.jpeg" imageWidth="3484" imageHeight="4224">
        <ReadingOrder>
            <OrderedGroup id="ro_1712662613656" caption="Regions reading order">
                <RegionRefIndexed index="0" regionRef="tr_1"/>
                <RegionRefIndexed index="1" regionRef="tr_2"/>
                <RegionRefIndexed index="2" regionRef="tr_3"/>
            </OrderedGroup>
        </ReadingOrder>
        <TextRegion orientation="0.0" id="tr_1" custom="readingOrder {index:0;}">
            <Coords points="280,144 280,303 441,303 441,144"/>
            <TextLine id="tr_1_tl_1" custom="readingOrder {index:0;}">
                <Coords points="274,257 328,259 340,253 354,259 385,243 404,254 439,254 437,227 390,203 372,206 349,190 342,194 319,182 270,188"/>
                <Baseline points="280,244 306,244 333,245 360,246 387,247 414,247 441,253"/>
                <TextEquiv>
                    <Unicode>8.</Unicode>
                </TextEquiv>
            </TextLine>
            <TextEquiv>
                <Unicode></Unicode>
            </TextEquiv>
        </TextRegion>
        <TextRegion orientation="0.0" id="tr_2" custom="readingOrder {index:1;}">
            <Coords points="331,225 331,4060 1367,4060 1367,225"/>
            <TextLine id="tr_2_tl_1" custom="readingOrder {index:0;}">
                <Coords points="552,248 564,246 574,256 587,258 603,254 612,258 624,254 633,256 636,208 630,208 621,199 602,200 591,192 576,194 568,200 557,199"/>
                <Baseline points="558,256 584,247 610,246 637,248"/>
                <TextEquiv>
                    <Unicode></Unicode>
                </TextEquiv>
            </TextLine>
            <TextLine id="tr_2_tl_2" custom="readingOrder {index:1;}">
                <Coords points="969,265 1078,262 1100,275 1146,256 1185,267 1218,256 1256,284 1293,262 1364,267 1364,193 1293,204 1243,187 1198,193 1148,227 1100,205 1026,213 997,190 969,194"/>
                <Baseline points="976,250 1002,250 1028,250 1054,250 1080,252 1106,253 1132,253 1158,254 1184,256 1210,254 1236,253 1262,253 1288,252 1314,251 1340,249 1367,247"/>
                <TextEquiv>
                    <Unicode>box 14/3</Unicode>
                </TextEquiv>
            </TextLine>
            <TextLine id="tr_2_tl_3" custom="readingOrder {index:2;}">
                <Coords points="557,289 562,289 579,273 595,281 608,280 623,289 638,288 633,254 624,254 623,257 613,254 612,257 609,254 598,256 592,252 571,251 564,246 550,247"/>
                <Baseline points="558,256 584,261 611,265 638,267"/>
                <TextEquiv>
                    <Unicode>....</Unicode>
                </TextEquiv>
            </TextLine>
            <TextLine id="tr_2_tl_4" custom="readingOrder {index:3;}">
                <Coords points="691,294 698,294 709,284 724,284 737,274 759,275 770,283 784,285 773,197 742,198 737,193 719,194 711,189 679,193"/>
                <Baseline points="694,257 724,264 754,268 785,267"/>
                <TextEquiv>
                    <Unicode>1</Unicode>
                </TextEquiv>
            </TextLine>
            <TextLine id="tr_2_tl_5" custom="readingOrder {index:4;}">
                <Coords points="339,2528 394,2510 413,2518 445,2510 458,2521 547,2515 547,2442 515,2445 489,2435 414,2446 367,2432 339,2442"/>
                <Baseline points="346,2504 371,2501 396,2503 422,2503 447,2502 472,2501 498,2501 523,2501 549,2501"/>
                <TextEquiv>
                    <Unicode>sichtlich.</Unicode>
                </TextEquiv>
            </TextLine>
            <TextLine id="tr_2_tl_6" custom="readingOrder {index:5;}">
                <Coords points="333,2643 1318,2654 1302,2558 333,2562"/>
                <Baseline points="340,2623 389,2626 438,2627 487,2628 536,2626 585,2626 634,2626 683,2626 732,2628 781,2626 831,2626 880,2626 929,2629 978,2627 1027,2629 1076,2629 1125,2629 1174,2629 1223,2629 1272,2631 1322,2629"/>
                <TextEquiv>
                    <Unicode>Theater- und Kunstnachrichten.</Unicode>
                </TextEquiv>
            </TextLine>
            <TextLine id="tr_2_tl_7" custom="readingOrder {index:6;}">
                <Coords points="668,2741 713,2732 750,2741 777,2728 831,2735 850,2724 890,2735 902,2724 966,2719 963,2668 853,2679 817,2670 788,2686 735,2663 672,2673"/>
                <Baseline points="677,2722 703,2719 730,2717 756,2716 783,2716 810,2715 836,2713 863,2713 890,2712 916,2711 943,2708 970,2704"/>
                <TextEquiv>
                    <Unicode>„Freiwild."</Unicode>
                </TextEquiv>
            </TextLine>
            <TextLine id="tr_2_tl_8" custom="readingOrder {index:7;}">
                <Coords points="333,2792 1315,2784 1315,2745 1224,2722 1010,2751 333,2729"/>
                <Baseline points="340,2767 388,2767 437,2767 486,2766 535,2763 584,2761 632,2761 681,2761 730,2761 779,2763 828,2764 876,2761 925,2764 974,2764 1023,2761 1072,2762 1120,2765 1169,2767 1218,2769 1267,2770 1316,2770"/>
                <TextEquiv>
                    <Unicode>(Schauspiel in drei Akten von Arthur Schnitzler. — Erste Aufführung</Unicode>
                </TextEquiv>
            </TextLine>
            <TextLine id="tr_2_tl_9" custom="readingOrder {index:8;}">
                <Coords points="563,2811 616,2797 707,2821 870,2797 913,2818 1084,2810 1075,2767 563,2771"/>
                <Baseline points="570,2794 595,2794 621,2794 647,2794 673,2794 699,2794 724,2794 750,2794 776,2794 802,2794 828,2794 853,2794 879,2794 905,2794 931,2794 957,2794 982,2794 1008,2794 1034,2794 1060,2794 1086,2800"/>
                <TextEquiv>
                    <Unicode>im Carltheater am 4. Februar 1898.)</Unicode>
                </TextEquiv>
            </TextLine>
            <TextLine id="tr_2_tl_10" custom="readingOrder {index:9;}">
                <Coords points="407,2848 1310,2857 1284,2799 1087,2827 407,2795"/>
                <Baseline points="414,2841 461,2841 508,2841 555,2841 603,2844 650,2844 697,2844 745,2845 792,2844 839,2842 887,2844 934,2844 981,2844 1029,2846 1076,2845 1123,2844 1171,2844 1218,2844 1265,2844 1313,2844"/>
                <TextEquiv>
                    <Unicode>Auf dem Umwege über Berlin ist Arthur</Unicode>
                </TextEquiv>
            </TextLine>
            <TextLine id="tr_2_tl_11" custom="readingOrder {index:10;}">
                <Coords points="331,2897 1314,2902 1314,2853 331,2861"/>
                <Baseline points="337,2886 388,2886 440,2887 491,2889 543,2889 594,2887 646,2886 697,2889 749,2889 800,2889 852,2887 903,2886 955,2886 1006,2886 1058,2886 1109,2886 1161,2887 1212,2891 1264,2890 1316,2889"/>
                <TextEquiv>
                    <Unicode>Schnitzler's Schauspiel „Freiwild", das schon</Unicode>
                </TextEquiv>
            </TextLine>
            <TextLine id="tr_2_tl_12" custom="readingOrder {index:11;}">
                <Coords points="324,2944 1310,2942 1310,2904 1269,2897 324,2901"/>
                <Baseline points="331,2928 380,2931 429,2931 478,2931 527,2931 576,2931 625,2931 674,2931 723,2931 772,2931 822,2931 871,2931 920,2931 969,2929 1018,2931 1067,2931 1116,2929 1165,2930 1214,2933 1263,2934 1313,2934"/>
                <TextEquiv>
                    <Unicode>vor mehr als einem Jahre am Berliner Deutschen</Unicode>
                </TextEquiv>
            </TextLine>
            <TextLine id="tr_2_tl_13" custom="readingOrder {index:12;}">
                <Coords points="337,2986 1310,2985 1310,2942 337,2938"/>
                <Baseline points="343,2973 391,2973 440,2976 488,2975 537,2973 585,2974 634,2976 682,2976 731,2976 779,2976 828,2973 876,2973 925,2976 973,2976 1022,2976 1070,2976 1119,2975 1167,2974 1216,2976 1264,2976 1313,2973"/>
                <TextEquiv>
                    <Unicode>Theater mit Erfolg aufgeführt worden, gestern Abends</Unicode>
                </TextEquiv>
            </TextLine>
            <TextLine id="tr_2_tl_14" custom="readingOrder {index:13;}">
                <Coords points="331,3031 1304,3028 1295,2983 331,2986"/>
                <Baseline points="337,3017 385,3017 434,3017 482,3017 531,3017 579,3017 628,3017 676,3017 725,3017 773,3016 822,3015 870,3017 919,3017 967,3015 1016,3017 1064,3017 1113,3017 1161,3017 1210,3018 1258,3020 1307,3017"/>
                <TextEquiv>
                    <Unicode>im Carltheater gelandet. Warum im Carltheater und</Unicode>
                </TextEquiv>
            </TextLine>
            <TextLine id="tr_2_tl_15" custom="readingOrder {index:14;}">
                <Coords points="339,3069 1309,3073 1285,3028 339,3034"/>
                <Baseline points="346,3062 394,3062 442,3059 490,3060 538,3062 587,3062 635,3062 683,3062 731,3060 779,3059 828,3061 876,3062 924,3059 972,3062 1020,3062 1069,3062 1117,3060 1165,3061 1213,3060 1261,3062 1310,3062"/>
                <TextEquiv>
                    <Unicode>nicht im Burgtheater, dessen Pforten sich doch bereits</Unicode>
                </TextEquiv>
            </TextLine>
            <TextLine id="tr_2_tl_16" custom="readingOrder {index:15;}">
                <Coords points="345,3119 1315,3115 1315,3078 1219,3066 345,3069"/>
                <Baseline points="352,3107 400,3105 448,3102 496,3103 544,3104 593,3104 641,3104 689,3104 737,3104 785,3104 834,3104 882,3104 930,3104 978,3103 1026,3103 1075,3104 1123,3104 1171,3104 1219,3104 1267,3104 1316,3104"/>
                <TextEquiv>
                    <Unicode>früher einem Schauspiele dieses begabten Wiener Autors</Unicode>
                </TextEquiv>
            </TextLine>
            <TextLine id="tr_2_tl_17" custom="readingOrder {index:16;}">
                <Coords points="345,3155 1309,3158 1277,3114 345,3119"/>
                <Baseline points="352,3143 399,3146 447,3146 495,3146 543,3147 591,3148 639,3146 687,3146 735,3148 783,3149 831,3147 878,3146 926,3148 974,3146 1022,3146 1070,3146 1118,3146 1166,3149 1214,3149 1262,3149 1310,3146"/>
                <TextEquiv>
                    <Unicode>erschlossen hatten? Ist „Freiwild“, weniger hoftheater¬</Unicode>
                </TextEquiv>
            </TextLine>
            <TextLine id="tr_2_tl_18" custom="readingOrder {index:17;}">
                <Coords points="339,3205 1310,3194 1310,3158 1187,3180 1129,3148 961,3181 339,3149"/>
                <Baseline points="346,3194 394,3190 442,3190 491,3189 539,3190 587,3189 636,3188 684,3188 732,3185 781,3188 829,3191 877,3191 926,3190 974,3189 1022,3191 1071,3191 1119,3189 1167,3192 1216,3194 1264,3194 1313,3188"/>
                <TextEquiv>
                    <Unicode>fähig als „Liebelei"? Gewiß nicht, eher mehr. „Frei¬</Unicode>
                </TextEquiv>
            </TextLine>
            <TextLine id="tr_2_tl_19" custom="readingOrder {index:18;}">
                <Coords points="343,3250 1310,3246 1310,3198 343,3201"/>
                <Baseline points="349,3229 397,3229 445,3232 493,3230 541,3232 590,3232 638,3232 686,3232 734,3232 782,3232 831,3232 879,3232 927,3232 975,3229 1023,3229 1072,3232 1120,3230 1168,3233 1216,3235 1264,3235 1313,3229"/>
                <TextEquiv>
                    <Unicode>wild“ ist ein Tendenzstück oder scheint doch wenigstens</Unicode>
                </TextEquiv>
            </TextLine>
            <TextLine id="tr_2_tl_20" custom="readingOrder {index:19;}">
                <Coords points="337,3284 1316,3297 1316,3251 1274,3243 337,3249"/>
                <Baseline points="343,3274 391,3277 440,3276 489,3274 538,3274 587,3274 635,3274 684,3274 733,3274 782,3274 831,3277 879,3277 928,3274 977,3274 1026,3275 1075,3277 1123,3276 1172,3276 1221,3277 1270,3277 1319,3277"/>
                <TextEquiv>
                    <Unicode>eines zu sein, da es die Duellfrage erörtert. Aber in</Unicode>
                </TextEquiv>
            </TextLine>
            <TextLine id="tr_2_tl_21" custom="readingOrder {index:20;}">
                <Coords points="339,3334 1310,3331 1310,3293 1266,3280 339,3286"/>
                <Baseline points="346,3319 394,3319 442,3316 491,3316 539,3316 587,3317 636,3319 684,3317 732,3318 781,3319 829,3317 877,3319 926,3319 974,3319 1022,3319 1071,3319 1119,3319 1167,3319 1216,3319 1264,3321 1313,3322"/>
                <TextEquiv>
                    <Unicode>dieser Erörterung ist einem österreichischen Offizier eine</Unicode>
                </TextEquiv>
            </TextLine>
            <TextLine id="tr_2_tl_22" custom="readingOrder {index:21;}">
                <Coords points="337,3374 1310,3380 1310,3332 1242,3323 337,3334"/>
                <Baseline points="343,3364 391,3364 440,3362 488,3361 537,3361 585,3361 634,3361 682,3361 731,3361 779,3361 828,3361 876,3361 925,3361 973,3361 1022,3361 1070,3361 1119,3361 1167,3361 1216,3364 1264,3364 1313,3361"/>
                <TextEquiv>
                    <Unicode>allerdings nicht gerade rühmliche Rolle zugewiesen. Das</Unicode>
                </TextEquiv>
            </TextLine>
            <TextLine id="tr_2_tl_23" custom="readingOrder {index:22;}">
                <Coords points="339,3418 1309,3417 1280,3370 339,3373"/>
                <Baseline points="346,3403 394,3406 442,3406 490,3406 538,3405 587,3403 635,3402 683,3402 731,3405 779,3404 828,3403 876,3403 924,3406 972,3406 1020,3403 1069,3403 1117,3405 1165,3404 1213,3406 1261,3407 1310,3406"/>
                <TextEquiv>
                    <Unicode>allein ist wohl der Grund, aus welchem das Stück in</Unicode>
                </TextEquiv>
            </TextLine>
            <TextLine id="tr_2_tl_24" custom="readingOrder {index:23;}">
                <Coords points="339,3458 1310,3460 1310,3418 1228,3413 339,3418"/>
                <Baseline points="346,3450 394,3450 442,3448 491,3445 539,3446 587,3447 636,3444 684,3447 732,3447 781,3447 829,3447 877,3447 926,3448 974,3449 1022,3447 1071,3449 1119,3448 1167,3449 1216,3450 1264,3450 1313,3447"/>
                <TextEquiv>
                    <Unicode>Wien so lange antichambriren mußte und im Burg¬</Unicode>
                </TextEquiv>
            </TextLine>
            <TextLine id="tr_2_tl_25" custom="readingOrder {index:24;}">
                <Coords points="337,3512 1038,3499 1038,3466 1003,3456 337,3460"/>
                <Baseline points="343,3495 377,3492 412,3492 447,3492 482,3492 517,3492 552,3492 587,3492 622,3490 657,3490 692,3492 726,3492 761,3492 796,3490 831,3490 866,3492 901,3489 936,3491 971,3492 1006,3492 1041,3492"/>
                <TextEquiv>
                    <Unicode>theater überhaupt nicht anpochen durfte.</Unicode>
                </TextEquiv>
            </TextLine>
            <TextLine id="tr_2_tl_26" custom="readingOrder {index:25;}">
                <Coords points="419,3544 1304,3550 1294,3491 418,3503"/>
                <Baseline points="426,3534 470,3534 514,3534 558,3534 602,3534 646,3534 690,3534 734,3534 778,3534 822,3534 866,3534 910,3534 954,3534 998,3536 1042,3537 1086,3537 1130,3537 1174,3537 1218,3537 1262,3539 1307,3540"/>
                <TextEquiv>
                    <Unicode>Der fragwürdige Offizier ist Lieutenant Karinsky,</Unicode>
                </TextEquiv>
            </TextLine>
            <TextLine id="tr_2_tl_27" custom="readingOrder {index:26;}">
                <Coords points="337,3594 1314,3595 1314,3555 1246,3544 337,3550"/>
                <Baseline points="343,3579 391,3579 440,3576 488,3577 537,3578 586,3577 634,3576 683,3575 732,3576 780,3576 829,3579 878,3576 926,3576 975,3579 1024,3577 1072,3581 1121,3579 1170,3580 1218,3580 1267,3581 1316,3582"/>
                <TextEquiv>
                    <Unicode>ein Spieler und Schürzenjäger, der knapp vor dem</Unicode>
                </TextEquiv>
            </TextLine>
            <TextLine id="tr_2_tl_28" custom="readingOrder {index:27;}">
                <Coords points="337,3627 1307,3636 1307,3597 1156,3585 337,3594"/>
                <Baseline points="343,3620 391,3623 439,3620 488,3622 536,3620 584,3620 633,3621 681,3621 729,3620 778,3620 826,3620 874,3620 923,3620 971,3620 1019,3623 1068,3623 1116,3623 1164,3623 1213,3624 1261,3624 1310,3620"/>
                <TextEquiv>
                    <Unicode>Ruin steht. Vorläufig ist Karinsky bemüht, in einem</Unicode>
                </TextEquiv>
            </TextLine>
            <TextLine id="tr_2_tl_29" custom="readingOrder {index:28;}">
                <Coords points="337,3669 1310,3676 1310,3638 1199,3626 337,3627"/>
                <Baseline points="343,3665 391,3665 440,3665 488,3665 537,3664 585,3662 634,3662 682,3664 731,3663 779,3662 828,3662 876,3665 925,3665 973,3665 1022,3665 1070,3665 1119,3665 1167,3665 1216,3666 1264,3668 1313,3668"/>
                <TextEquiv>
                    <Unicode>kleinen Badeorte nächst der Residenz sich seine Sorgen</Unicode>
                </TextEquiv>
            </TextLine>
            <TextLine id="tr_2_tl_30" custom="readingOrder {index:29;}">
                <Coords points="345,3724 1310,3721 1300,3675 345,3675"/>
                <Baseline points="352,3710 400,3713 448,3710 496,3707 544,3707 592,3706 640,3705 688,3707 736,3707 784,3707 832,3707 880,3707 928,3707 976,3707 1024,3707 1072,3707 1120,3710 1168,3709 1216,3708 1264,3710 1313,3710"/>
                <TextEquiv>
                    <Unicode>so gut es geht bei Zechgelagen und galanten Aben¬</Unicode>
                </TextEquiv>
            </TextLine>
            <TextLine id="tr_2_tl_31" custom="readingOrder {index:30;}">
                <Coords points="339,3760 1310,3772 1310,3724 1273,3719 339,3726"/>
                <Baseline points="346,3752 394,3755 442,3755 491,3752 539,3752 587,3752 636,3752 684,3752 732,3752 781,3752 829,3752 877,3752 926,3752 974,3755 1022,3752 1071,3752 1119,3752 1167,3753 1216,3755 1264,3755 1313,3752"/>
                <TextEquiv>
                    <Unicode>teuern aus dem Kopfe zu schlagen. Im Mittelpunkte</Unicode>
                </TextEquiv>
            </TextLine>
            <TextLine id="tr_2_tl_32" custom="readingOrder {index:31;}">
                <Coords points="331,3808 863,3835 1316,3809 1261,3760 331,3767"/>
                <Baseline points="337,3800 386,3800 435,3801 484,3802 533,3800 582,3798 631,3799 680,3798 729,3797 778,3797 828,3797 877,3797 926,3797 975,3797 1024,3797 1073,3797 1122,3797 1171,3799 1220,3800 1269,3800 1319,3797"/>
                <TextEquiv>
                    <Unicode>des galanten Badelebens stehen die weiblichen Mit¬</Unicode>
                </TextEquiv>
            </TextLine>
            <TextLine id="tr_2_tl_33" custom="readingOrder {index:32;}">
                <Coords points="559,4060 1036,4048 1181,4009 1355,4040 1360,3963 1153,3933 1010,3970 907,3928 753,3995 622,3930 566,3941"/>
                <Baseline points="567,4044 606,4047 646,4050 686,4047 725,4047 765,4045 805,4040 844,4035 884,4032 924,4031 964,4028 1003,4023 1043,4018 1083,4016 1122,4013 1162,4010 1202,4009 1241,4009 1281,4010 1321,4012 1361,4012"/>
                <TextEquiv>
                    <Unicode>a</Unicode>
                </TextEquiv>
            </TextLine>
            <TextEquiv>
                <Unicode></Unicode>
            </TextEquiv>
        </TextRegion>
        <TextRegion orientation="0.0" id="tr_3" custom="readingOrder {index:2;}">
            <Coords points="2241,206 2241,3813 3295,3813 3295,206"/>
            <TextLine id="tr_3_tl_1" custom="readingOrder {index:0;}">
                <Coords points="2939,241 3169,257 3292,242 3292,177 3280,174 3211,183 3175,166 3119,190 3031,173 2939,184"/>
                <Baseline points="2946,232 2972,230 2999,229 3026,229 3053,229 3080,229 3107,229 3133,228 3160,226 3187,226 3214,227 3241,228 3268,229 3295,229"/>
                <TextEquiv>
                    <Unicode>Oesterr. Volk¬</Unicode>
                </TextEquiv>
            </TextLine>
            <TextLine id="tr_3_tl_2" custom="readingOrder {index:1;}">
                <Coords points="2279,246 2752,247 2752,198 2719,194 2655,206 2573,188 2481,210 2449,190 2417,206 2279,190"/>
                <Baseline points="2286,232 2312,234 2338,235 2364,237 2390,238 2416,238 2442,238 2468,238 2494,236 2520,235 2546,235 2572,235 2598,235 2624,233 2650,232 2676,234 2702,235 2728,235 2755,232"/>
                <TextEquiv>
                    <Unicode>Samstag 5. Februar 1898.</Unicode>
                </TextEquiv>
            </TextLine>
            <TextLine id="tr_3_tl_3" custom="readingOrder {index:2;}">
                <Coords points="2240,344 3203,344 3203,306 2975,290 2240,295"/>
                <Baseline points="2247,328 2297,331 2347,331 2398,332 2448,333 2499,331 2549,331 2600,331 2650,328 2701,331 2751,332 2802,334 2852,332 2903,331 2953,331 3004,331 3054,331 3105,331 3155,331 3206,328"/>
                <TextEquiv>
                    <Unicode>glieder des kleinen Sommertheaters, deren Zuvor¬</Unicode>
                </TextEquiv>
            </TextLine>
            <TextLine id="tr_3_tl_4" custom="readingOrder {index:3;}">
                <Coords points="2240,385 3206,382 3206,344 3080,338 2240,344"/>
                <Baseline points="2247,370 2295,376 2343,376 2391,374 2439,375 2487,373 2535,373 2583,373 2631,375 2679,374 2728,375 2776,376 2824,376 2872,376 2920,376 2968,373 3016,373 3064,374 3112,375 3160,373 3209,376"/>
                <TextEquiv>
                    <Unicode>kommenheit gegen die militärischen Badegäste im</Unicode>
                </TextEquiv>
            </TextLine>
            <TextLine id="tr_3_tl_5" custom="readingOrder {index:4;}">
                <Coords points="2244,420 3207,433 3207,388 3155,377 3088,403 2244,385"/>
                <Baseline points="2250,411 2300,414 2350,415 2401,416 2451,415 2502,417 2552,415 2603,417 2653,414 2704,417 2754,417 2805,417 2855,417 2906,417 2956,415 3007,414 3057,414 3108,411 3158,413 3209,417"/>
                <TextEquiv>
                    <Unicode>Ganzen nichts zu wünschen übrig läßt. Nur</Unicode>
                </TextEquiv>
            </TextLine>
            <TextLine id="tr_3_tl_6" custom="readingOrder {index:5;}">
                <Coords points="2240,469 3212,476 3212,423 2240,420"/>
                <Baseline points="2247,456 2295,459 2343,456 2392,456 2440,456 2489,457 2537,458 2585,458 2634,459 2682,461 2731,460 2779,459 2827,459 2876,459 2924,459 2973,458 3021,456 3069,456 3118,457 3166,459 3215,459"/>
                <TextEquiv>
                    <Unicode>die Naive ist so naiv, tugendhaft bleiben zu wollen.</Unicode>
                </TextEquiv>
            </TextLine>
            <TextLine id="tr_3_tl_7" custom="readingOrder {index:6;}">
                <Coords points="2244,504 3201,509 3201,473 3137,466 2244,467"/>
                <Baseline points="2250,501 2297,501 2345,501 2392,501 2440,501 2488,498 2535,501 2583,501 2631,501 2678,501 2726,501 2774,501 2821,501 2869,503 2917,502 2964,501 3012,501 3060,501 3107,501 3155,501 3203,498"/>
                <TextEquiv>
                    <Unicode>Aufs Aeußerste gereizt durch ihren beharrlichen Wider¬</Unicode>
                </TextEquiv>
            </TextLine>
            <TextLine id="tr_3_tl_8" custom="readingOrder {index:7;}">
                <Coords points="2244,555 3207,555 3207,517 3163,509 2244,512"/>
                <Baseline points="2250,540 2300,543 2350,544 2401,546 2451,545 2502,543 2552,543 2603,543 2653,543 2704,543 2754,543 2805,543 2855,545 2906,546 2956,546 3007,546 3057,543 3108,543 3158,541 3209,546"/>
                <TextEquiv>
                    <Unicode>stand, läßt sich Karinsky hinreißen, den guten Ruf der</Unicode>
                </TextEquiv>
            </TextLine>
            <TextLine id="tr_3_tl_9" custom="readingOrder {index:8;}">
                <Coords points="2234,612 3203,596 3195,553 2642,574 2234,544"/>
                <Baseline points="2241,585 2289,588 2337,588 2385,587 2434,586 2482,587 2530,586 2578,588 2627,586 2675,585 2723,585 2771,585 2820,588 2868,588 2916,588 2964,588 3013,588 3061,588 3109,587 3157,585 3206,585"/>
                <TextEquiv>
                    <Unicode>jungen Schauspielerin in Gegenwart ihres Jugend¬</Unicode>
                </TextEquiv>
            </TextLine>
            <TextLine id="tr_3_tl_10" custom="readingOrder {index:9;}">
                <Coords points="2246,641 3209,644 3196,602 3056,587 2246,597"/>
                <Baseline points="2253,632 2303,629 2353,628 2404,626 2454,626 2505,628 2555,629 2606,629 2656,629 2707,626 2757,629 2808,629 2858,631 2909,630 2959,629 3010,629 3060,626 3111,629 3161,630 3212,632"/>
                <TextEquiv>
                    <Unicode>freundes Paul Röning durch niedrige Verleumdung</Unicode>
                </TextEquiv>
            </TextLine>
            <TextLine id="tr_3_tl_11" custom="readingOrder {index:10;}">
                <Coords points="2238,691 3203,683 3187,638 2238,635"/>
                <Baseline points="2244,677 2292,672 2340,671 2388,669 2436,670 2484,671 2532,671 2580,671 2628,671 2676,671 2725,671 2773,671 2821,671 2869,671 2917,673 2965,674 3013,672 3061,671 3109,674 3157,671 3206,671"/>
                <TextEquiv>
                    <Unicode>zu beflecken. Eine Ohrfeige ist die Antwort Röning's,</Unicode>
                </TextEquiv>
            </TextLine>
            <TextLine id="tr_3_tl_12" custom="readingOrder {index:11;}">
                <Coords points="2244,714 3203,724 3203,683 2244,689"/>
                <Baseline points="2250,713 2297,713 2345,713 2393,713 2441,713 2489,713 2536,713 2584,714 2632,716 2680,714 2728,715 2775,714 2823,715 2871,716 2919,716 2967,716 3014,716 3062,716 3110,716 3158,715 3206,713"/>
                <TextEquiv>
                    <Unicode>und eine Duellforderung des geohrfeigten Lieutenants</Unicode>
                </TextEquiv>
            </TextLine>
            <TextLine id="tr_3_tl_13" custom="readingOrder {index:12;}">
                <Coords points="2240,756 3216,770 3185,721 2685,747 2240,711"/>
                <Baseline points="2247,755 2295,755 2344,758 2392,756 2441,757 2489,756 2538,757 2586,757 2635,758 2683,758 2732,758 2781,761 2829,758 2878,761 2926,758 2975,758 3023,758 3072,758 3120,758 3169,758 3218,758"/>
                <TextEquiv>
                    <Unicode>die unvermeidliche Folge. Der Zivilist jedoch lehnt die</Unicode>
                </TextEquiv>
            </TextLine>
            <TextLine id="tr_3_tl_14" custom="readingOrder {index:13;}">
                <Coords points="2240,827 3212,811 3205,764 2368,780 2240,754"/>
                <Baseline points="2247,785 2295,794 2343,797 2392,800 2440,800 2489,800 2537,800 2585,800 2634,800 2682,798 2731,799 2779,803 2827,800 2876,803 2924,800 2973,803 3021,802 3069,800 3118,800 3166,800 3215,800"/>
                <TextEquiv>
                    <Unicode>Forderung rundweg ab. Er fühlt sich erhaben über die</Unicode>
                </TextEquiv>
            </TextLine>
            <TextLine id="tr_3_tl_15" custom="readingOrder {index:14;}">
                <Coords points="2238,848 3207,858 3180,805 2238,827"/>
                <Baseline points="2244,835 2292,841 2340,844 2388,843 2437,841 2485,841 2533,842 2581,844 2630,842 2678,841 2726,841 2774,843 2823,844 2871,844 2919,844 2967,844 3016,844 3064,843 3112,841 3160,841 3209,838"/>
                <TextEquiv>
                    <Unicode>Vorurtheile des sogenannten ritterlichen Ehrenkoder und</Unicode>
                </TextEquiv>
            </TextLine>
            <TextLine id="tr_3_tl_16" custom="readingOrder {index:15;}">
                <Coords points="2244,901 3209,895 3209,860 3160,849 2244,850"/>
                <Baseline points="2250,883 2298,883 2346,886 2394,886 2442,886 2490,885 2538,884 2586,886 2634,886 2682,886 2731,888 2779,887 2827,886 2875,889 2923,886 2971,886 3019,886 3067,886 3115,885 3163,884 3212,883"/>
                <TextEquiv>
                    <Unicode>ist entschlossen, trotz des Widerspruches seiner zivilistischen</Unicode>
                </TextEquiv>
            </TextLine>
            <TextLine id="tr_3_tl_17" custom="readingOrder {index:16;}">
                <Coords points="2250,938 3209,940 3209,901 3159,893 2250,893"/>
                <Baseline points="2256,928 2303,927 2351,928 2399,928 2447,928 2495,928 2542,928 2590,928 2638,928 2686,929 2734,931 2781,931 2829,930 2877,928 2925,928 2973,928 3020,930 3068,929 3116,928 3164,925 3212,925"/>
                <TextEquiv>
                    <Unicode>Freunde, mit dem beleidigten Mädchen, dem er inzwischen</Unicode>
                </TextEquiv>
            </TextLine>
            <TextLine id="tr_3_tl_18" custom="readingOrder {index:17;}">
                <Coords points="2250,992 3209,973 3185,933 2250,939"/>
                <Baseline points="2256,970 2303,969 2351,970 2399,970 2447,970 2495,970 2542,970 2590,973 2638,973 2686,973 2734,973 2781,972 2829,971 2877,973 2925,973 2973,973 3020,973 3068,971 3116,970 3164,970 3212,967"/>
                <TextEquiv>
                    <Unicode>Herz und Hand angeboten, in der nächsten Stunde ab¬</Unicode>
                </TextEquiv>
            </TextLine>
            <TextLine id="tr_3_tl_19" custom="readingOrder {index:18;}">
                <Coords points="2246,1038 3206,1024 3207,979 2247,990"/>
                <Baseline points="2253,1017 2300,1015 2348,1014 2396,1014 2444,1014 2492,1014 2539,1014 2587,1014 2635,1014 2683,1014 2731,1014 2778,1013 2826,1012 2874,1014 2922,1014 2970,1014 3017,1014 3065,1012 3113,1011 3161,1011 3209,1014"/>
                <TextEquiv>
                    <Unicode>zureisen. Einen Vorschlag des Rittmeisters Rhonstedt,</Unicode>
                </TextEquiv>
            </TextLine>
            <TextLine id="tr_3_tl_20" custom="readingOrder {index:19;}">
                <Coords points="2244,1074 3209,1065 3197,1020 2244,1038"/>
                <Baseline points="2250,1056 2298,1059 2346,1059 2394,1058 2442,1056 2490,1055 2538,1054 2586,1055 2634,1055 2682,1056 2731,1056 2779,1056 2827,1056 2875,1056 2923,1056 2971,1059 3019,1056 3067,1058 3115,1054 3163,1056 3212,1056"/>
                <TextEquiv>
                    <Unicode>wenigstens in ein Scheinduell zu willigen, damit</Unicode>
                </TextEquiv>
            </TextLine>
            <TextLine id="tr_3_tl_21" custom="readingOrder {index:20;}">
                <Coords points="2252,1112 3216,1113 3194,1064 2252,1075"/>
                <Baseline points="2259,1098 2309,1101 2359,1100 2410,1098 2460,1098 2511,1098 2561,1098 2612,1101 2662,1098 2713,1101 2763,1100 2814,1098 2864,1098 2915,1098 2965,1098 3016,1098 3066,1098 3117,1098 3167,1098 3218,1101"/>
                <TextEquiv>
                    <Unicode>Karinsky vor dem Zwange schimpflicher Quittirung</Unicode>
                </TextEquiv>
            </TextLine>
            <TextLine id="tr_3_tl_22" custom="readingOrder {index:21;}">
                <Coords points="2246,1165 3216,1159 3216,1113 3182,1106 2246,1116"/>
                <Baseline points="2253,1143 2301,1146 2349,1143 2397,1143 2446,1142 2494,1140 2542,1141 2590,1141 2639,1142 2687,1143 2735,1141 2783,1140 2832,1140 2880,1143 2928,1140 2976,1143 3025,1143 3073,1143 3121,1143 3169,1143 3218,1143"/>
                <TextEquiv>
                    <Unicode>bewahrt bleibe, weist Röning ebenfalls mit Entrüstung</Unicode>
                </TextEquiv>
            </TextLine>
            <TextLine id="tr_3_tl_23" custom="readingOrder {index:22;}">
                <Coords points="2246,1197 3212,1200 3178,1148 2246,1165"/>
                <Baseline points="2253,1188 2301,1188 2349,1188 2397,1188 2445,1186 2493,1188 2541,1185 2589,1185 2637,1182 2685,1185 2734,1186 2782,1187 2830,1185 2878,1185 2926,1185 2974,1185 3022,1185 3070,1185 3118,1182 3166,1182 3215,1179"/>
                <TextEquiv>
                    <Unicode>zurück. Da aber der Rittmeister diese neuerliche Ab¬</Unicode>
                </TextEquiv>
            </TextLine>
            <TextLine id="tr_3_tl_24" custom="readingOrder {index:23;}">
                <Coords points="2250,1248 3207,1236 3207,1200 3084,1192 2250,1200"/>
                <Baseline points="2256,1229 2303,1228 2351,1229 2398,1226 2446,1226 2494,1226 2541,1229 2589,1226 2637,1229 2684,1229 2732,1228 2780,1227 2827,1229 2875,1229 2923,1227 2970,1226 3018,1226 3066,1226 3113,1226 3161,1223 3209,1223"/>
                <TextEquiv>
                    <Unicode>lehnung mit einer ziemlich unverhüllten Drohung er¬</Unicode>
                </TextEquiv>
            </TextLine>
            <TextLine id="tr_3_tl_25" custom="readingOrder {index:24;}">
                <Coords points="2246,1277 3212,1280 3212,1235 3174,1230 2246,1258"/>
                <Baseline points="2253,1268 2301,1271 2349,1273 2397,1272 2445,1271 2493,1271 2541,1268 2589,1271 2637,1271 2685,1270 2734,1269 2782,1271 2830,1271 2878,1271 2926,1271 2974,1271 3022,1269 3070,1270 3118,1268 3166,1271 3215,1265"/>
                <TextEquiv>
                    <Unicode>widert, beschließt Röning, nicht zu reisen und büßt</Unicode>
                </TextEquiv>
            </TextLine>
            <TextLine id="tr_3_tl_26" custom="readingOrder {index:25;}">
                <Coords points="2252,1326 3206,1333 3206,1279 3119,1274 2252,1285"/>
                <Baseline points="2259,1313 2306,1313 2354,1313 2401,1316 2449,1316 2496,1313 2544,1313 2591,1316 2639,1316 2686,1315 2734,1313 2781,1313 2829,1313 2876,1313 2924,1313 2971,1313 3019,1313 3066,1313 3114,1313 3161,1310 3209,1310"/>
                <TextEquiv>
                    <Unicode>diese trotzige Bekundung seiner Unerschrockenheit mit</Unicode>
                </TextEquiv>
            </TextLine>
            <TextLine id="tr_3_tl_27" custom="readingOrder {index:26;}">
                <Coords points="2258,1374 3216,1368 3208,1323 2258,1325"/>
                <Baseline points="2265,1355 2312,1358 2360,1358 2407,1358 2455,1357 2503,1356 2550,1357 2598,1356 2646,1356 2693,1355 2741,1355 2789,1355 2836,1357 2884,1356 2932,1355 2979,1355 3027,1355 3075,1355 3122,1355 3170,1355 3218,1355"/>
                <TextEquiv>
                    <Unicode>seinem Leben. Wenige Stunden später wird er von</Unicode>
                </TextEquiv>
            </TextLine>
            <TextLine id="tr_3_tl_28" custom="readingOrder {index:27;}">
                <Coords points="2258,1411 3216,1406 3216,1371 3137,1361 2258,1373"/>
                <Baseline points="2265,1400 2312,1400 2360,1400 2407,1403 2455,1403 2503,1403 2550,1400 2598,1400 2646,1400 2693,1400 2741,1399 2789,1398 2836,1399 2884,1397 2932,1399 2979,1398 3027,1399 3075,1400 3122,1397 3170,1397 3218,1397"/>
                <TextEquiv>
                    <Unicode>seinem lauernden Gegner, ehe er sich zur Wehre setzen</Unicode>
                </TextEquiv>
            </TextLine>
            <TextLine id="tr_3_tl_29" custom="readingOrder {index:28;}">
                <Coords points="2252,1454 3037,1459 3039,1413 2996,1408 2254,1409"/>
                <Baseline points="2259,1444 2298,1445 2337,1446 2376,1444 2415,1444 2454,1444 2493,1444 2532,1442 2571,1441 2610,1442 2650,1444 2689,1444 2728,1441 2767,1444 2806,1444 2845,1444 2884,1443 2923,1441 2962,1442 3001,1444 3041,1441"/>
                <TextEquiv>
                    <Unicode>kann, auf offener Straße zusammengeschossen.</Unicode>
                </TextEquiv>
            </TextLine>
            <TextLine id="tr_3_tl_30" custom="readingOrder {index:29;}">
                <Coords points="2336,1503 3217,1506 3217,1459 3164,1455 2336,1462"/>
                <Baseline points="2343,1492 2386,1490 2430,1492 2474,1491 2518,1489 2562,1489 2606,1490 2649,1491 2693,1489 2737,1489 2781,1489 2825,1489 2869,1489 2913,1489 2956,1492 3000,1492 3044,1492 3088,1489 3132,1489 3176,1489 3220,1483"/>
                <TextEquiv>
                    <Unicode>Wenn es dem Autor wirklich darum zu thun ge¬</Unicode>
                </TextEquiv>
            </TextLine>
            <TextLine id="tr_3_tl_31" custom="readingOrder {index:30;}">
                <Coords points="2246,1549 3223,1541 3223,1506 3180,1500 2246,1500"/>
                <Baseline points="2253,1531 2301,1532 2350,1534 2398,1534 2447,1534 2496,1532 2544,1533 2593,1534 2642,1534 2690,1534 2739,1534 2788,1534 2836,1534 2885,1534 2934,1534 2982,1534 3031,1534 3080,1534 3128,1532 3177,1531 3226,1528"/>
                <TextEquiv>
                    <Unicode>wesen wäre, eine Tendenzkomödie zu schreiben, so wäre</Unicode>
                </TextEquiv>
            </TextLine>
            <TextLine id="tr_3_tl_32" custom="readingOrder {index:31;}">
                <Coords points="2250,1594 3136,1596 3214,1588 3216,1541 2251,1548"/>
                <Baseline points="2256,1579 2304,1579 2352,1577 2400,1576 2448,1576 2496,1576 2544,1576 2592,1576 2640,1576 2688,1576 2737,1576 2785,1577 2833,1578 2881,1576 2929,1576 2977,1574 3025,1575 3073,1576 3121,1576 3169,1576 3218,1576"/>
                <TextEquiv>
                    <Unicode>ihm diese Absicht nicht sonderlich geglückt. Eine Figur</Unicode>
                </TextEquiv>
            </TextLine>
            <TextLine id="tr_3_tl_33" custom="readingOrder {index:32;}">
                <Coords points="2255,1640 3209,1629 3209,1588 3115,1580 2255,1594"/>
                <Baseline points="2262,1620 2309,1617 2357,1620 2404,1620 2452,1620 2499,1620 2547,1620 2594,1619 2642,1618 2689,1619 2737,1618 2784,1619 2832,1617 2879,1619 2927,1618 2974,1617 3022,1617 3069,1617 3117,1617 3164,1617 3212,1617"/>
                <TextEquiv>
                    <Unicode>wie die Röning's, der sein Leben zu werth hält</Unicode>
                </TextEquiv>
            </TextLine>
            <TextLine id="tr_3_tl_34" custom="readingOrder {index:33;}">
                <Coords points="2255,1675 3214,1670 3191,1624 2255,1638"/>
                <Baseline points="2262,1665 2309,1664 2357,1663 2405,1662 2453,1665 2501,1662 2548,1665 2596,1662 2644,1662 2692,1662 2740,1662 2787,1662 2835,1662 2883,1662 2931,1662 2979,1662 3026,1662 3074,1662 3122,1662 3170,1662 3218,1659"/>
                <TextEquiv>
                    <Unicode>um es für ein Vorurtheil im Zweikampf aufs</Unicode>
                </TextEquiv>
            </TextLine>
            <TextLine id="tr_3_tl_35" custom="readingOrder {index:34;}">
                <Coords points="2258,1713 3225,1720 3225,1672 3131,1662 2258,1677"/>
                <Baseline points="2265,1704 2313,1706 2361,1707 2409,1707 2457,1707 2506,1707 2554,1704 2602,1707 2650,1707 2698,1704 2747,1707 2795,1706 2843,1704 2891,1704 2939,1706 2988,1705 3036,1704 3084,1704 3132,1704 3180,1701 3229,1701"/>
                <TextEquiv>
                    <Unicode>Spiel zu setzen, und dann aus kindischem Trotze</Unicode>
                </TextEquiv>
            </TextLine>
            <TextLine id="tr_3_tl_36" custom="readingOrder {index:35;}">
                <Coords points="2252,1760 3219,1758 3219,1719 3178,1712 2682,1706 2518,1740 2252,1714"/>
                <Baseline points="2259,1746 2307,1751 2355,1748 2403,1748 2451,1749 2500,1749 2548,1749 2596,1749 2644,1749 2692,1749 2741,1749 2789,1749 2837,1750 2885,1751 2933,1747 2982,1746 3030,1746 3078,1746 3126,1746 3174,1746 3223,1740"/>
                <TextEquiv>
                    <Unicode>dem Gegner auf offener Straße in die Mün¬</Unicode>
                </TextEquiv>
            </TextLine>
            <TextLine id="tr_3_tl_37" custom="readingOrder {index:36;}">
                <Coords points="2255,1798 3219,1805 3219,1758 3095,1747 2826,1777 2255,1763"/>
                <Baseline points="2262,1794 2310,1794 2358,1796 2406,1795 2454,1794 2502,1791 2550,1788 2598,1791 2646,1794 2694,1791 2742,1792 2790,1792 2838,1790 2886,1793 2934,1789 2982,1790 3030,1791 3078,1791 3126,1791 3174,1791 3223,1791"/>
                <TextEquiv>
                    <Unicode>dung der Pistole läuft, ist nicht geeignet,</Unicode>
                </TextEquiv>
            </TextLine>
            <TextLine id="tr_3_tl_38" custom="readingOrder {index:37;}">
                <Coords points="2255,1846 3162,1853 3224,1841 3225,1803 2256,1800"/>
                <Baseline points="2262,1838 2310,1837 2358,1837 2407,1836 2455,1835 2503,1835 2552,1832 2600,1832 2648,1835 2697,1832 2745,1835 2793,1835 2842,1835 2890,1834 2938,1832 2987,1832 3035,1834 3083,1833 3132,1832 3180,1832 3229,1829"/>
                <TextEquiv>
                    <Unicode>die Anhänger der Ritterlichkeitstheorie zu bekehren.</Unicode>
                </TextEquiv>
            </TextLine>
            <TextLine id="tr_3_tl_39" custom="readingOrder {index:38;}">
                <Coords points="2252,1894 3216,1886 3187,1838 2254,1846"/>
                <Baseline points="2259,1880 2307,1877 2355,1877 2403,1877 2451,1877 2499,1880 2547,1877 2595,1880 2643,1880 2691,1877 2739,1877 2787,1878 2835,1879 2883,1877 2931,1877 2979,1875 3027,1876 3075,1875 3123,1874 3171,1874 3220,1871"/>
                <TextEquiv>
                    <Unicode>Das Erste, was man von einem Tendenzstück erwartet</Unicode>
                </TextEquiv>
            </TextLine>
            <TextLine id="tr_3_tl_40" custom="readingOrder {index:39;}">
                <Coords points="2251,1933 3217,1929 3184,1881 2252,1896"/>
                <Baseline points="2259,1922 2307,1923 2355,1922 2403,1924 2451,1923 2499,1919 2547,1922 2595,1919 2643,1922 2691,1919 2739,1919 2787,1920 2835,1921 2883,1920 2931,1922 2979,1920 3027,1919 3075,1917 3123,1916 3171,1919 3220,1913"/>
                <TextEquiv>
                    <Unicode>und verlangt, ist, daß der Dichter für eine Lehr¬</Unicode>
                </TextEquiv>
            </TextLine>
            <TextLine id="tr_3_tl_41" custom="readingOrder {index:40;}">
                <Coords points="2258,1977 3219,1978 3203,1924 2260,1935"/>
                <Baseline points="2265,1964 2312,1967 2360,1967 2408,1967 2456,1967 2504,1964 2552,1964 2600,1964 2648,1964 2696,1964 2744,1964 2791,1963 2839,1961 2887,1962 2935,1964 2983,1964 3031,1964 3079,1962 3127,1958 3175,1961 3223,1961"/>
                <TextEquiv>
                    <Unicode>meinung entschieden und konsequent Partei ergreift.</Unicode>
                </TextEquiv>
            </TextLine>
            <TextLine id="tr_3_tl_42" custom="readingOrder {index:41;}">
                <Coords points="2258,2013 3223,2013 3223,1978 3072,1967 2258,1977"/>
                <Baseline points="2265,2003 2313,2006 2361,2004 2409,2005 2457,2004 2505,2006 2553,2006 2601,2006 2649,2006 2697,2005 2745,2003 2793,2004 2841,2006 2889,2006 2937,2006 2985,2006 3033,2004 3081,2003 3129,2003 3177,2003 3226,2000"/>
                <TextEquiv>
                    <Unicode>Schnitzler aber schwankt so unschlüssig zwischen den</Unicode>
                </TextEquiv>
            </TextLine>
            <TextLine id="tr_3_tl_43" custom="readingOrder {index:42;}">
                <Coords points="2252,2058 3223,2056 3180,2004 2252,2016"/>
                <Baseline points="2259,2047 2307,2044 2355,2044 2404,2044 2452,2044 2500,2046 2549,2044 2597,2047 2645,2047 2694,2047 2742,2047 2790,2047 2839,2047 2887,2047 2935,2047 2984,2047 3032,2047 3080,2045 3129,2042 3177,2041 3226,2038"/>
                <TextEquiv>
                    <Unicode>Parteien hin und her, daß sich bei der gestrigen Erst¬</Unicode>
                </TextEquiv>
            </TextLine>
            <TextLine id="tr_3_tl_44" custom="readingOrder {index:43;}">
                <Coords points="2252,2104 3223,2096 3223,2066 3138,2045 2252,2063"/>
                <Baseline points="2259,2089 2307,2092 2355,2090 2404,2091 2452,2090 2500,2089 2549,2089 2597,2086 2645,2089 2694,2089 2742,2087 2790,2089 2839,2089 2887,2089 2935,2089 2984,2089 3032,2089 3080,2087 3129,2086 3177,2083 3226,2083"/>
                <TextEquiv>
                    <Unicode>aufführung seines Stückes Beifallsparteien bilden konn¬</Unicode>
                </TextEquiv>
            </TextLine>
            <TextLine id="tr_3_tl_45" custom="readingOrder {index:44;}">
                <Coords points="2252,2145 3225,2137 3207,2094 2252,2102"/>
                <Baseline points="2259,2134 2307,2133 2356,2131 2404,2131 2453,2131 2501,2131 2550,2129 2598,2131 2647,2131 2695,2134 2744,2134 2792,2134 2841,2134 2889,2134 2938,2134 2986,2134 3035,2132 3083,2131 3132,2131 3180,2128 3229,2131"/>
                <TextEquiv>
                    <Unicode>ten, deren eine den Argumenten gegen, und deren</Unicode>
                </TextEquiv>
            </TextLine>
            <TextLine id="tr_3_tl_46" custom="readingOrder {index:45;}">
                <Coords points="2250,2187 3219,2187 3219,2137 3136,2133 2250,2152"/>
                <Baseline points="2256,2176 2304,2179 2352,2176 2401,2174 2449,2175 2497,2173 2546,2174 2594,2176 2642,2176 2691,2176 2739,2179 2787,2179 2836,2178 2884,2177 2932,2178 2981,2176 3029,2178 3077,2177 3126,2174 3174,2173 3223,2173"/>
                <TextEquiv>
                    <Unicode>andere der Beweisführig für das Duell lebhaft</Unicode>
                </TextEquiv>
            </TextLine>
            <TextLine id="tr_3_tl_47" custom="readingOrder {index:46;}">
                <Coords points="2255,2233 3224,2228 3224,2182 3142,2176 2255,2199"/>
                <Baseline points="2262,2220 2310,2220 2358,2220 2406,2219 2454,2217 2503,2218 2551,2220 2599,2218 2647,2217 2695,2220 2744,2218 2792,2220 2840,2220 2888,2219 2936,2219 2985,2220 3033,2220 3081,2220 3129,2215 3177,2217 3226,2214"/>
                <TextEquiv>
                    <Unicode>applaudiren durfte, da de Autor für beide gesorgt hatte.</Unicode>
                </TextEquiv>
            </TextLine>
            <TextLine id="tr_3_tl_48" custom="readingOrder {index:47;}">
                <Coords points="2252,2284 2317,2282 2333,2266 2402,2283 2475,2262 2530,2281 2599,2263 2641,2272 2641,2224 2622,2220 2582,2244 2534,2228 2424,2240 2360,2228 2327,2242 2252,2233"/>
                <Baseline points="2259,2262 2284,2262 2310,2264 2336,2265 2361,2263 2387,2262 2413,2262 2438,2261 2464,2259 2490,2259 2515,2259 2541,2261 2567,2262 2592,2262 2618,2261 2644,2259"/>
                <TextEquiv>
                    <Unicode>Bei Lichte besehen ist</Unicode>
                </TextEquiv>
            </TextLine>
            <TextLine id="tr_3_tl_49" custom="readingOrder {index:48;}">
                <Coords points="2724,2273 3235,2281 3235,2236 3211,2224 3077,2241 2899,2220 2863,2241 2835,2226 2724,2239"/>
                <Baseline points="2731,2262 2756,2262 2781,2262 2807,2264 2832,2265 2857,2265 2883,2264 2908,2262 2933,2262 2959,2262 2984,2262 3009,2262 3035,2262 3060,2262 3085,2262 3111,2262 3136,2262 3161,2262 3187,2262 3212,2262 3238,2262"/>
                <TextEquiv>
                    <Unicode>n auch „Freiwild", vielleicht¬</Unicode>
                </TextEquiv>
            </TextLine>
            <TextLine id="tr_3_tl_50" custom="readingOrder {index:49;}">
                <Coords points="2255,2321 2331,2332 2448,2313 2518,2327 2556,2313 2641,2320 2652,2273 2417,2284 2347,2272 2255,2287"/>
                <Baseline points="2262,2310 2288,2308 2314,2307 2340,2307 2366,2307 2392,2307 2418,2305 2444,2304 2470,2304 2496,2304 2522,2304 2548,2304 2574,2304 2600,2304 2626,2304 2653,2304"/>
                <TextEquiv>
                    <Unicode>gegen den Willen des</Unicode>
                </TextEquiv>
            </TextLine>
            <TextLine id="tr_3_tl_51" custom="readingOrder {index:50;}">
                <Coords points="2718,2321 3223,2319 3223,2284 3170,2271 2997,2283 2942,2267 2907,2284 2847,2270 2821,2287 2718,2273"/>
                <Baseline points="2725,2304 2750,2306 2775,2307 2800,2305 2825,2305 2850,2306 2875,2306 2900,2304 2925,2305 2950,2307 2975,2307 3000,2307 3025,2305 3050,2304 3075,2304 3100,2305 3125,2307 3150,2307 3175,2307 3200,2307 3226,2304"/>
                <TextEquiv>
                    <Unicode>tors, aber doch zum Besten</Unicode>
                </TextEquiv>
            </TextLine>
            <TextLine id="tr_3_tl_52" custom="readingOrder {index:51;}">
                <Coords points="2739,2357 2881,2375 2945,2356 3212,2369 3221,2320 2935,2327 2917,2310 2856,2327 2813,2308 2740,2321"/>
                <Baseline points="2746,2346 2771,2348 2796,2349 2821,2349 2846,2349 2871,2349 2896,2349 2921,2349 2946,2349 2971,2349 2997,2347 3022,2346 3047,2346 3072,2346 3097,2346 3122,2347 3147,2349 3172,2349 3197,2349 3223,2346"/>
                <TextEquiv>
                    <Unicode>Tendenzschauspieles das ge¬</Unicode>
                </TextEquiv>
            </TextLine>
            <TextLine id="tr_3_tl_53" custom="readingOrder {index:52;}">
                <Coords points="2261,2362 2365,2353 2385,2367 2501,2371 2620,2360 2620,2317 2550,2315 2529,2330 2493,2315 2426,2327 2407,2317 2328,2333 2261,2316"/>
                <Baseline points="2268,2349 2293,2349 2318,2348 2344,2347 2369,2347 2394,2349 2420,2349 2445,2349 2470,2349 2496,2349 2521,2347 2546,2347 2572,2349 2597,2348 2623,2346"/>
                <TextEquiv>
                    <Unicode>seines Stückes, statt</Unicode>
                </TextEquiv>
            </TextLine>
            <TextLine id="tr_3_tl_54" custom="readingOrder {index:53;}">
                <Coords points="2745,2410 2883,2391 3065,2411 3139,2396 3174,2412 3218,2401 3219,2364 3170,2359 3133,2378 3074,2354 2884,2375 2814,2353 2746,2360"/>
                <Baseline points="2752,2394 2778,2394 2804,2394 2830,2393 2856,2392 2882,2391 2909,2391 2935,2391 2961,2391 2987,2391 3013,2392 3039,2394 3066,2394 3092,2394 3118,2392 3144,2391 3170,2391 3196,2390 3223,2388"/>
                <TextEquiv>
                    <Unicode>stärkste Seite seiner Be¬</Unicode>
                </TextEquiv>
            </TextLine>
            <TextLine id="tr_3_tl_55" custom="readingOrder {index:54;}">
                <Coords points="2255,2401 2279,2412 2333,2399 2375,2411 2494,2396 2626,2405 2626,2359 2492,2360 2418,2376 2399,2363 2352,2378 2255,2371"/>
                <Baseline points="2262,2394 2288,2392 2314,2391 2340,2393 2366,2393 2393,2391 2419,2391 2445,2391 2471,2391 2497,2391 2524,2391 2550,2392 2576,2394 2602,2394 2629,2394"/>
                <TextEquiv>
                    <Unicode>worden, worauf ihr</Unicode>
                </TextEquiv>
            </TextLine>
            <TextLine id="tr_3_tl_56" custom="readingOrder {index:55;}">
                <Coords points="2252,2449 2277,2458 2325,2439 2341,2455 2380,2454 2399,2438 2440,2459 2610,2440 2611,2406 2564,2399 2496,2396 2406,2414 2314,2400 2254,2419"/>
                <Baseline points="2259,2441 2284,2437 2309,2436 2335,2437 2360,2437 2385,2435 2411,2434 2436,2432 2461,2434 2487,2435 2512,2433 2537,2433 2563,2435 2588,2434 2614,2432"/>
                <TextEquiv>
                    <Unicode>gabung gebieterisch</Unicode>
                </TextEquiv>
            </TextLine>
            <TextLine id="tr_3_tl_57" custom="readingOrder {index:56;}">
                <Coords points="2751,2443 3225,2455 3218,2396 3180,2414 2998,2396 2944,2413 2863,2392 2819,2413 2751,2407"/>
                <Baseline points="2758,2435 2784,2435 2810,2435 2836,2435 2862,2435 2888,2435 2915,2435 2941,2435 2967,2435 2993,2435 3019,2435 3045,2435 3072,2435 3098,2435 3124,2435 3150,2435 3176,2436 3202,2438 3229,2435"/>
                <TextEquiv>
                    <Unicode>ein Wiener Milienstück mit</Unicode>
                </TextEquiv>
            </TextLine>
            <TextLine id="tr_3_tl_58" custom="readingOrder {index:57;}">
                <Coords points="2763,2489 3214,2494 3214,2455 3154,2440 2959,2460 2922,2445 2763,2451"/>
                <Baseline points="2770,2474 2796,2474 2822,2475 2849,2479 2875,2479 2901,2477 2928,2477 2954,2477 2980,2477 3007,2478 3033,2480 3059,2479 3086,2477 3112,2479 3138,2480 3165,2480 3191,2480 3218,2480"/>
                <TextEquiv>
                    <Unicode>Schwächen. Das Milieu</Unicode>
                </TextEquiv>
            </TextLine>
            <TextLine id="tr_3_tl_59" custom="readingOrder {index:58;}">
                <Coords points="2255,2492 2298,2505 2391,2488 2422,2501 2471,2486 2604,2492 2604,2451 2585,2448 2440,2459 2397,2440 2347,2458 2325,2438 2255,2458"/>
                <Baseline points="2262,2480 2288,2480 2314,2480 2341,2480 2367,2480 2394,2479 2420,2477 2447,2477 2473,2477 2500,2477 2526,2478 2553,2479 2579,2479 2606,2477"/>
                <TextEquiv>
                    <Unicode>allen seinen Vorzüg¬</Unicode>
                </TextEquiv>
            </TextLine>
            <TextLine id="tr_3_tl_60" custom="readingOrder {index:59;}">
                <Coords points="2252,2535 2325,2542 2430,2529 2472,2540 2505,2526 2602,2536 2602,2493 2573,2489 2539,2486 2512,2501 2475,2486 2414,2499 2333,2492 2298,2505 2252,2496"/>
                <Baseline points="2259,2525 2285,2525 2312,2524 2339,2522 2365,2522 2392,2521 2419,2519 2445,2520 2472,2522 2499,2520 2525,2520 2552,2521 2579,2522 2606,2522"/>
                <TextEquiv>
                    <Unicode>diesmal die Schn.</Unicode>
                </TextEquiv>
            </TextLine>
            <TextLine id="tr_3_tl_61" custom="readingOrder {index:60;}">
                <Coords points="2703,2548 2771,2525 3225,2532 3225,2493 3166,2486 2970,2488 2947,2508 2851,2487 2703,2492"/>
                <Baseline points="2710,2522 2737,2524 2764,2524 2791,2523 2819,2522 2846,2522 2873,2524 2901,2524 2928,2522 2955,2522 2983,2522 3010,2522 3037,2522 3065,2522 3092,2522 3119,2522 3147,2522 3174,2523 3201,2525 3229,2525"/>
                <TextEquiv>
                    <Unicode>mit ihren charakteristischen</Unicode>
                </TextEquiv>
            </TextLine>
            <TextLine id="tr_3_tl_62" custom="readingOrder {index:61;}">
                <Coords points="2255,2578 2406,2573 2434,2587 2458,2575 2485,2585 2507,2572 2604,2574 2604,2534 2516,2529 2448,2545 2403,2528 2349,2542 2255,2535"/>
                <Baseline points="2262,2567 2288,2567 2314,2567 2341,2567 2367,2567 2394,2567 2420,2567 2447,2567 2473,2565 2500,2564 2526,2564 2553,2564 2579,2564 2606,2567"/>
                <TextEquiv>
                    <Unicode>Theaterypen, ist in</Unicode>
                </TextEquiv>
            </TextLine>
            <TextLine id="tr_3_tl_63" custom="readingOrder {index:62;}">
                <Coords points="2716,2574 2782,2590 3224,2577 3224,2534 2976,2545 2928,2525 2716,2542"/>
                <Baseline points="2722,2567 2747,2567 2772,2567 2797,2567 2822,2567 2848,2567 2873,2567 2898,2567 2923,2567 2948,2567 2974,2567 2999,2567 3024,2567 3049,2567 3074,2567 3100,2567 3125,2567 3150,2567 3175,2567 3200,2566 3226,2564"/>
                <TextEquiv>
                    <Unicode>vorzüglich gelungen, daß der</Unicode>
                </TextEquiv>
            </TextLine>
            <TextLine id="tr_3_tl_64" custom="readingOrder {index:63;}">
                <Coords points="2682,2621 3225,2622 3225,2577 3203,2574 2772,2593 2682,2579"/>
                <Baseline points="2689,2609 2716,2611 2743,2611 2770,2610 2797,2609 2824,2609 2851,2609 2878,2609 2905,2609 2932,2608 2959,2606 2986,2606 3013,2607 3040,2609 3067,2609 3094,2609 3121,2609 3148,2609 3175,2609 3202,2609 3229,2609"/>
                <TextEquiv>
                    <Unicode>app gegen das Ende zu die</Unicode>
                </TextEquiv>
            </TextLine>
            <TextLine id="tr_3_tl_65" custom="readingOrder {index:64;}">
                <Coords points="2255,2618 2326,2633 2353,2616 2390,2626 2600,2616 2600,2578 2559,2573 2501,2572 2486,2587 2458,2574 2434,2588 2406,2574 2324,2573 2255,2591"/>
                <Baseline points="2262,2612 2288,2609 2314,2609 2340,2609 2366,2609 2393,2609 2419,2609 2445,2609 2471,2609 2498,2609 2524,2608 2550,2607 2576,2607 2603,2609"/>
                <TextEquiv>
                    <Unicode>erste Akt, obgleiche</Unicode>
                </TextEquiv>
            </TextLine>
            <TextLine id="tr_3_tl_66" custom="readingOrder {index:65;}">
                <Coords points="2252,2664 2577,2664 2577,2626 2566,2622 2472,2617 2443,2639 2387,2618 2346,2618 2326,2634 2252,2618"/>
                <Baseline points="2259,2644 2285,2650 2312,2652 2339,2650 2365,2650 2392,2650 2419,2650 2445,2651 2472,2652 2499,2652 2525,2650 2552,2652 2579,2653"/>
                <TextEquiv>
                    <Unicode>Handlung einsetzt,</Unicode>
                </TextEquiv>
            </TextLine>
            <TextLine id="tr_3_tl_67" custom="readingOrder {index:66;}">
                <Coords points="2689,2655 2963,2674 3223,2658 3223,2622 2689,2618"/>
                <Baseline points="2695,2650 2721,2650 2748,2651 2774,2652 2801,2653 2827,2653 2854,2653 2880,2653 2907,2653 2933,2652 2960,2650 2987,2652 3013,2653 3040,2653 3066,2652 3093,2650 3119,2650 3146,2650 3172,2652 3199,2652 3226,2650"/>
                <TextEquiv>
                    <Unicode>die allerliebsten kleinen Genre¬</Unicode>
                </TextEquiv>
            </TextLine>
            <TextLine id="tr_3_tl_68" custom="readingOrder {index:67;}">
                <Coords points="2250,2719 2310,2700 2335,2713 2419,2698 2459,2711 2493,2701 2587,2707 2587,2668 2558,2661 2512,2677 2438,2661 2418,2675 2384,2661 2250,2665"/>
                <Baseline points="2256,2692 2281,2694 2307,2695 2332,2695 2358,2694 2383,2693 2409,2692 2434,2692 2460,2692 2485,2692 2511,2692 2536,2693 2562,2694 2588,2695"/>
                <TextEquiv>
                    <Unicode>bildchen das Pu</Unicode>
                </TextEquiv>
            </TextLine>
            <TextLine id="tr_3_tl_69" custom="readingOrder {index:68;}">
                <Coords points="2649,2702 3219,2716 3219,2669 3184,2663 2649,2669"/>
                <Baseline points="2656,2695 2684,2695 2712,2695 2741,2695 2769,2697 2797,2697 2826,2695 2854,2695 2882,2695 2911,2695 2939,2695 2967,2695 2996,2693 3024,2692 3052,2692 3081,2694 3109,2695 3137,2695 3166,2697 3194,2699 3223,2701"/>
                <TextEquiv>
                    <Unicode>m in trefflicher Stimmung</Unicode>
                </TextEquiv>
            </TextLine>
            <TextLine id="tr_3_tl_70" custom="readingOrder {index:69;}">
                <Coords points="2252,2747 2325,2760 2407,2743 2438,2756 2467,2745 2502,2754 2529,2741 2582,2761 2588,2706 2525,2702 2497,2722 2472,2704 2429,2709 2405,2729 2321,2704 2251,2713"/>
                <Baseline points="2259,2737 2284,2737 2310,2737 2335,2737 2361,2737 2386,2737 2412,2737 2437,2737 2463,2739 2488,2740 2514,2738 2539,2738 2565,2739 2591,2740"/>
                <TextEquiv>
                    <Unicode>erhielt und da¬</Unicode>
                </TextEquiv>
            </TextLine>
            <TextLine id="tr_3_tl_71" custom="readingOrder {index:70;}">
                <Coords points="2649,2750 3225,2752 3225,2723 3182,2704 3062,2720 3013,2703 2649,2706"/>
                <Baseline points="2656,2737 2684,2739 2713,2739 2741,2737 2770,2737 2799,2738 2827,2739 2856,2740 2885,2740 2913,2740 2942,2739 2971,2737 2999,2739 3028,2740 3057,2740 3085,2740 3114,2740 3143,2740 3171,2740 3200,2740 3229,2740"/>
                <TextEquiv>
                    <Unicode>Glück des Abends entschied.</Unicode>
                </TextEquiv>
            </TextLine>
            <TextLine id="tr_3_tl_72" custom="readingOrder {index:71;}">
                <Coords points="2252,2803 2326,2789 2341,2802 2375,2792 2430,2804 2477,2789 2577,2793 2577,2751 2551,2755 2529,2741 2498,2755 2450,2747 2419,2762 2371,2747 2340,2760 2252,2751"/>
                <Baseline points="2259,2782 2285,2784 2312,2782 2339,2782 2365,2781 2392,2780 2419,2780 2445,2782 2472,2782 2499,2781 2525,2780 2552,2779 2579,2779"/>
                <TextEquiv>
                    <Unicode>Für die gesprochen</Unicode>
                </TextEquiv>
            </TextLine>
            <TextLine id="tr_3_tl_73" custom="readingOrder {index:72;}">
                <Coords points="2628,2797 3225,2802 3225,2761 3179,2746 2628,2754"/>
                <Baseline points="2635,2779 2664,2781 2694,2782 2724,2782 2753,2782 2783,2782 2813,2782 2842,2782 2872,2782 2902,2782 2932,2782 2961,2782 2991,2782 3021,2782 3050,2782 3080,2782 3110,2782 3139,2782 3169,2782 3199,2782 3229,2782"/>
                <TextEquiv>
                    <Unicode>Leitartikel zur Duellfrage, die den</Unicode>
                </TextEquiv>
            </TextLine>
            <TextLine id="tr_3_tl_74" custom="readingOrder {index:73;}">
                <Coords points="2250,2838 2340,2847 2383,2833 2460,2845 2489,2832 2582,2837 2583,2789 2499,2800 2481,2788 2432,2805 2399,2793 2251,2804"/>
                <Baseline points="2256,2829 2281,2828 2306,2827 2331,2825 2357,2823 2382,2823 2407,2823 2433,2823 2458,2823 2483,2823 2509,2821 2534,2818 2559,2820 2585,2823"/>
                <TextEquiv>
                    <Unicode>ganzen zweiten Ak</Unicode>
                </TextEquiv>
            </TextLine>
            <TextLine id="tr_3_tl_75" custom="readingOrder {index:74;}">
                <Coords points="2616,2836 3225,2837 3225,2800 3200,2789 2808,2788 2767,2809 2616,2788"/>
                <Baseline points="2623,2823 2653,2823 2683,2823 2713,2823 2744,2823 2774,2823 2804,2823 2835,2825 2865,2825 2895,2823 2926,2823 2956,2824 2986,2826 3016,2824 3047,2824 3077,2826 3107,2826 3138,2825 3168,2823 3198,2825 3229,2826"/>
                <TextEquiv>
                    <Unicode>erfüllen, bieten einige geistreiche</Unicode>
                </TextEquiv>
            </TextLine>
            <TextLine id="tr_3_tl_76" custom="readingOrder {index:75;}">
                <Coords points="2246,2878 3219,2885 3186,2835 2246,2838"/>
                <Baseline points="2253,2868 2301,2868 2350,2865 2398,2865 2447,2865 2495,2865 2544,2865 2592,2867 2641,2866 2689,2865 2738,2865 2786,2868 2835,2868 2883,2868 2932,2865 2980,2868 3029,2868 3077,2868 3126,2868 3174,2868 3223,2871"/>
                <TextEquiv>
                    <Unicode>Bemerkungen des Autors eine zwar angenehme, aber</Unicode>
                </TextEquiv>
            </TextLine>
            <TextLine id="tr_3_tl_77" custom="readingOrder {index:76;}">
                <Coords points="2246,2932 3225,2927 3203,2875 2246,2879"/>
                <Baseline points="2253,2913 2301,2913 2350,2907 2399,2910 2448,2909 2497,2907 2545,2909 2594,2910 2643,2908 2692,2907 2741,2910 2789,2913 2838,2913 2887,2913 2936,2913 2985,2912 3033,2911 3082,2911 3131,2912 3180,2911 3229,2913"/>
                <TextEquiv>
                    <Unicode>keineswegs aus hende Entschädigung. Hier fehlt</Unicode>
                </TextEquiv>
            </TextLine>
            <TextLine id="tr_3_tl_78" custom="readingOrder {index:77;}">
                <Coords points="2252,2969 3217,2965 3168,2918 2251,2931"/>
                <Baseline points="2259,2952 2307,2955 2355,2955 2403,2952 2451,2952 2499,2952 2547,2952 2595,2952 2643,2952 2691,2952 2739,2952 2787,2954 2835,2955 2883,2955 2931,2955 2979,2955 3027,2955 3075,2954 3123,2953 3171,2956 3220,2952"/>
                <TextEquiv>
                    <Unicode>eben das bunten gte Milieu-Leben, das auch in der</Unicode>
                </TextEquiv>
            </TextLine>
            <TextLine id="tr_3_tl_79" custom="readingOrder {index:78;}">
                <Coords points="2255,3007 3219,3010 3219,2965 3166,2959 2255,2967"/>
                <Baseline points="2262,3000 2310,2997 2358,2997 2406,2994 2454,2995 2502,2997 2550,2997 2598,2997 2646,2995 2694,2996 2742,2997 2790,2997 2838,2997 2886,2997 2934,2997 2982,2997 3030,2997 3078,2999 3126,2997 3174,2998 3223,3000"/>
                <TextEquiv>
                    <Unicode>dumpfen Spannung des dritten Aktes seine Schuldigkeit</Unicode>
                </TextEquiv>
            </TextLine>
            <TextLine id="tr_3_tl_80" custom="readingOrder {index:79;}">
                <Coords points="2255,3053 3214,3057 3214,3012 3136,3004 2255,3007"/>
                <Baseline points="2262,3041 2309,3038 2357,3040 2405,3036 2453,3037 2501,3035 2548,3036 2596,3038 2644,3038 2692,3038 2740,3038 2787,3040 2835,3041 2883,3041 2931,3038 2979,3038 3026,3041 3074,3041 3122,3041 3170,3041 3218,3041"/>
                <TextEquiv>
                    <Unicode>thut. In der flotten, wenngleich nur in oberflächlichen</Unicode>
                </TextEquiv>
            </TextLine>
            <TextLine id="tr_3_tl_81" custom="readingOrder {index:80;}">
                <Coords points="2246,3100 3217,3096 3216,3056 3090,3046 2245,3060"/>
                <Baseline points="2253,3083 2301,3083 2349,3080 2398,3083 2446,3082 2494,3080 2543,3081 2591,3081 2639,3080 2688,3082 2736,3083 2784,3083 2833,3083 2881,3083 2929,3080 2978,3083 3026,3084 3074,3086 3123,3086 3171,3085 3220,3083"/>
                <TextEquiv>
                    <Unicode>Umrissen gehaltenen Zeichnung der Wiener Figuren</Unicode>
                </TextEquiv>
            </TextLine>
            <TextLine id="tr_3_tl_82" custom="readingOrder {index:81;}">
                <Coords points="2255,3133 3214,3139 3200,3094 2255,3100"/>
                <Baseline points="2262,3128 2309,3128 2357,3128 2405,3126 2453,3127 2501,3125 2548,3125 2596,3125 2644,3125 2692,3125 2740,3125 2787,3125 2835,3125 2883,3128 2931,3125 2979,3125 3026,3128 3074,3128 3122,3125 3170,3125 3218,3128"/>
                <TextEquiv>
                    <Unicode>entfaltet sich auch hier wieder die ausgesprochenste und</Unicode>
                </TextEquiv>
            </TextLine>
            <TextLine id="tr_3_tl_83" custom="readingOrder {index:82;}">
                <Coords points="2246,3176 3212,3178 3191,3133 2245,3135"/>
                <Baseline points="2253,3170 2301,3168 2349,3169 2397,3170 2445,3168 2493,3167 2541,3164 2589,3167 2637,3170 2685,3167 2734,3167 2782,3167 2830,3168 2878,3170 2926,3170 2974,3170 3022,3172 3070,3171 3118,3170 3166,3170 3215,3167"/>
                <TextEquiv>
                    <Unicode>liebenswürdigste Seite des Schnitzler'schen Talents</Unicode>
                </TextEquiv>
            </TextLine>
            <TextLine id="tr_3_tl_84" custom="readingOrder {index:83;}">
                <Coords points="2246,3219 3212,3225 3212,3179 3066,3170 2246,3175"/>
                <Baseline points="2253,3212 2301,3212 2349,3212 2397,3212 2445,3212 2493,3211 2541,3209 2589,3210 2637,3212 2685,3212 2734,3212 2782,3212 2830,3212 2878,3215 2926,3212 2974,3212 3022,3212 3070,3214 3118,3212 3166,3213 3215,3218"/>
                <TextEquiv>
                    <Unicode>Und Wienerisch war die Atmosphäre von „Freiwild“,</Unicode>
                </TextEquiv>
            </TextLine>
            <TextLine id="tr_3_tl_85" custom="readingOrder {index:84;}">
                <Coords points="2256,3270 3194,3276 3212,3227 2255,3225"/>
                <Baseline points="2262,3256 2309,3253 2357,3253 2404,3253 2452,3250 2500,3250 2547,3251 2595,3253 2643,3255 2690,3254 2738,3255 2786,3256 2833,3256 2881,3254 2929,3253 2976,3256 3024,3256 3072,3256 3119,3256 3167,3256 3215,3256"/>
                <TextEquiv>
                    <Unicode>trotzdem die Offiziere in preußische Uniformen gesteckt</Unicode>
                </TextEquiv>
            </TextLine>
            <TextLine id="tr_3_tl_86" custom="readingOrder {index:85;}">
                <Coords points="2252,3314 3219,3327 3219,3270 3104,3260 2252,3272"/>
                <Baseline points="2259,3298 2307,3301 2355,3298 2403,3296 2451,3297 2500,3295 2548,3296 2596,3298 2644,3296 2692,3297 2741,3298 2789,3300 2837,3298 2885,3298 2933,3298 2982,3298 3030,3299 3078,3301 3126,3301 3174,3301 3223,3301"/>
                <TextEquiv>
                    <Unicode>waren und auf dem Theaterzettel die Ortsbezeichnung</Unicode>
                </TextEquiv>
            </TextLine>
            <TextLine id="tr_3_tl_87" custom="readingOrder {index:86;}">
                <Coords points="2246,3362 2937,3347 2937,3311 2863,3300 2246,3315"/>
                <Baseline points="2253,3349 2287,3345 2321,3342 2356,3340 2390,3340 2424,3339 2459,3337 2493,3337 2527,3337 2562,3339 2596,3339 2630,3337 2665,3340 2699,3340 2733,3340 2768,3340 2802,3343 2836,3341 2871,3340 2905,3340 2940,3340"/>
                <TextEquiv>
                    <Unicode>„in der Nähe von Wien“ beseitigt war.</Unicode>
                </TextEquiv>
            </TextLine>
            <TextLine id="tr_3_tl_88" custom="readingOrder {index:87;}">
                <Coords points="2330,3395 3214,3404 3206,3342 2330,3350"/>
                <Baseline points="2337,3382 2381,3382 2425,3382 2469,3382 2513,3382 2557,3382 2601,3382 2645,3382 2689,3382 2733,3385 2777,3383 2821,3384 2865,3383 2909,3384 2953,3385 2997,3385 3041,3385 3085,3385 3129,3385 3173,3387 3218,3388"/>
                <TextEquiv>
                    <Unicode>An dem schönen Erfolge des Abends hatte auch</Unicode>
                </TextEquiv>
            </TextLine>
            <TextLine id="tr_3_tl_89" custom="readingOrder {index:88;}">
                <Coords points="2246,3437 3216,3448 3214,3404 3119,3390 2245,3388"/>
                <Baseline points="2253,3426 2301,3426 2349,3423 2397,3425 2446,3423 2494,3423 2542,3423 2590,3425 2639,3426 2687,3426 2735,3426 2783,3426 2832,3426 2880,3426 2928,3426 2976,3429 3025,3429 3073,3429 3121,3429 3169,3429 3218,3426"/>
                <TextEquiv>
                    <Unicode>das immer besser sich entwickelnde Schauspiel Ensemble</Unicode>
                </TextEquiv>
            </TextLine>
            <TextLine id="tr_3_tl_90" custom="readingOrder {index:89;}">
                <Coords points="2252,3480 3216,3490 3214,3448 3083,3434 2251,3440"/>
                <Baseline points="2259,3468 2309,3465 2359,3468 2410,3468 2460,3468 2511,3468 2561,3468 2612,3468 2662,3468 2713,3471 2763,3471 2814,3471 2864,3469 2915,3470 2965,3471 3016,3471 3066,3471 3117,3471 3167,3472 3218,3474"/>
                <TextEquiv>
                    <Unicode>des Carltheaters, von dem mit besonderer Anerkennung</Unicode>
                </TextEquiv>
            </TextLine>
            <TextLine id="tr_3_tl_91" custom="readingOrder {index:90;}">
                <Coords points="2240,3530 3212,3530 3179,3481 2240,3477"/>
                <Baseline points="2247,3513 2295,3513 2343,3513 2392,3512 2440,3510 2489,3510 2537,3511 2585,3513 2634,3511 2682,3512 2731,3513 2779,3513 2827,3516 2876,3513 2924,3513 2973,3513 3021,3513 3069,3513 3118,3516 3166,3516 3215,3516"/>
                <TextEquiv>
                    <Unicode>die Herren Klein, Reusch, Meyer=Eigen,</Unicode>
                </TextEquiv>
            </TextLine>
            <TextLine id="tr_3_tl_92" custom="readingOrder {index:91;}">
                <Coords points="2250,3573 3214,3566 3160,3518 2250,3530"/>
                <Baseline points="2256,3555 2304,3555 2352,3555 2400,3554 2448,3552 2496,3553 2544,3556 2592,3555 2640,3554 2688,3555 2737,3555 2785,3555 2833,3555 2881,3552 2929,3555 2977,3558 3025,3558 3073,3557 3121,3555 3169,3556 3218,3558"/>
                <TextEquiv>
                    <Unicode>Tewele, Korff, Natzler und die Damen Glü¬</Unicode>
                </TextEquiv>
            </TextLine>
            <TextLine id="tr_3_tl_93" custom="readingOrder {index:92;}">
                <Coords points="2244,3611 3209,3620 3209,3570 3147,3562 2244,3572"/>
                <Baseline points="2250,3594 2298,3600 2346,3597 2394,3596 2442,3595 2490,3597 2538,3598 2586,3600 2634,3600 2682,3600 2731,3600 2779,3600 2827,3600 2875,3600 2923,3600 2971,3603 3019,3600 3067,3602 3115,3600 3163,3601 3212,3600"/>
                <TextEquiv>
                    <Unicode>mer und Sangora zu nennen sind, einen höchst</Unicode>
                </TextEquiv>
            </TextLine>
            <TextLine id="tr_3_tl_94" custom="readingOrder {index:93;}">
                <Coords points="3106,3664 3120,3658 3131,3658 3158,3672 3165,3672 3171,3665 3185,3670 3185,3616 3176,3619 3168,3614 3123,3609 3116,3614 3106,3613"/>
                <Baseline points="3113,3641 3138,3641 3163,3641 3188,3641"/>
                <TextEquiv>
                    <Unicode>Bz.</Unicode>
                </TextEquiv>
            </TextLine>
            <TextLine id="tr_3_tl_95" custom="readingOrder {index:94;}">
                <Coords points="2246,3659 2308,3670 2373,3652 2389,3665 2478,3652 2578,3660 2602,3648 2604,3608 2510,3614 2435,3601 2375,3616 2319,3617 2294,3603 2247,3613"/>
                <Baseline points="2253,3644 2278,3644 2303,3644 2328,3644 2353,3643 2379,3641 2404,3641 2429,3641 2454,3641 2479,3641 2505,3641 2530,3641 2555,3641 2580,3641 2606,3641"/>
                <TextEquiv>
                    <Unicode>ehrenvollen Antheil.</Unicode>
                </TextEquiv>
            </TextLine>
            <TextLine id="tr_3_tl_96" custom="readingOrder {index:95;}">
                <Coords points="2321,3717 3214,3732 3214,3662 2885,3691 2851,3660 2599,3648 2321,3678"/>
                <Baseline points="2328,3707 2372,3707 2417,3710 2461,3704 2506,3707 2550,3707 2595,3710 2639,3710 2684,3710 2728,3710 2773,3713 2817,3710 2862,3710 2906,3710 2951,3710 2995,3713 3040,3713 3084,3713 3129,3713 3173,3713 3218,3710"/>
                <TextEquiv>
                    <Unicode>Theater in der Josefstadt. Gestern gaben sie</Unicode>
                </TextEquiv>
            </TextLine>
            <TextLine id="tr_3_tl_97" custom="readingOrder {index:96;}">
                <Coords points="2240,3764 3212,3769 3212,3730 3130,3717 3026,3745 2978,3718 2240,3717"/>
                <Baseline points="2247,3755 2295,3754 2343,3752 2392,3752 2440,3752 2489,3752 2537,3752 2585,3752 2634,3752 2682,3755 2731,3754 2779,3752 2827,3753 2876,3755 2924,3755 2973,3755 3021,3755 3069,3757 3118,3755 3166,3755 3215,3749"/>
                <TextEquiv>
                    <Unicode>hier einen neuen dreiaktigen Schwank: „Ascher¬</Unicode>
                </TextEquiv>
            </TextLine>
            <TextLine id="tr_3_tl_98" custom="readingOrder {index:97;}">
                <Coords points="2234,3814 3216,3812 3195,3765 2234,3771"/>
                <Baseline points="2241,3797 2289,3803 2338,3803 2387,3802 2436,3799 2485,3798 2534,3798 2582,3799 2631,3802 2680,3801 2729,3803 2778,3803 2827,3800 2876,3800 2924,3799 2973,3798 3022,3800 3071,3800 3120,3800 3169,3800 3218,3797"/>
                <TextEquiv>
                    <Unicode>mittwoch von Hans Fischer und Josef Jarno.</Unicode>
                </TextEquiv>
            </TextLine>
            <TextEquiv>
                <Unicode></Unicode>
            </TextEquiv>
        </TextRegion>
    </Page>
</PcGts>
