3436 4384
870 219 1266 321 box 14/3
175 242 706 356 8. Freiwild
1277 1376 1390 1476 a. t.
229 1381 399 1476 gelang.
365 1427 1434 1522 (Carltheater.) Vorgestern spielte dieses Theater zum
238 1526 1443 1577 erstenmale Arthur Schnitzler's Duelldrama „Freiwild", dessen
247 1564 1432 1623 Handlung und Thema schon durch den Berliner, dann durch
243 1609 1434 1670 den Münchener Erfolg in Wien bekannt und viel erörtert
247 1658 1436 1716 wurden. Es hat auch hier seine starke Wirkung gehabt. Man
247 1709 1429 1767 nennt dieses Stück ein „Tendenz“=stück, ich kenne keines,
243 1762 1439 1820 das so viel Muth, innere Logik und objective Gerechtigkeit
247 1806 1436 1866 hätte. Und dann doch auch wieder keines, das so voll Geist
238 1848 1436 1922 und seelischem Leben wäre; ruhig könnte man jede Meinung
247 1903 1436 1958 von ihm ablösen und es bliebe doch ein gutes, schönes Drama.
243 1951 1432 2012 Nicht viele deutsche Dramatiker gibt es, die ihre Milieus
249 2002 1434 2064 so sicher und tief beherrschen, die einen geist rühendem
243 2049 1432 2115 Dialog so viel von der Wärme des wirklichen Gesprächs
249 2101 1437 2166 schenken, ihren Figuren eine so glückliche Mischung von ty¬
250 2146 1443 2212 pischer Möglichkeit und individueller Selbstständigkeit geben
252 2196 1436 2254 können. Warum bei allen diesen hohen Vorzügen doch eine
252 2243 1434 2309 Mißstimmig übrig bleibt und man Heimweh bekommt nach
252 2293 1443 2355 der andern, nach der wirklichen Dichterphysignomie Schnitzler's
256 2340 1441 2408 soll hier demnächst ausführlicher besprochen werden. Für
249 2385 1441 2471 heute sei nur die Darstellung noch erwähnt, die in den
252 2441 1443 2505 großen Rollen ausgezeichnet war. In erster Linie Klein,
250 2489 1441 2552 mit dem Paul Rönning bewies, daß wir in Wien endlich
252 2536 1441 2605 einen psychologischen Sprecher haben, Reusch, der voll Mark
249 2587 1443 2649 und verhaltener Kraft, mehr die brutale Kraftnatur als den
249 2633 1441 2699 Exaltado gab und Korff, vielleicht ein bischen zu geckenhaft,
249 2684 1450 2750 doch voll Witz und charakteristischer Wirkung. Herr Martin
261 2729 1450 2801 fand eine glückliche Figur in Aussehen und Geberden, die
252 2780 1453 2845 Herren Tewele Natzler. Czasta, sowie Frl. Glümer
249 2831 1455 2896 pointirten geschickt, worauf es in diesem Stücke der glänzen¬
1291 2885 1399 2960 a. k.
252 2885 1019 2968 den Worte nicht am wenigsten ankam.
651 2907 1644 3177 der
2273 1062 2623 1175 Teleton 1891.
1997 1153 2882 1249 Unternehmen für Zeitungs-Ausschnitte
2986 1175 3166 1258 dungen
2953 1238 3162 1362 Nr. 24
2176 1243 2732 1369 OBSERVER
1746 1346 3161 1443 I. österr. behördl. concess. Bureau für Zeitungsberichte und Personalnachrichten
2032 1413 2868 1526 Wien, IX/1 Türkenstrasse 17.
1931 1503 2921 1573 — Filiale in Budapest: „Figyelö", VIII. Josefsring 31a.
1741 1628 2880 1778 Ausschnitt ans... and
2540 1767 2942 1919 later
2053 1799 2318 1967 von
2071 2095 2924 2191 Arthur Schnitzler dreiactiges Schauspiel
1979 2143 2921 2224 „Freiwild", welches Freitag im Carltheater zum
1975 2203 2926 2268 erstenmale gegeben wurde, ist schon auf mehreren
1981 2252 2924 2309 Bühnen aufgeführt worden und hat überall
1990 2312 2926 2365 Sensation erregt. In Wien sollen ihm Censur¬
1988 2351 2921 2408 Bedenken im Wege gestanden sein und so kommen
1984 2402 2919 2460 wir diesmal erst hinter — Gmunden, wo das
1981 2448 2928 2508 Stück im vergangenen Sommer sehr gefallen hat.
1982 2499 2928 2564 Schnitzler ist einer der talentvollsten Dramatiker
1981 2550 2928 2614 unserer Tage. Er greift seine Stoffe aus dem
1979 2589 2924 2663 vollen Leben, berechnet die Situationen auf starke
1990 2640 2933 2700 Wirkung und greift nicht daneben, weil er ein
1990 2691 2933 2760 scharfer Beobachter ist. Sein Dialog ist geistreich
1990 2751 2933 2804 und schneidig, und da er auch gute Rollen zu
1993 2794 2935 2850 schreiben versteht, so bleibt die Wirkung nicht aus.
2092 2843 2930 2900 Die Aufnahme war eine glänzende, es wurde
1988 2882 2933 2954 auf offener Scene und nach allen Actschlüssen
1990 2938 2937 3002 viel applaudirt und der Dichter oft gerufen.
2000 2983 2938 3044 Vorzüglich waren Frl. Glümer und die Herren
1990 3035 2937 3095 Reusch, Tewele und Korff; auch die Herren
1990 3080 2933 3147 Klein und Czasta waren recht gut, Frl. San¬
1776 3104 1977 3201 Für 50
2002 3136 2938 3196 gora reichte weder mit ihrer Technik, noch mit
2991 3145 3139 3210 inclusive
3009 3194 3118 3229 Porto.
1993 3178 2935 3251 ihren Mitteln aus. Frl. Pahlen, die eine vor¬
2997 3222 3129 3259 Zahlbar
2000 3226 2940 3288 treffliche Schauspielerin ist, wäre hier besser am
2974 3252 3159 3307 im Voraus.
1850 3217 1935 3302 50
2002 3275 2938 3333 Platze gewesen. Ungenügend war Herr Meyer¬
1797 3270 1940 3363 1000
1893 3326 3192 3402 Im (Eigen; der Mann hätte in der Provinz bleiben sitte ist das
2967 3369 3196 3429 steht es den
1785 3348 2125 3438 Abonnemen sollen.
1781 3395 3101 3496 Abonnenten frei die ausgegebenen Themen zu ergänzen oder zu ändern.
