3484 4256
530 225 1455 314 theater behaupteten die „Brüder von Sankt
1491 251 2402 314 Artisten eigen, fühlt man hier wie im „Nacht¬
537 300 1453 354 Bernhard" noch immer die gleich anziehende
1486 286 2405 354 Asyl" vor allem in der vollendeten Plastik der
527 342 1455 403 Kraft, Schnitzlers „Freiwild“, das vor
1488 342 2407 394 Figuren und des seelenvoll geformten landschaft¬
532 384 1451 455 einem Jahrzehnt im „Karltheater“ zu Boden
1491 384 2304 441 lichen Hintergrundes. Alle diese Menschen,
532 427 1455 473 fiel, ein geschickt geschnitzeltes Tendenz= und
1481 429 2407 478 mitive Philosophen und Daseins=Grübler wie
532 464 1451 518 Thesenstück gegen das Duell, in seinem künstle¬
1488 469 2414 523 Gorki selbst, suchen den Sinn des Lebens, ihre
537 511 1453 560 risch wertvolleren Teil ein zartes Aquarell aus
1493 516 2405 584 Stellung zum Leben zu fixiren. In diese eine
527 555 1462 605 mondain=österreichischer Gesellschaft, fesselt jetzt
1491 553 2309 605 Beleuchtung sind alle Charaktere gerückt,
527 595 1453 649 eben durch die Ernsthaftigkeit der gestellten Frage.
1493 598 2405 656 scharf heben sich die Konturen ab! Da ist
532 635 1455 687 Und von den Premieren der allerletzten Wochen
1493 640 2416 696 der Vater Beßjemonow, der kleinbürgerliche
532 680 1455 729 und Tage haben uns wieder nur jene intensiver
1491 682 2405 734 Maler, der sein Leben abarbeitet wie eine Pflicht,
530 722 1453 776 beschäftigt, die auf einem sozialen, einem politi¬
1493 724 2412 778 spart, den geachteten gesellschaftlichen Platz zu
537 764 1451 811 schen und sogar sozialpozialpolitischen Grund ge¬
1491 764 2402 818 gewinnen und zu behaupten und seine Kinder zu
530 809 2405 860 baut sind: ich meine das russische Sittenstück versorgen strebt. Da ist die Tochter Tathana, die
539 851 2405 900 „Die Kleinbürger“ Gorkis und ein Wiener mit dem Leben überhaupt nichts zu beginnen
532 893 2416 942 Volksschauspiel „Fräulein Lehrerin, von weiß, verzweifelt und von dem Alltag ermüdet
532 933 1455 987 Viktor Leon und Leo Held. Gestatten Sie
1486 935 2405 984 mit dem Tode spielt. Da ist Nil vor allem, ein
527 973 1453 1024 mir von diesen beiden jüngsten, selbst im bunte¬
1481 977 2412 1036 prächtiger, kräftiger, naiver Junge, für den es
532 1015 1455 1088 sten Faschingswirbel der „Metternich=Blumen¬
1481 1022 2412 1066 entnervende Träume nicht gibt, der munter in
537 1062 1448 1116 Redoute, und der farbenfrohen Künstlerfeste noch
1481 1059 2407 1109 das Leben springt, wie ein Fechter dort, wo es
1479 1099 2407 1155 am verlockendsten und drohendsten wirkt. Da sind
530 1102 1453 1181 unverwischten ernsten, ja grauen Eindrücken zu
1479 1148 2416 1200 endlich die Vaganten=Telerew, der so unkirchliche
537 1148 799 1223 berichten...
1488 1191 2414 1245 Kirchensänger und der Vogelhändler Partschichin,
616 1184 1453 1259 Gorkis „Kleinbürger sind ein in die Szene
1486 1238 2405 1294 die richtigen Prinzen Vogelfrei voller Lebens¬
527 1235 1451 1312 gesetzter Beweis für alles Hinfällige unserer gan¬
1488 1275 2405 1331 sehnsucht und Lebensverachtung, Gestalten so
532 1296 1455 1352 gen dramaturgischen Schulweisheit. Was beginnt
1481 1310 2412 1373 ganz aus dem sehnsüchtig trotzigen Geiste Gorkis
527 1336 1453 1383 man mit den staubigen Theorien von der „tra¬
1479 1355 2414 1411 geboren, aus jenem aufrichtigen, um alles Leiden
532 1378 1451 1448 gischen Schuld“, der Katharsis und der Katastrophe
1479 1404 2414 1453 mitleidig flatternden Geist, der diesen der innig¬
527 1418 1453 1479 diesen ereignislosen Szenen gegenüber, „Szenen
1493 1448 2419 1498 sten Liebe werten Poeten und Menschen in die
537 1465 1455 1514 aus der Enge" möcht ich sie nennen, wie Gorki
1486 1495 2065 1559 Peter=Paulsfestung zwang...
541 1502 1441 1561 selbst das „Nachtasyl" „Szenen aus der Tiefe
1568 1505 2416 1582 Von diesem den deutschen Bühnen beinahe
537 1549 1451 1594 nannte — Szenen ohne dramatisches Gefüge, ohne
1486 1549 2433 1627 noch fremden, jetzt in mehr als einer Richtung
532 1591 1446 1636 Neigung, breit und dumpf verlaufend, und
1481 1617 2407 1666 zeitgemäßen Werk, dahinter eine ganze Kultur¬
532 1634 2414 1702 dennoch unser Empfinden tief und schwermütig welt gart scheint ein recht weiter Weg zu jenem
532 1678 1446 1727 zu sich bannend. Wahrhaftig, mit dem Aristoteli
532 1692 2407 1772 schen, mit dem Lessingschen, selbst mit dem mo¬ andern gar nicht dunkeln, sondern hübschen und
1481 1741 2416 1795 liebenswürdigen, mit einem Wort Wienerischen
527 1758 1453 1807 dernen Zustands-Drama haben diese Szenen
1486 1788 2414 1838 Volksstück, das den dauernden Erfolg der letzten
527 1798 1453 1856 wenig gemein, denn bei Holz und Schlaf und
1488 1828 2412 1875 Woche bedeutet. Ich meine den Dreiakter „Fräu¬
532 1856 1453 1903 Hauptmann sind doch die Zustände selbst dra¬
1481 1873 2405 1920 lein Lehrerin" von Victor Leon, den
537 1889 1455 1941 matisch bewegt, die Seelen in diese Dumpfheit
1486 1917 2407 1966 bühnensichern Theatermann, und dessen Bruder
532 1934 1451 1980 des Lebens gezwungen, verändern sich, wachsen
1488 1959 2405 2006 Leo Hirschfeld, den man als Dichter des Jung¬
532 1973 1455 2023 kämpfen wider den Zwang des Tages. Von alle
1488 1992 2402 2048 Leute=Stücks „Die Lumpen" in Prag wohl noch
539 2013 1451 2067 dem ist bei Gorki kaum die Rede. Das Stück
1486 2032 2402 2095 in angenehmer Erinnerung hat. Von Gorki zu
527 2062 1453 2114 steht von dem Augenblick still, da es erst beginnen
1486 2084 2351 2154 diesen Wienern scheint kein Zusammenhang
537 2112 1451 2159 sollte. Der Kleinbürger Beßjemonow hat zwei
1493 2123 2416 2177 führen, und doch sind auch diese bei aller Ver¬
527 2142 1462 2201 Kinder, den sechsundzwanzigjährigen Studenten
1486 2168 2398 2222 schiedenheit des Landstrichs, der Temperamente
539 2189 1451 2248 Peter und die achtundzwanzigjährige Volksschul¬
532 2205 2414 2283 lehrerin Tathana. In seinem engen, beschränkten, wohl auch der gestaltenden Kraft, durch eines
1481 2250 2412 2302 verbunden; die Echtheit. Das Leon Hirschfeldsche
537 2276 1451 2327 spießbürgerlich langweiligen Hause wohnt noch
1486 2295 2421 2348 Volksstück mit seiner gesunden, gesellschaftlichen
539 2318 1455 2367 ein Pflegesohn Nil, der Lokomotivenführer, und
1491 2344 2419 2398 Fabel — es handelt von einer armen, braven
530 2355 1455 2419 die Tochter eines entfernten Verwandten Pelja.
1488 2384 2412 2430 Volksschullehrerin, die, einem jungen Beamten an¬
532 2400 1446 2463 Diese beiden jungen, frischen, der Zukunft ver¬
1481 2426 2419 2480 verlobt, durch das neue, die Lehrerinnen zum
537 2442 1453 2498 strauenden Leute finden einander bald, Tathana
1481 2463 2407 2522 Zölibat verurteilende Gesetz ihr Lebensglück be¬
527 2484 1444 2557 die von Nils Lebensfreudigkeit desgleichen ge¬
1486 2503 2412 2562 droht sieht und es dann auf eigene mutige Weise
527 2531 1453 2590 wonnen war, versucht sich zuvergiften; Nil verläß¬
1491 2552 2405 2606 sucht — dieses schlichte Stück scheint mir eine
530 2576 1453 2632 mit seiner Braut den polternden Pflegevater
1488 2592 2407 2644 der geschmackvollsten, saubersten, im Ton ein¬
518 2613 1455 2670 auch Peter gründet sich das eigene Heim, die
1493 2637 2405 2688 fachsten und ehrlichsten der ganzen Gattung. Es
527 2653 1455 2709 Alten bleiben, von den Kindern, die aus dem
1488 2672 2412 2733 steuert gewiß einer Tendenz entgegen, aber diese
537 2695 1451 2756 Neste geflogen sind, verlassen, allein zurück. Mehr
1481 2714 2412 2770 Tendenz ist nichts als der Appell des Natürlichen
530 2749 1455 2803 geschieht in diesen „Szenen im Hause Beßjemo¬
1486 2763 2412 2812 wider die konstruiert verlogene Moral, Einzelne
530 2784 1455 2834 nows wirklich nicht, der Schrei der vergifteten
1488 2805 2412 2857 Figuren, besonders die frische, forsche Lehrerin
527 2829 1453 2885 Tathana ist der einzig dramatische Akzent. Auch
1491 2845 2407 2904 selbst, vor allem aber der selbstsüchtig=gutherzige
532 2869 1453 2923 der geistige Gehalt dieser Szenen ist weder be¬
1488 2890 2402 2939 Hausherr Hartriegel, ein Anzengruber=Charakter
532 2906 1455 2967 sonders neu, noch außergewöhnlich vertieft. Der
1500 2925 2412 2981 sind mit so sicherem Griff aus der Wirklichkeit
530 2948 1455 3030 Kampf zwischen den Generationen, die „Familien¬
1493 2974 2412 3030 jeder großen Stadt entnommen, daß schon um
532 2995 1455 3068 katastrophe ist von den deutschen Naturalisten
1491 3009 2416 3068 dieser Figuren willen dieses amüsant nachdenkliche
541 3038 1458 3094 seit der „Familie Selicke, dem „Friedensfest
1488 3056 2416 3110 Volksstück überall den Beifall gewinnen muß, der
537 3084 1455 3134 der „Heimat unendlichemal abgehandelt worden
1493 3098 2416 3155 ihm in unserem „Raimundtheater" treu zu blei¬
539 3122 1453 3176 für die russische Gesellschaft hat Turgenjew in
1912 3138 2370 3216 Dr. Paul Wertheimer.
1493 3143 1723 3213 ben scheint.
530 3166 1455 3220 dem Roman „Väter und Söhne" diesen Gegensat
532 3211 1460 3262 weltmännischer, geistreicher gefaßt. Aber dennoch
537 3251 1453 3302 trotz dieser Ereignislosigkeit, trotz der Ver¬
537 3291 1460 3347 trautheit des Motivs hält uns Gorkis breites un¬
530 3335 1455 3389 theatermäßiges Schildern in steter Spannung
530 3384 1453 3434 die man sonst eben die theatralische zu nennen
532 3415 1455 3483 pflegt — so stark ist die Macht eines Dichters
537 3464 1455 3520 über die ästhetischen Formeln. Den Dichter Gorki
546 3506 1453 3560 spürt man aber in der Schlichtheit der Darstel¬
541 3546 1446 3602 lung, in jener milden Parteilosigkeit, die weder
541 3588 1455 3652 den Alten noch der Jugend Recht gibt, sondern
546 3642 1460 3691 voraussieht, daß auch die jetzt anstürmende ju¬
537 3677 1455 3738 gendliche Generation sehr bald den Alten glei¬
541 3715 1455 3773 chen wird, vor allem aber in der Stimmungs¬
541 3762 1455 3809 dese jeder ganz in Gefühl gebetteten Szene und
546 3806 1462 3862 in jener, nicht aus Gelehrsamkeit, sondern aus
532 3841 1455 3907 nain mitleidigen Weltverstehen quellenden Weis¬
539 3888 1455 3947 heit: die einfachen Eltern müssen sich in Arbeit
539 3930 1462 3982 verbluten, um ihre Kinder zu gebildeten Men¬
539 3973 1465 4027 schen", die einmal im Leben weiter und höher
537 4017 1465 4076 kommen sollen, heranzuziehen, die Kinder selbst
1167 4059 1446 4127 oder wenig
