3436 4384
891 64 1289 156 box 14/3
440 69 726 179 wild
192 66 406 172 8. F.
746 632 1090 733 Telefon 12801.
462 715 1367 799 Unternehmen für Zeitungs-Ausschnitte
1450 737 1629 818 Ausschnitt
1443 795 1534 902 Nr.
635 804 1198 930 OBSERVER
209 893 1631 985 1. österr. behördl. concess. Bureau für Zeitungsberichte und Personalnachrichten
506 976 1349 1086 Wien, IX/ Türkenstrasse 17.
316 1056 1395 1159 — Filiale in Budapest: „Figyelö", VIII. Josefsring 31a.
220 1214 1393 1321 Ausschnitt aus: we are
522 1379 712 1487 vom
394 1521 1629 1582 Carltheater. „Freiwild“ Schauspiel in drei Acten von
268 1571 1626 1633 Arthur Schnitzler. — Schnitzler's „Freiwild“ ist eine dialogisirte
273 1626 1622 1679 Standrede gegen den Zweikampf, die just das Gegentheil ihrer Ab¬
273 1668 1635 1740 sicht erreicht; ohne es zu merken, spricht der Verfasser pro, nachdem
273 1722 1626 1773 er sich als Contra-Redner gemeldet hat. Das Schauspiel will den
268 1770 1624 1825 Duell zwang ad absurdum führen, es will zeigen, daß ein Mensch,
270 1819 1610 1871 der die Satisfaction verweigert, von seinem Gegner als „Freiwild
270 1867 1626 1919 betrachtet wird, und es will also offenbar für ein Opfer verschrobener
268 1915 1626 1963 Ehrbegriffe Theilnahme erregen. Da ist nun Herrn Schnitzler das
264 1963 1622 2024 Malheur passirt, daß sein Opfer gar keine Theilnahme einflößt, und
268 2009 1626 2068 daß man sich an seinem Märtyrer am liebsten selber vergreifen möchte.
268 2064 1626 2114 Ein sonderbarer Schwärmer, dieser Paul Rönning! Zuerst theilt er
273 2105 1626 2169 standhaft Ohrfeigen aus, dann erklärt er standhaft, daß ihm das
268 2158 1629 2222 Leben viel zu lieb sei, um es durch eine Kugel gefährden zu lassen,
268 2210 1617 2268 und endlich steckt er standhaft einen Revolver in die Tasche, um wo¬
268 2256 1624 2313 möglich seinen Gegner zum „Freiwild“ zu machen. Wahrscheinlich ist
270 2311 1629 2368 ihm das Hinüberschießen angenehmer, als das Herüberschießen. Wenn
270 2355 1626 2414 man der Sache auf den Grund geht, kommt man in ein logisches
273 2405 1626 2462 Labyrinth. Für die „Freiwild“=Theorie war ein besonders crasser
277 2453 1624 2513 Fall nothwendig; um diesen crassen Fall zu construiren, mußte der
268 2499 1626 2560 Beleidigte ein Officier sein und der Beleidiger gleich zum extremsten
268 2549 1629 2600 Mittel greifen; später mußte der active Theil zum passiven, der Ohr¬
273 2600 1622 2662 feigenspender zur verfolgten Unschuld werden; und schließlich vermag
270 2648 1629 2710 die verfolgte Unschuld ihren Charakter nur dadurch zu bewahren, daß
270 2694 1626 2755 sie das Tempo verfehlt und Andante spielt, wo Presto vorgeschrieben
268 2744 1619 2803 ist. Ausgeklügelt und gemacht wie der ganze Conflict, sind die Cha¬
261 2792 1631 2849 raktere, die sich auf beiden Seiten sorgfältig nach Licht und Schatten
273 2842 1631 2900 sondern und dem Tendenzstücke den Schein der Objectivität erhalten
273 2879 1683 2989 sollen; neben der braven Schauspielerin, die von ihrer Tugend und a
273 2952 1622 3012 hundert Mark Monatsgage lebt, steht die Allerwelts=Soubrette, neben
273 2996 1622 3065 dem anwidernden Lieutenant der sympathische Rittmeister, den wir,
277 3042 1626 3106 wie es in den Familienblättern heißt, im Verlaufe der Begebenheiten
270 3088 1619 3151 mehr und mehr liebgewonnen haben. Wenn der Vorhang fällt, be¬
277 3145 1633 3206 decken vier Leichen das Schlachtfeld: der Civilist, der Officier die
273 3191 877 3296 Tendenz und die Objectivität.
2295 891 2625 992 Telefon 12801.
2011 980 2907 1065 Unternehmen für Zeitungs-Ausschnitte
2991 1010 3170 1083 Ausschnitt
2950 1069 3161 1179 Nr. 7
2176 1069 2742 1184 „OBSERVER
1743 1150 3167 1244 I. österr. behördl. concess. Bureau für Zeitungsberichte und Personalnachrichten
2045 1241 2877 1337 Wien, IX/ Türkenstrasse 17.
1775 1303 1860 1392 —
1931 1321 2934 1418 — Filiale in Budapest: „Figyelö", VIII. Josefsring 31a.
1752 1466 2650 1582 Ausschnitt aus: ut
2718 1484 3229 1617 nen
2048 1642 2345 1732 No 27
2205 1979 3200 2061 Das Ereigniß der Woche war unstreitig die Aufführung
2137 2036 3197 2098 von Arth. Schnitzlers „Freiwild“ im Carltheater.
2141 2080 3197 2135 Der Inhalt des ausgezeichneten Tendenzstückes ist seit seiner
2141 2118 3199 2181 Berliner Aufführung bekannt. Die Wiener folgten den scharfen
2135 2155 3197 2217 Ausführungen des Dichters mit lebhafter Spannung; der Con¬
2132 2199 3204 2252 tact zwischen Bühne und Publikum äußerte sich häufig durch
2130 2238 3195 2299 laute Zustimmung. Gespielt wurde mit einer Verve, welche
2134 2279 3199 2334 zeigt, daß das Carltheater derzeit auf der Höhe der Situation
2139 2316 3204 2377 sich befindet. Die Damen Glümer und Sangora, sowie
1981 2338 3197 2412 die Herren Reusch, Korff, Klein, Tewele, Natzler und
1984 2387 3110 2473 Meyer=Eigen wurden mit dem Autor unzähligemale gerufen.
2134 2870 2797 2966 Bezugs-Bedingungen.
2755 2945 2927 3018 fl. 7.50
1754 2946 2684 3009 Für 50 Zeitungsausschnitte (Artikel oder Notizen)
2977 2973 3122 3051 inclusive
2819 2996 2899 3041 14.—
2991 3026 3101 3064 Porto.
2655 3048 2735 3080 . .
2767 3010 2911 3090 „ 25.—
1832 3037 1910 3080 200
2978 3057 3110 3096 Zahlbar
2762 3074 2879 3138 „ 55.
2959 3080 3140 3156 im Voraus.
2662 3113 2883 3172 . . . „ 100.
1777 3115 1915 3188 „ 1000
1874 3122 3181 3209 Im Gegensatze zu anderen Bureaux für Zeitungsausschnitte ist das
1754 3193 3181 3270 Abonnement durch keine bestimmte Zeitdauer begrenzt; — auch steht es den
1748 3241 3078 3298 Abonnenten frei die aufgegebenen Themen zu ergänzen oder zu ändern.
