3344 4352
871 149 1282 263 box 14/5
176 152 709 270 8. Freiwild
142 311 487 422 us darin ausge¬
512 346 1306 453 sechs Arbeiter Verletzungen davontrugen.
214 404 470 463 und das Ge¬
1317 387 1922 494 vergrößerungsfernrohr gesehen!
508 435 1303 512 Drei von ihnen müßten sofort in das
2139 397 2959 508 fährten in drei Gruppen, verließ die
135 446 477 532 igt wurde. De
501 477 1303 550 Krankenhaus gebracht werden, während
2136 480 2948 560 Umgegend Bitoliens, kreuzte Kitschewo,
135 501 442 577 bl. angegeben.
505 532 1303 605 den übrigen dreien am Orte der Kata¬
2136 532 2948 608 Lerin, Pius, Morihonska und Planina,
204 546 484 612 wie berichtet,
1438 522 1977 646 Telegramme
512 584 1306 650 strophe ärztliche Hilfe zu Teil wurde. Der
2136 581 2945 650 überschritt die Eisenbahnlinie zwischen
152 594 477 667 ende binnen
505 632 1300 698 Unfall ereignete sich, als die sechs Ar¬
2139 632 2941 698 Kopuli, Ghegheli, Schip und Egri¬
1351 622 2091 712 der russischen Telegraphen=Agentur.
152 643 480 712 haftet. Die Ge¬
501 671 1293 747 beiter einen ca. 12 Pad schweren Eisen
2136 681 2938 750 palaiska und gelangte nach Küstendil.
145 691 474 760 itzt auch den Ort
1362 684 2112 767 Petersburg, 1. November. Der
2139 729 2941 802 Sein Gefährte, der Wojewode Gertscho
505 726 2112 854 streber auf das Gerüst herauftrugen, das Minister des Innern ist heute früh hier¬
149 747 474 816 innen gestohlenen
2139 767 2938 840 Petrow, ein Schullehrer, der von seinen
501 781 1289 850 diese Last nicht zu tragen vermochte, wo
156 795 474 861 , wobei es sich
1310 788 1656 878 her zurückgekehrt.
2136 830 2938 895 Kameraden getrennt reiste, stieß auf tür¬
505 823 1286 899 durch das noch so glimpflich abgelaufen
142 840 470 916 neingefährlich die
1427 826 2934 937 Der Finanzministergehilfe Geh. Rat kische Truppen und wurde erschossen,
505 871 1289 940 Unheil entstand. Leicht hätten viele Men¬
162 892 474 964 von ihnen ge¬
1313 878 2039 985 Timirafjew ist nach Berlin abgereist.
2129 930 2931 995 ebenso ein zweiter Gefährte Ssarafows,
501 919 1289 1030 schenleben dabei vernichtet werden können
149 933 474 1013 räumige Zimmer
1358 957 2941 1040 Helsingfors, 31. Oktober. Der der Leutnant Detschew. Die Ankömm¬
138 978 470 1075 ch in ein moder
1313 1006 2934 1099 bekannte Gelehrte, Historiker Baron Frie linge erzählten, die Verluste der Insur¬
149 1120 463 1206 und darüber konn
494 1120 2934 1230 nen Bösewichtern — die er ganz im Berechtigung des Duells, es gehört also die Wand will, der andere, weil er
145 1185 474 1258 Parkett, die man
498 1189 1289 1265 Stilleen doch von Herzen lieb hat — eine
1313 1203 2098 1272 in eine Gruppe mit „Rosenmontag“
2129 1224 2927 1310 nur Offizier und nicht auch Mensch
142 1248 1282 1324 hablis traktiert von Edelst und erhabenen Gesinnun
1310 1244 2108 1324 „Fritzchen" u. s. w. Das Eigenartige
2133 1265 2319 1338 sein will.
204 1286 1279 1355 Und doch hat gen förmlich triefende Jungfrau entge
1306 1303 2108 1369 bei Schnitzler besteht aber darin, daß der
2167 1282 2927 1382 Gespielt wurde „Freiwild" sehr gut.
152 1338 1282 1403 und dieser Rotgen, aber ihr ewiges Salbadern ist zun
1310 1351 2101 1431 Kampf zwischen Offiziersmoral und ge¬
2136 1362 2931 1431 Herrn Tscharins nervöse Zerfahren¬
152 1379 363 1448 sogar ein
491 1389 1282 1472 Davonlaufen und wenn dieses liebens¬
1310 1400 2101 1465 sunder Vernunft nicht in der Brus
2129 1417 2927 1486 heit paßt zu der Rolle des Rönning nicht
149 1427 366 1500 beste Witz,
491 1445 2101 1517 würdige Wesen zum Schluß dem mit eines Helden ausgefochten wird, wie
2133 1469 2924 1528 schlecht, für den Karinski fand Herr
131 1483 353 1545 Nacht wird.
377 1486 463 1552 De
491 1486 1275 1555 einer sehr bunten Vergangenheit belaste
1310 1500 2924 1573 bei Hartleben und Sudermann, sondern Radin den erforderlichen stolz anmaßen¬
149 1528 380 1597 tern bestellt
487 1535 2098 1618 ten, aber durch die Liebe geläuterten Ma- daß zwei Vertreter grundverschiedene
2126 1562 2921 1631 den Leutnantston. Frl. Sergejewa,
152 1580 463 1649 ein waschechten
491 1586 2098 1662 ler Arnoldow die Hand für's Leben reicht, Weltanschauungen aufeinanderstoßen. Einer
2122 1611 2924 1683 die bisher, so viel ich weiß, nur in einem
169 1624 463 1697 großen Herrn
487 1635 2921 1721 dann bedauern wir den armen Kerl von innern Kampf gibt es nicht, jeder der Stück, Mirbeaus „Les affaires sont les
152 1669 2924 1787 ließe sich sein ganzer Seele. Und so bleibt von dem beiden Gegner ist von seinem Recht so affaires", aufgetreten ist, war eine recht
152 1721 453 1787 besser charakteri
487 1742 2924 1818 ganzen Stücke nichts, als ein paar mehr fest überzeugt, daß es kein Schwanken temperamentvolle, aber gar zu herbe und
156 1773 467 1859 seplacierten Rot¬
487 1790 2927 1870 oder weniger ergötzliche Szenen, in de= und Zweifeln für ihn gibt, und so muß strenge Anna Riedel, vortrefflich waren
484 1828 2091 1911 nen das Leben und Treiben der obern Paul Rönning, der Zivilist, seine Ge¬
2119 1863 2921 1915 ein paar Episodenrollen besetzt: der flotte
152 1842 1275 1942 hat aber noch Zehntausend mit wenig Witz und die
1296 1891 2921 1980 sinnungsfestigkeit mit dem Tode bezahlen Husarenleutnant Vogel durch Herrn Krü¬
156 1932 2091 2005 nn ein neues unberechtigten Behagen geschildert wird, und der Leutnant Karinski wird um
2115 1967 2924 2015 ger, der Theaterdirektor durch Herrn
204 1970 460 2043 Erörterungen
522 1987 1268 2056 Ueber die Darstellung habe ich mich
1289 1987 2921 2091 seines konventionellen Ehrbegriffes willen Sswetlow und die Soubrette Pepi
156 2022 2084 2112 ob Austern mit schon vorgestern geäußert. Die Herren zum Mörder." Der russische Uebersetzer
2115 2046 2727 2122 Fischer durch Fr. Ardatowa.
149 2070 2091 2167 ssen werden sol= und Damen vom Kleinen Theater haben Herr E E. Mattern, hat das Stück „Kro
2160 2077 2917 2167 Der Einakter „Litteratur bekannt¬
166 2122 449 2191 gerichtet. Man
480 2126 2914 2209 schon manches mittelmäßige und schlechte past?" genannt, das ist viel besser, als lich die Schlußnummer des Zyklus „Le¬
159 2181 2091 2253 gegen die Kri¬ Stück vor dem sichern Tode gerettet, das ganz blödsinnige „aris“, unter
2112 2198 2914 2267 bendige Stunden", ist hier erst kürzlich
159 2226 449 2288 glänzenden Ar¬
477 2222 2907 2330 Von einzelnen möchte ich neben den welchem Titel Freiwild kürzlich von einem besprochen worden. Es ist ein ungemein
149 2267 442 2333 „Verren
470 2278 1258 2343 Herren Rybakow und Ryshow no
1293 2285 2084 2350 hiesigen Dilettantenverein aufgeführt
2112 2305 2910 2378 geistreiches, graziöses Kabinetstück. Jeder
145 2319 1265 2385 der das geht doch einmal Frl. Sadonskaja 2 hervor¬
1293 2343 2074 2395 wurde. Aber die Frage, die in den
2098 2354 2910 2416 Satz ist eine Perle. Das glitzert und
156 2364 446 2433 Stück ist wirk¬
477 2371 1258 2430 heben. Dieses kleine Mädchen, dessen
1293 2392 2077 2450 russischen Titel enthalten ist, läßt sich
2101 2388 2910 2464 sprüht in tausend Funken und Farben.
149 2412 446 2485 in amüsiert sich
474 2409 1258 2488 erste schüchterne Anfänge mir noch sehr
1293 2430 1887 2506 schwer beantworten. Wirklich
2105 2447 2914 2506 Gespielt wurde vortrefflich. Herr Radin
149 2450 2067 2540 ber wenn man gut im Gedächtnis stehen, hat sich im von den beiden hat recht? Wenn Rön
2101 2502 2910 2554 machte den Baron, Herr Petrowski
180 2520 332 2578 Souper
359 2523 2067 2596 sitzt, Laufe der Jahre zu einer sehr achtbaren ning die Herausforderung Karinski
2094 2540 2900 2609 den Gilbert, und als Margarete feierte
145 2565 439 2637 an das Stück
474 2568 2067 2647 künstlerischen Kraft entwickelt, die den zurückweist, weil er keinen Menschen
2101 2589 2903 2651 Fr. Schilowskaja ihren Einzug in
166 2623 2900 2710 man es ganz alten Ruhm der Famitte Ssadowski auch beleidigt zu haben glaubt, sondern blos die „heiligen Hallen" des Korsch=Theaters.
460 2665 2900 2765 im 20. Jahrhundert aufrecht zu erhalten einen Frechling nach Verdienst gezüchtigt Man kann Fedor Adamowitsch zu dieser
159 2696 899 2789 Potapenko dar- im stande sein dürfte.
1282 2724 2067 2789 haben will, so hat er unbedingt recht
2098 2737 2900 2800 Acquisition gratulieren. Nicht nur unter
166 2762 449 2827 als daß man
505 2741 1255 2827 Das Theater Kirsch hatte vor¬
1279 2775 2903 2844 aber auch die Freunde haben recht mit der „lieben Jugend“ des Neuen Theaters
156 2803 353 2876 etonwitzen
467 2827 2063 2886 gestern, zum Benefiz des Herrn Tscha- ihrer Behauptung, Karinski sei ein tote
2088 2834 2900 2907 hat Fr. Schilowskaja sich letzterzeit häufig
152 2862 2900 2952 nichts von dem rin, einen Schnitzler=Abend. Beide Mann, wenn Rönning ihm die verlangte genug hervorgetan. Wahrscheinlich aber
162 2907 2900 2997 Satirikers, der aufgeführten Stücke sind in Moskau Genugtuung verweigere. Als Offizier fand sie dort doch zu wenig Arbeit und
180 2962 270 3017 den
308 2959 446 3021 Boden
474 2962 2900 3038 schon bekannt. „Freiwild" wurde am 13. kann er die Ohrfeige nicht auf sich sitzen hofft bei dem abwechslungsreichern Reper¬
149 2993 442 3083 ziefer, das sich
467 3007 1241 3083 März 1902 von dem „mustergiltigen
1268 3021 2063 3100 lassen; nach den Begriffen seines Standes
2088 3031 2896 3097 toire des Theater Korsch mehr beschäf¬
149 3055 439 3121 ilich, ab und
463 3062 2889 3142 Eger'schen Ensemble im Theater Eremi- bleibt ihm nichts übrig, als sich das tigt sein zu dürfen. In unserm eigenen
156 3111 2056 3180 Mühe, ein tage gegeben — vor so gut wie ganz Leben nehmen, und das heißt doch seiner
2088 3124 2889 3204 Interesse wünschen wir, daß diese Hoff¬
149 3149 439 3218 aber wir glau¬
463 3159 2561 3252 leerem Hause. Damas schrieb ich: „Dalichen Uebermut zu teuer bezahlen, nung in Erfüllung gehe!
145 3204 435 3270 und sagen er¬
460 3207 2067 3304 Stück behandelt die oft schon erörterte Also wer hat schließlich recht? Ich glaube
142 3245 363 3311 Mann
2447 3218 2841 3335 Arthur Luther.
460 3259 2067 3359 und immer noch nicht gelöste Frage von keiner, sondern beide haben recht.
138 3304 1939 3439 te delt sie den Standesverteile und der sittlichen Der eine, weil er mit dem No¬
1956 3315 2094 3408 durch
