3484 4256
170 210 709 312 8. Freiwild
854 217 1277 303 box 14/4
1154 1050 2039 1130 Fahrweg. Da zu beiden ein Bogen von
1155 1070 2301 1174 vorgesehen worden, so ergiebt sich zusammen eine Breite zwischen den
1580 1211 1882 1304 Feuilleton.
1221 1270 2291 1360 Das Schiller-Theater hat gestern Arthur Schnitzler
1145 1320 2288 1400 dreiaktiges Schauspiel „Freiwild in seinen Spielplan auf¬
1145 1370 2288 1443 genommen. Die Vorstellung fand starken Beifall und vermuthlich
1145 1406 2291 1476 werden dem Werk des Wiener Bühnendichters an der neuen Stätte
1150 1447 2291 1516 ebensoviele Wiederholungen beschieden sein, wie im Deutschen Theater.
1148 1477 2287 1552 Die tragische Handlung des Schauspiels bewegt sich bekanntlich ein
1140 1512 2289 1582 die Frage: Jst der Vertheidiger eines jungen Mädchens, der die
1148 1552 2287 1619 seiner Freundin zugefügte Beschimpfung durch einer Faustschlag be=
1138 1593 2277 1666 straft, gezwungen, dem Gezüchtigten Satisfaktion durch einen Zweikampf
1150 1634 2282 1699 zu geben oder hat der Beleidigte, falls sein Gegner sich weigert, das
1147 1673 2279 1729 Recht, diesen als Freiwild zu betrachten und ohne weiteres nieder¬
1150 1712 2279 1779 zuschießen? Wer nicht durch Standesvorurtheile verblendet ist, wird
1148 1736 2277 1808 sicher auf die Seite des Duellverweigerers treten, und den über¬
1137 1779 2274 1853 lichen, eiteln und verleumderischen Oberleutnant Kariuski verurtheilen.
1141 1819 2278 1895 Mit dem tragischen Konflikt hat Schnitzler hier eine satirische Schilde¬
1134 1855 2274 1939 rung der Schauspieler-Mière verbunden, welche vorzugsweise der
1134 1893 1634 1958 Exposition zu Statten kommt.
1205 1935 2271 2005 Die Darstellung brachte manches Gute. Neben dem flotten Zu¬
1134 1959 2272 2033 sammenspiel sind die Leistungen der Herren Kaiser und Patry be¬
1130 2006 2268 2078 sonders zu rühmen, welche zwei Typen des österreichischen Offiziers¬
1130 2043 2271 2114 korps mit aller Schärfe und Lebenswahrheit herausstellten. Schade,
1133 2078 2271 2152 daß Herr Gregori als Karinski allzusehr den Bösewicht und zu
1130 2121 2268 2184 wenig den übermüthigen, leichtfertigen Lebemann betonte. Für die
1134 2156 2265 2227 sympathische Rolle des Malers Rönning setzte Herr Päschke viel
1131 2194 2265 2269 Eifer, Wärme und ansprechende Mittel ein, während Frl. Wulf als
1128 2234 2269 2305 Anna Riedel zwar bemüht war, sich natürlich und einfach zu geben,
1121 2274 2268 2347 aber doch nicht recht den Ton traf für die naive mit der traurigen
1131 2305 2262 2377 Lebenslage. Für die humoristische Zeichnung der Schmiere thaten
1131 2344 2267 2430 Frl. Ernst, sowie die Herren Schmasow, Palegg und Zollin
1123 2380 1300 2442 ihr Bestes.
2112 2401 2231 2458 R. E.
1197 2407 2261 2505 Der Philharmonische Chor (Direktor: Professor Siegfried
1118 2472 2258 2553 Ochs) brachte in seinem gestrigen zweiten Konzert dieses Winters
1120 2511 2258 2584 den „Christus" von Franz Liszt zur Aufführung. Das
1117 2553 2258 2621 Oratorium ist nach Texien aus der heiligen Schrift und der
1123 2585 2259 2660 katholischen Liturgie verfaßt. Es erforderes als Mitwirkende: Frau
1115 2627 2258 2703 Emilie Herzog, kgl. Kammeringerin: Frau Marie
1115 2658 1473 2717 Blanck=Peters
1527 2671 1971 2731 Fräulein Charlotte
2011 2681 2258 2737 Huhu, kgl.
1118 2701 2264 2787 sächs. Hofopernsängerin, und die Herren Carl Dierich,
2299 2537 2374 2587 stin
2302 2686 2385 2734 resu
2295 2727 2391 2788 blo¬
