3436 4192
193 210 289 299 8.
366 200 655 276 reiwi
873 172 1284 278 box 14/2
2273 906 2379 964 1231
1316 908 1893 960 DAS NEUE RITTERDRAMA.
833 1004 2382 1087 neuen Ritterstück eine schiefe Prämisse sehn; man kann aber auch eine be¬
837 1079 1875 1158 sonders feine Absicht in dieser Schifheit erblicken.
954 1345 2379 1401 Das Thema im weiteren Sinn könnte humoristisch gefasst werden. Der
833 1390 2369 1446 Humor ruht ja stets auf einem Gegensatz. Hier wäre der wundervolle Gegen¬
837 1434 2371 1490 satz die Kluft zwischen erdenfreiem Wollen und den erdenschweren Grund-
837 1478 2377 1532 lagen. Die Komik der Ritter vom Geist liefe hinaus auf den lachenden Ent¬
842 1523 2375 1581 sagungsruf: stell deinen Fuss auf ellenhohe Socken, du bleibst doch immer,
842 1567 2375 1621 was du bist. Die Ritter von der Faust bieten auf endlichere Art humoristische
842 1613 2382 1669 Gegensätze. Etwa den: zwischen der äusseren, strammen Biderbheit und
838 1656 2379 1712 einem inneren Schwindlertum. Ihn wählte Hartleben in dem Ritterdrama
848 1698 2379 1746 vom „Ehrenwort“. Humoristisch hat er ihn, Gott ist mein Zeuge, nicht be¬
837 1744 2377 1814 handelt. Wie sonst? satirisch: Die Satire darf bitter ernst bleiben, wenn
838 1789 2379 1841 sie Widersprüche zornig und schneidend aufdeckt. Schneidend und mit innerem
848 1833 2379 1895 Zorn. Dieser Hannoveraner ist zeitweilig des Dafürhaltens, ein Satiriker zu
838 1875 2380 1933 sein. Wenigstens liess er auf das Titelblatt eines Dramas drucken, es sei
848 1922 2380 1972 eine Satire. Doch er hat manchen hübscheren Einfall gehabt, als eben diesen.
846 1958 2377 2018 Überflüssig zu sagen, dass seine Satire jedesmal soziale Satire ist. Ach Gott,
838 2010 2380 2066 er scheint durchaus geeignet, Herrengesellschaften von sehr verschiedenen
842 2051 2377 2109 sozialen Anschauungen zu belustigen. Satiren hin, Satiren her. Weiss er,
846 2097 2382 2153 warum er kein Satiriker ist? Darum: weil in seiner Brust kein Schrei wohnt.
854 2140 2380 2193 Weil das Wesen seiner Kunst eine tiefe Hundeschnauzigkeit birgt. Dieser
838 2186 2380 2236 manchmal feinen und öfter hinreissend komischen Kunst. Und weiss er, wa¬
838 2226 2382 2292 rum er kein grosser Humorist ist, sondern mehr ein lustiger Bruder? Darum:
848 2273 2380 2319 weil in seiner Brust nichts vom Jean Paul steckt. Weil ihm die weiche, gütige
846 2315 2386 2375 Grösse fehlt und die Fähigkeit heissen lachenden Mitfühlens. Er ist ein
846 2359 2382 2407 Cyniker. Und weiss er, warum er kein grosser Cyniker ist, sondern ein kleiner
846 2404 2380 2456 Darum, weil sein Cynismus auf Kleinigkeiten geht, aber noch nie auf die
846 2448 2382 2502 letzten Dinge ging. Weil er frei ward von auffälliger Gesellschaftsphilisterei,
842 2492 2386 2554 aber nicht von aller letzten Philisterei. Weil er gegen Ewigkeitschniker selbst
848 2535 2382 2591 ein Philister ist. Er sieht die Menschen schliesslich doch in Kleidern.
852 2581 2392 2635 Zwar Frauen nicht immer; jedoch: die Menschen. Es sei, wie es sei: er hat
846 2619 2382 2679 uns manche lustige Stunde geschenkt. Und ein Possenspiel (so las ich irgend¬
854 2670 2384 2729 wo), wenn es auch von zehen Menschen nur einen froh gemacht, lasset es
846 2708 2386 2770 euch gefallen. Am Ende steckt gar weniger Wurstigkeit in ihm, als er sich
848 2756 2382 2818 merken zu lassen getraut. Am Ende auch geht dieser Humorist noch in sich.
842 2803 2379 2860 Jedenfalls aber: Mensch, werde wesentlich! Der Ritter ist bei ihm der Lump.
846 2845 2388 2901 Er zeigt einen schoffen, schofelsten Burschen, welcher die Gebote der äusseren
846 2899 2384 2945 Ehre, das ist der Ritterehre, prompt erfüllt. Der Lump darf zum Duell fordern,
846 2932 2386 2988 ein Ehrenmann wird zerschossen. Die Gemeinheit triumphiert also von Rechts
854 2976 2380 3032 wegen. Das heisst: beinahe — zum Glück kommt es nicht so weit; denn
848 3018 2388 3088 ein zugereister Freund u. s. w. Als Kunstwerk ist dieses Schauspiel von
854 3061 2390 3126 grosser Gottverlassenheit. Ganz poesielos, ganz dürr, ganz ohne Saft und in
848 3109 2382 3165 Einzelheiten plump. Man dürfte Herrn Hartleben hiernach nicht beurteilen.
854 3151 2380 3217 Es ist auch nicht geschehen. Mit dem sachlichen Inhalt allein aber wird man
848 3200 2390 3259 sich nicht befassen. Dass die Corpsehre nicht die wahre Sittlichkeit ist: wer
846 3238 2382 3294 kein Schimpanse ist, weiss das. Der Satz macht kein Stück aus. Da war
854 3283 2390 3356 mir der verblichene Roberts lieber. In seinem Schauspiel „Satisfaction" bot
854 3344 2392 3394 er in der Tendenz putzigen Unsinn. Sein heldischer Duellgegner ist nur gegen
846 3375 2388 3431 das Pistolenduell. Dann nur gegen das Duell mit jugendlichen Gegnern. Dann
860 3419 2388 3477 überhaupt. Dann schiesst er sich, freudig, der lieben Frau zu Liebe. Er
860 3460 2382 3522 ist Revolutionär, doch er sagt ernst: „Ich weiss, was ich meiner Uniform
848 3506 2380 3570 schuldig bin!“ (ohne damit das Abbürsten zu meinen). Na, es ist heiter
852 3549 2382 3641 Aber die Gestalten sind annähernd lebendig. Bei Hartleben sind sie Schemen,
