3436 4448
181 180 297 279 8.
343 180 689 262 Freiwild
872 188 1274 283 box 14/3
644 1125 1200 1189 würde aber unrichtig sein, denn
464 1166 551 1225 der.
644 1174 1704 1240 rechtigt seien, der Zusicherung, es solle später erwogen werden,
168 1181 283 1271 .
327 1189 551 1273 ser auch ein
645 1225 1704 1293 was zu verbessern sei, zu trauen. Als Sieger oder Besiegter
644 1325 1714 1410 mein verann, bevor er mit seinem Drama „Die Ehre
156 1334 315 1422 later.
645 1381 1710 1436 den unerhörten Erfolg errang. So stürmisch wurde
641 1419 1710 1499 Schnitzlers „Liebelei“ nun freilich nicht von aller Welt
644 1470 1708 1540 aufgenommen. Aber wenn man die Dinge betrachtet,
640 1519 1697 1580 wie sie heute liegen, so haben beide Dramen doch wenig¬
157 1504 233 1588 ten
644 1555 1704 1624 stens das gemein, daß man heute wesentlich kühler über
658 1603 1708 1676 sie denkt. Man läßt ihnen ihre Bedeutung, aber man
644 1651 1704 1716 ist auch nicht blind gegen ihre Schwächen, und was ihre
160 1674 547 1744 ler's ist noch nicht
640 1685 1706 1746 Verfasser angeht, so ist man sich über Sudermanns
166 1728 545 1789 ten Hälfte der vorigen
648 1745 1709 1799 große Vorzüge und große Fehler längst einig, und von
157 1773 545 1833 likum ihn zum ersten
644 1780 1704 1839 Arthur Schnitzler's dichterischer Persönlichkeit kann
157 1815 545 1879 von dem Standpunkt,
640 1826 1697 1874 man sich wohl nach seinem neuesten Drama „Freiwild“
157 1859 543 1922 von unseren Tagen,
640 1866 1704 1923 wenn auch noch kein abschließendes, so doch ein etwas
154 1907 540 1967 ten Herbstes manches
644 1903 1052 1967 klareres Bild machen.
169 1951 537 2008 den auf die Theater¬
753 1927 1709 2028 Das dreiaktige Schauspiel „Freiwild, das
166 1992 540 2054 allerdings gestehen,
638 1982 1697 2060 gestern Abend in unserem Thalia-Theater gegeben wurde,
162 2038 540 2096 erdeutschen Litteratur
645 2040 1706 2100 hat bei seiner Erstaufführung in Berlin nur getheilten
157 2077 549 2143 aurig aussah. Wohl
645 2087 1702 2144 Beifall gefunden. Hält man das Verhalten des Publikums
162 2127 543 2184 ge von neuen Werken
640 2135 1704 2180 im Zuschauerraum für einmaßgebend, so müßte man
162 2169 547 2234 se die Welt bedeuten,
641 2180 1701 2240 allerdings sagen, daß es dem Stücke bei uns in Hamburg
174 2213 543 2273 dem Publikum und
640 2218 1701 2274 anders erging. Das Publikum klatschte nach jedem Akte
162 2258 539 2320 Arthur Schnitzlers
640 2261 1704 2320 lebhaften Beifall und am Schlusse hätte es nichts lieber
165 2297 544 2363 rischer Luftzug kam es
638 2308 1702 2362 gesehen, als daß der Verfasser selbst vor den Rampen er¬
166 2342 551 2405 über, als wir hier
649 2355 1705 2401 schienen wäre. So aber pflegt es bei Premieren ja in
190 2387 543 2447 einmal wieder ein
638 2391 1706 2454 den meisten Fällen zu gehen, wenn der Autor einen
174 2431 555 2495 be. Flink war man
638 2438 1697 2499 einigermaßen bekannten Namen besitzt. Mann kann es
186 2475 540 2531 hand. Man forschte
640 2484 1702 2534 daher auch ohne Schen aussprechen. Die außerordentlich
225 2518 545 2582 hin im Publikum
640 2532 1706 2578 warme Aufnahme, die das Publikum der gestrigen Novität
234 2563 541 2624 fand, daß als
638 2566 1702 2629 bereitete, beweist für deren Güte und litterarische Be¬
249 2608 543 2668 Sterben" von
641 2611 1701 2667 deutung nur sehr wenig. Alles in Allem: Das Stück ist
249 2648 540 2711 nicht, ihm eine
642 2659 1702 2705 nicht uninteressant, bedeutet aber keineswegs einen Fort¬
241 2693 547 2757 Schriftsteller zu
641 2700 1694 2761 schritt in Schnitzler's Entwicklung, ebensowenig wie sein
249 2740 543 2798 enn nicht ebenso
642 2741 1698 2798 Erscheinen als ein litterarisches Ereigniß gelten kann.
273 2782 545 2845 ann? Waren
638 2796 1696 2848 Wenn es einen größeren Erfolg davontrug, so liegt das
285 2826 541 2899 schon allge¬
642 2829 1701 2915 daran, daß sein Inhalt, daß das Thema, welches es be¬
1801 1168 1984 1256 in
2226 1172 2874 1287 8 beschlossen und dann vom Bundes¬
1803 1236 2144 1299 rathe gene die
1806 1350 2863 1442 handelt, für den Augenblick ein actuelles Interesse
1805 1403 2639 1451 besitzt. Es behandelt die Duellfrage.
1899 1442 2863 1511 In einem kleinen Badeorte unweit Wiens befindet
1813 1470 2290 1540 sich ein Sommertheater.
2370 1491 2869 1553 Zu den häufigsten und
1807 1532 2865 1604 vornehmsten Besuchern dieses „Kunstinstituts, das
1813 1579 2857 1639 eigentlich mehr die Bezeichnung „Schmiere" verdiente,
1815 1625 2862 1681 gehören die Officiere der Garnison. Zwischen ihnen und
1805 1665 2863 1724 den Schauspielerinnen hat sich manch intimes Verhältniß
1810 1706 2867 1773 herausgebildet, ja, nicht eigentlich durch die Leistungen
1810 1746 2867 1801 seiner „Künstler erzielt der Director Schneider seine
1815 1793 2863 1851 Einnahmen und Erfolge, sondern vor allem durch die
1810 1835 2858 1902 Persönlichkeit der weiblichen Mitglieder seiner Truppe.
1805 1877 2860 1936 Je fescher deren Auftreten auf der Bühne ist und je enger
1803 1926 2862 1990 deren Verhältniß zu den Officieren hinter oder außerhalb
1807 1970 2858 2023 der Bühne ist, um so größeren Werth haben sie für ihn.
1805 2010 2856 2067 Die erste Liebhaberin Anna Riedel hat gerade deshalb
1814 2052 2871 2119 für ihn gar keinen Werth. Vergebens versuchen die
1810 2101 2853 2160 schneidigen Lieutenants, vergebens versucht der Ober¬
1803 2139 2858 2209 lieutenant Karinsky sich ihr zu nähern und mit ihr anzu¬
1805 2185 2856 2241 knüpfen. Sie betrachten sie als ein „Wild", das jeder
1807 2234 2853 2282 „frei" erjagen kann. Sie allein aber macht von allen
1801 2268 2862 2338 ihren Kolleginnen eine Ausnahme. Theils ist sie noch
1797 2316 2856 2381 zu unerfahren und zu neu in ihrem Beruf, theils aber
1798 2370 2856 2418 auch ist ihr Herz einem jungen vornehmen und reichen
1797 2397 2850 2467 Kavalier, Paul Rönning, ohne daß sie in ihrer Uner¬
1806 2441 2857 2504 fahrenheit es sich selbst gestehen mag, in inniger und in
1802 2495 2853 2554 reiner Liebe ergeben. Paul Rönning selbst aber ist sich
1803 2530 2850 2600 voll bewußt, daß er sie liebt. Er weiß, daß sie unschuldig
1801 2583 2856 2631 und rein ist, darum aber duldet er auch nicht, daß man
1802 2615 2862 2685 sie beschimpft. Als der Oberlieutenant Karinsky in seiner
1798 2661 2856 2715 Gegenwart sich rühmt, daß er sie besiegen werde, da sie
1803 2705 2862 2788 doch nichts anderes sei als jedes andere Weibsbild
1793 2757 2853 2834 vom Theater, da springt Paul Rönning, bis
1802 2793 1881 2845 in's
1955 2797 2347 2854 Innerste entrüstet
2433 2801 2510 2852 auf
2597 2802 2857 2874 schlägt ihn
1796 2833 2780 2917 mit seinem Handschuh ins Gesicht schleudert ihm ein
2039 2898 2663 3046 o alt
