3484 4256
222 249 751 341 8. Freiwild
910 239 1319 333 box 14/4
1983 175 2951 222 hätten, durch dies gute Stück allein keine ge¬
1977 216 2956 274 ringere Begeisterung bei der Oeffentlichkeit
1977 267 2949 328 gefunden und der Kampf mit Hilfe der öffent¬
1977 318 2951 367 lichen Kunst hätte a priori mit weit sympa¬
1977 360 2957 415 tischeren Mitteln gearbeitet. Denn während in
1987 408 2957 457 der „Fehme“ und „Im grünen Baum zur
1983 452 2957 521 Nachtigall“ die Idee des Duell mit den billigen,
1987 504 2942 561 aber nicht zu billigenden Formen der Gering
1987 548 2948 615 schätzung und Persiflierung aus der Welt ge¬
1987 600 2957 648 schafft werden soll, faßt Schnitzler dieses Thema
1979 642 2954 694 mit Glacé, oder wenn der Ausdruck gestattet
1987 688 2960 746 ist, sozusagen mit Offiziershandschuhen an. Und
1989 731 2962 800 gerade an Schnitzler ist dies besonders zu loben,
1987 792 2951 849 da er ja sonst seine Ziele mit derben, unge¬
1981 833 2965 894 schminkten Mitteln verfolgt; er war eben als
1983 878 2956 932 Dichter einfühlig genug, um dies heikle Gebiet
1977 929 2957 985 mit heikler Vorsicht zu behandeln. Vor allem
1983 974 2951 1041 sollten beide Parteien — bei den Anschau¬
1983 1024 2962 1072 ungen über das Duell gibt es ja nur zwei
1983 1071 2962 1128 Ansichten — auf ihre Kosten kommen und
1987 1112 2960 1171 zwar beide, damit die eine, die eigentlich doch
1983 1165 2963 1223 die besiegte ist, es nicht fühlt und so den Sieg
1987 1212 2960 1267 unbestritten der anderen lassen kann. Ich
1987 1258 2963 1322 sage: lassen kann; denn in Wirklichkeit
1987 1305 2957 1366 gibt es ja unter den vielen Anhängern des
1987 1367 2964 1416 Duellkoder wenige Stützen und mehr
1983 1400 2962 1458 Sklaven desselben, die nur allzuoft herzlich
1981 1447 2963 1514 froh sind, wenn der Kodex bei milderer Auf¬
1992 1497 2933 1553 fassung seiner Advokaten in mitius urteilt.
1997 1543 2960 1601 Wie also bereits gesagt, das militärische Publi¬
1983 1589 2962 1649 kum konnte trotz der wiederholt demonstrativ
1992 1639 2965 1697 beifälligen Zustimmung des Zivilpublikums
1983 1693 2969 1748 auch seine Befriedigung finden; den Leutnant
1992 1733 2960 1785 Karinski ist ebenso ein Muster eines Offi¬
1989 1780 2969 1838 ziers, für welchen Offiziersstand und Ehre der
1992 1828 2970 1889 höchste Lebensbegriff ist, wie Paul Rönning
1992 1876 2965 1931 durch und durch Mann ist, der den Schein der
1995 1923 2972 1983 Feigheit, einen Zweikampf zu verweigern, mit
1998 1968 2976 2024 vernünftigen Argumenten missachtet, den Mut
1989 2025 2976 2076 aber im richtigen Moment im rechten Maße
1989 2068 2969 2129 besitzt und ihn da höher stellt als die soge¬
1989 2111 2975 2172 nannten Verfechter des Ehrenkodex. Darum
1989 2162 2969 2214 fand denn auch das Schauspiel ungeteilt bei¬
1989 2205 2975 2286 fällige Aufnahme und Schnitzler braucht nicht
1992 2254 2976 2315 zu fürchten, für sein Antiduelldrama ein zweites¬
1994 2305 2965 2359 mal vom Militär geachtet zu werden. Im Gegen¬
1989 2348 2969 2412 teil: Leutnant Karinski versöhnt viel, was
1992 2397 2976 2461 Leutnant Gustl verpönt hatte. Die Darstellung
1992 2448 2965 2512 blieb hinter den inneren Vorzügen des Stückes
1989 2497 2975 2559 nicht zurück. Die ersten im Schauspiel waren
1989 2541 2975 2602 natürlich die besten, allein auch die übrigen,
1992 2592 2976 2642 minder bedeutsamen Träger der Tendenz boten
1992 2638 2970 2694 eine der besten würdige Hilfstruppe. Herr
1989 2682 2975 2741 Kutschera als Paul Rönning und Kramer
1992 2742 2973 2795 als Leutnant Karinski vertraten die edlen Ten¬
1995 2782 2981 2842 denzen des von ihnen repräsentierten Standes
1995 2827 2976 2894 mit wahrem Feuereifer ehrlicher, innerer Ueber¬
1989 2879 2978 2932 zeugtheit von dem hohen Ziele ihrer Anschauung.
1995 2923 2975 2979 Fräulein Er hatte als Anna Riedel eine
1995 2969 2975 3031 keineswegs dankbare, dafür aber umso schwie¬
1995 3020 2984 3071 rigere Rolle; sie war derselben im vollsten
1995 3066 2972 3128 Maße gewachsen, ja wir müssen sagen, daß
1998 3118 2978 3174 keine Kraft des Burgtheaters die Rolle so ge¬
1998 3163 2976 3223 troffen hätte, wenn überhaupt dort eine Dar¬
1995 3211 2975 3271 stellerin für diese Rolle zu finden wäre. Von
1995 3254 2975 3307 den anderen wollen wir noch den vortrefflichen
2004 3306 2972 3363 Herrn Jensen als Leutnant Rhonstedt,
1995 3355 2975 3403 Tewele als Theaterdirektor, Raeder als
2002 3399 2975 3452 Dr. Wellner und Höfer als Leutnant Vogel
1995 3449 2975 3510 besonders erwähnen, wollen jedoch nochmals
1995 3499 2978 3555 betonen, welch wohlverdienten Anteil das ganze
1998 3546 2942 3610 übrige Ensemble an dem Erfolg hat. Dr. H. R.
2113 3622 2984 3694 Theater in der Josefstadt. Dem Car¬
1995 3689 2972 3744 neval Rechnung tragend hat Direktor Jarno
1995 3731 2978 3790 die tolle Farce „Der keusche Kasimir
1995 3775 2975 3834 aufs Repertoir gesetzt, und damit tatsächlich
1998 3827 2964 3880 das Zwerchfell seines Publikums den lebhaf¬
1995 3874 2949 3934 testen Erschütterungen ausgesetzt. Da ja d.
1994 3923 2962 3981 Lachen das Endziel derartiger Werke ist, so
1995 3964 2965 4032 hat der „keusche Kasimir seine Schuldig-
1995 4017 2969 4072 keit getan — und wird gehen. Den „kenschen
1995 4061 2969 4141 Kasimir, der nichts weniger als keusch ist,
