<?xml version="1.0" encoding="UTF-8" standalone="yes"?>
<PcGts xmlns="http://schema.primaresearch.org/PAGE/gts/pagecontent/2013-07-15" xmlns:xsi="http://www.w3.org/2001/XMLSchema-instance" xsi:schemaLocation="http://schema.primaresearch.org/PAGE/gts/pagecontent/2013-07-15 http://schema.primaresearch.org/PAGE/gts/pagecontent/2013-07-15/pagecontent.xsd">
    <Metadata>
        <Creator>prov=READ-COOP:name=PyLaia@TranskribusPlatform:version=2.12.1:model_id=39995:lm=provided:date=28_03_2024_21:33</Creator>
        <Created>2019-10-07T11:50:33.057+02:00</Created>
        <LastChange>2024-03-28T21:33:22.919+01:00</LastChange>
        <TranskribusMetadata docId="223990" pageId="9505824" pageNr="447" tsid="156390792" status="IN_PROGRESS" userId="40391" imgUrl="https://files.transkribus.eu/Get?id=NAIMIUBGMZRWBHSHNZCRWURP&amp;fileType=view" xmlUrl="https://files.transkribus.eu/Get?id=VCMLEMYIAPNTXIXZOMTRMHUD" imageId="6196038"/>
    </Metadata>
    <Page imageFilename="223990_0447.jpeg" imageWidth="3344" imageHeight="4352">
        <ReadingOrder>
            <OrderedGroup id="ro_1712662634371" caption="Regions reading order">
                <RegionRefIndexed index="0" regionRef="tr_1"/>
                <RegionRefIndexed index="1" regionRef="tr_2"/>
            </OrderedGroup>
        </ReadingOrder>
        <TextRegion orientation="0.0" id="tr_1" custom="readingOrder {index:0;}">
            <Coords points="226,224 226,4197 728,4197 728,224"/>
            <TextLine id="tr_1_tl_1" custom="readingOrder {index:0;}">
                <Coords points="245,279 721,291 721,179 633,188 609,209 518,176 442,194 427,182 397,206 318,179 245,179"/>
                <Baseline points="262,247 287,250 313,253 339,255 365,254 391,251 417,250 443,250 469,251 495,253 520,253 546,254 572,255 598,256 624,256 650,256 676,256 702,256 728,257"/>
                <TextEquiv>
                    <Unicode>8. Freiwil</Unicode>
                </TextEquiv>
            </TextLine>
            <TextLine id="tr_1_tl_2" custom="readingOrder {index:1;}">
                <Coords points="218,1253 260,1253 269,1262 282,1265 288,1265 297,1256 306,1262 321,1262 321,1190 300,1190 294,1184 285,1184 260,1196 248,1196 242,1202 218,1202"/>
                <Baseline points="235,1232 265,1232 295,1232 325,1232"/>
                <TextEquiv>
                    <Unicode>bitte</Unicode>
                </TextEquiv>
            </TextLine>
            <TextLine id="tr_1_tl_3" custom="readingOrder {index:2;}">
                <Coords points="266,1995 342,2010 384,1998 424,2001 418,1807 397,1804 381,1816 360,1804 342,1826 315,1823 306,1832 291,1826 276,1838 260,1838"/>
                <Baseline points="280,1970 309,1970 339,1971 369,1973 399,1975 429,1973"/>
                <TextEquiv>
                    <Unicode></Unicode>
                </TextEquiv>
            </TextLine>
            <TextLine id="tr_1_tl_4" custom="readingOrder {index:3;}">
                <Coords points="536,1998 615,2010 669,2007 666,1801 615,1829 599,1823 569,1829 563,1823 554,1832 533,1832"/>
                <Baseline points="552,1973 582,1975 613,1977 643,1978 674,1973"/>
                <TextEquiv>
                    <Unicode>n</Unicode>
                </TextEquiv>
            </TextLine>
            <TextLine id="tr_1_tl_5" custom="readingOrder {index:4;}">
                <Coords points="212,2062 303,2053 321,2068 348,2053 375,2074 445,2065 500,2086 539,2065 699,2062 699,2007 675,2001 657,2016 587,1995 294,2010 212,1989"/>
                <Baseline points="229,2041 254,2041 279,2041 304,2041 329,2041 354,2041 379,2042 405,2044 430,2044 455,2044 480,2046 505,2047 530,2047 556,2048 581,2050 606,2050 631,2050 656,2050 681,2050 707,2050"/>
                <TextEquiv>
                    <Unicode>Theaterdirektor Leopold</Unicode>
                </TextEquiv>
            </TextLine>
            <TextLine id="tr_1_tl_6" custom="readingOrder {index:5;}">
                <Coords points="215,2116 230,2116 239,2122 242,2116 251,2119 272,2107 285,2116 348,2113 348,2074 333,2074 294,2050 279,2062 266,2053 257,2062 233,2044 215,2044"/>
                <Baseline points="232,2101 262,2101 292,2102 322,2104 352,2104"/>
                <TextEquiv>
                    <Unicode>Sohn.</Unicode>
                </TextEquiv>
            </TextLine>
            <TextLine id="tr_1_tl_7" custom="readingOrder {index:6;}">
                <Coords points="236,2274 266,2271 282,2280 297,2274 333,2295 339,2286 351,2289 360,2277 403,2283 397,2207 378,2210 357,2195 327,2204 315,2192 285,2195 272,2207 257,2201 251,2207 230,2204"/>
                <Baseline points="253,2247 278,2249 303,2250 329,2252 354,2254 379,2258 405,2259"/>
                <TextEquiv>
                    <Unicode>Golz.</Unicode>
                </TextEquiv>
            </TextLine>
            <TextLine id="tr_1_tl_8" custom="readingOrder {index:7;}">
                <Coords points="221,2340 375,2343 400,2364 442,2337 690,2352 687,2280 648,2283 593,2255 536,2274 469,2259 451,2277 357,2292 221,2274"/>
                <Baseline points="238,2331 263,2333 288,2334 314,2334 339,2334 364,2334 390,2335 415,2337 441,2337 466,2337 491,2337 517,2338 542,2339 568,2340 593,2340 618,2340 644,2340 669,2340 695,2340"/>
                <TextEquiv>
                    <Unicode>aufhorchen. War das</Unicode>
                </TextEquiv>
            </TextLine>
            <TextLine id="tr_1_tl_9" custom="readingOrder {index:8;}">
                <Coords points="221,2398 272,2386 378,2401 415,2383 500,2413 530,2395 693,2404 693,2352 612,2340 557,2355 442,2337 400,2361 345,2337 221,2340"/>
                <Baseline points="238,2381 263,2381 289,2381 315,2381 340,2381 366,2381 392,2382 418,2384 443,2384 469,2384 495,2386 520,2387 546,2387 572,2387 598,2387 623,2387 649,2388 675,2389 701,2387"/>
                <TextEquiv>
                    <Unicode>blicklich des trefflichen</Unicode>
                </TextEquiv>
            </TextLine>
            <TextLine id="tr_1_tl_10" custom="readingOrder {index:9;}">
                <Coords points="242,2434 412,2440 439,2455 497,2437 563,2461 590,2437 648,2452 696,2443 696,2401 672,2395 584,2410 533,2392 500,2413 418,2386 375,2404 242,2389"/>
                <Baseline points="259,2429 285,2429 311,2429 337,2429 363,2430 389,2432 416,2434 442,2435 468,2435 494,2435 520,2435 546,2435 573,2435 599,2437 625,2438 651,2438 677,2437 704,2435"/>
                <TextEquiv>
                    <Unicode>Exterieur so gar nicht</Unicode>
                </TextEquiv>
            </TextLine>
            <TextLine id="tr_1_tl_11" custom="readingOrder {index:10;}">
                <Coords points="212,2501 263,2483 312,2504 391,2486 424,2501 457,2486 693,2504 693,2446 590,2437 560,2461 500,2437 442,2455 257,2434 212,2449"/>
                <Baseline points="229,2474 255,2476 281,2477 307,2479 333,2480 359,2480 385,2481 411,2483 437,2481 463,2481 489,2482 515,2483 541,2483 567,2483 593,2483 619,2485 645,2486 671,2486 698,2486"/>
                <TextEquiv>
                    <Unicode>einstimmte, der jedoch</Unicode>
                </TextEquiv>
            </TextLine>
            <TextLine id="tr_1_tl_12" custom="readingOrder {index:11;}">
                <Coords points="209,2555 251,2534 669,2549 690,2546 690,2501 484,2501 454,2486 427,2501 388,2486 312,2504 263,2483 206,2489"/>
                <Baseline points="226,2525 252,2527 278,2528 304,2528 330,2528 357,2528 383,2530 409,2531 435,2531 462,2531 488,2531 514,2531 540,2531 566,2533 593,2534 619,2534 645,2535 671,2537 698,2537"/>
                <TextEquiv>
                    <Unicode>abei verstand er es von</Unicode>
                </TextEquiv>
            </TextLine>
            <TextLine id="tr_1_tl_13" custom="readingOrder {index:12;}">
                <Coords points="212,2595 251,2582 312,2595 327,2576 439,2598 454,2585 687,2595 687,2546 615,2534 490,2549 345,2531 327,2552 251,2534 212,2552"/>
                <Baseline points="229,2572 254,2574 280,2575 306,2575 332,2575 358,2575 384,2575 410,2575 436,2577 462,2578 487,2578 513,2579 539,2581 565,2581 591,2581 617,2583 643,2584 669,2584 695,2584"/>
                <TextEquiv>
                    <Unicode>nen, die ihm am besten</Unicode>
                </TextEquiv>
            </TextLine>
            <TextLine id="tr_1_tl_14" custom="readingOrder {index:13;}">
                <Coords points="215,2631 503,2646 524,2634 557,2652 581,2631 615,2652 636,2637 690,2649 687,2604 645,2595 215,2585"/>
                <Baseline points="232,2617 257,2619 283,2620 309,2622 334,2623 360,2623 386,2624 412,2626 437,2626 463,2626 489,2626 514,2626 540,2626 566,2627 592,2629 617,2631 643,2632 669,2632 695,2632"/>
                <TextEquiv>
                    <Unicode>deren einspringen, wenn</Unicode>
                </TextEquiv>
            </TextLine>
            <TextLine id="tr_1_tl_15" custom="readingOrder {index:14;}">
                <Coords points="215,2685 276,2676 312,2698 324,2682 406,2691 451,2676 515,2698 612,2682 687,2694 684,2643 639,2637 612,2652 578,2631 557,2652 487,2634 215,2634"/>
                <Baseline points="232,2668 257,2671 283,2674 308,2672 334,2672 359,2673 385,2674 410,2674 436,2674 462,2674 487,2676 513,2677 538,2677 564,2678 589,2680 615,2680 640,2680 666,2680 692,2680"/>
                <TextEquiv>
                    <Unicode>Bühne und nicht in der</Unicode>
                </TextEquiv>
            </TextLine>
            <TextLine id="tr_1_tl_16" custom="readingOrder {index:15;}">
                <Coords points="221,2731 663,2746 687,2743 687,2694 566,2682 524,2701 439,2676 421,2694 327,2679 312,2698 279,2676 218,2682"/>
                <Baseline points="238,2719 263,2722 288,2725 313,2723 338,2722 364,2722 389,2723 414,2725 439,2724 465,2722 490,2724 515,2726 540,2727 565,2728 591,2728 616,2728 641,2728 666,2730 692,2731"/>
                <TextEquiv>
                    <Unicode>hal, „denn hier muß der</Unicode>
                </TextEquiv>
            </TextLine>
            <TextLine id="tr_1_tl_17" custom="readingOrder {index:16;}">
                <Coords points="215,2776 554,2791 575,2776 657,2794 690,2788 690,2740 521,2731 451,2749 303,2728 212,2740"/>
                <Baseline points="232,2769 257,2769 283,2769 309,2769 335,2769 361,2769 387,2769 413,2769 439,2771 465,2772 490,2772 516,2773 542,2775 568,2775 594,2775 620,2775 646,2776 672,2777 698,2781"/>
                <TextEquiv>
                    <Unicode>emplacieren, wenn dieser</Unicode>
                </TextEquiv>
            </TextLine>
            <TextLine id="tr_1_tl_18" custom="readingOrder {index:17;}">
                <Coords points="218,2828 403,2828 454,2846 490,2831 678,2837 678,2791 218,2776"/>
                <Baseline points="235,2820 260,2818 285,2817 310,2817 335,2817 360,2817 385,2818 410,2820 435,2820 460,2820 485,2820 510,2820 535,2822 560,2823 585,2823 610,2824 635,2826 660,2826 686,2826"/>
                <TextEquiv>
                    <Unicode>sich seinen Vollbart, um</Unicode>
                </TextEquiv>
            </TextLine>
            <TextLine id="tr_1_tl_19" custom="readingOrder {index:18;}">
                <Coords points="233,2873 394,2879 412,2894 430,2879 687,2885 684,2837 490,2828 448,2852 400,2828 233,2825"/>
                <Baseline points="250,2862 275,2865 301,2868 327,2868 353,2868 379,2868 404,2869 430,2871 456,2871 482,2871 508,2871 534,2872 559,2874 585,2874 611,2874 637,2876 663,2876 689,2874"/>
                <TextEquiv>
                    <Unicode>vorsichtig gesprochenen</Unicode>
                </TextEquiv>
            </TextLine>
            <TextLine id="tr_1_tl_20" custom="readingOrder {index:19;}">
                <Coords points="215,2915 279,2931 418,2922 436,2940 490,2925 545,2943 560,2928 654,2937 681,2931 678,2888 212,2879"/>
                <Baseline points="232,2910 257,2912 282,2913 307,2913 332,2914 358,2915 383,2917 408,2919 433,2918 459,2916 484,2918 509,2919 534,2919 559,2920 585,2922 610,2922 635,2922 660,2922 686,2922"/>
                <TextEquiv>
                    <Unicode>r zurecht, gab dem ein¬</Unicode>
                </TextEquiv>
            </TextLine>
            <TextLine id="tr_1_tl_21" custom="readingOrder {index:20;}">
                <Coords points="224,2976 245,2976 251,2970 254,2973 266,2967 272,2973 276,2970 327,2973 324,2925 291,2922 279,2931 260,2915 257,2919 254,2915 245,2925 236,2919 221,2919"/>
                <Baseline points="241,2961 271,2961 301,2962 331,2964"/>
                <TextEquiv>
                    <Unicode>spielte</Unicode>
                </TextEquiv>
            </TextLine>
            <TextLine id="tr_1_tl_22" custom="readingOrder {index:21;}">
                <Coords points="354,2964 418,2982 457,2964 481,2982 545,2970 666,2991 684,2985 681,2931 436,2937 415,2922 403,2934 391,2925 351,2934"/>
                <Baseline points="370,2961 396,2963 423,2964 449,2964 476,2965 502,2967 529,2968 556,2969 582,2969 609,2970 635,2972 662,2972 689,2972"/>
                <TextEquiv>
                    <Unicode>sich in seinem</Unicode>
                </TextEquiv>
            </TextLine>
            <TextLine id="tr_1_tl_23" custom="readingOrder {index:22;}">
                <Coords points="236,3012 418,3018 490,3037 530,3015 551,3034 599,3037 678,3031 678,2991 557,2973 481,2982 454,2964 421,2982 351,2958 327,2973 233,2970"/>
                <Baseline points="253,3008 278,3008 303,3008 329,3010 354,3012 380,3013 405,3014 431,3014 456,3014 482,3014 507,3014 533,3015 558,3016 584,3018 609,3020 635,3020 660,3020 686,3020"/>
                <TextEquiv>
                    <Unicode>den Direktor Jauner</Unicode>
                </TextEquiv>
            </TextLine>
            <TextLine id="tr_1_tl_24" custom="readingOrder {index:23;}">
                <Coords points="242,3073 336,3061 354,3076 481,3076 490,3064 512,3079 678,3085 675,3031 554,3037 530,3012 490,3034 354,3012 327,3024 239,3015"/>
                <Baseline points="259,3056 285,3058 312,3060 338,3061 365,3062 391,3062 418,3060 444,3060 471,3063 497,3065 524,3065 550,3065 577,3065 603,3067 630,3069 656,3071 683,3074"/>
                <TextEquiv>
                    <Unicode>fort: „Schon seinerzeit,</Unicode>
                </TextEquiv>
            </TextLine>
            <TextLine id="tr_1_tl_25" custom="readingOrder {index:24;}">
                <Coords points="224,3133 306,3112 675,3133 672,3079 551,3085 490,3064 469,3079 400,3064 351,3076 336,3061 282,3076 221,3061"/>
                <Baseline points="241,3107 266,3107 292,3107 318,3107 344,3107 370,3107 395,3108 421,3110 447,3110 473,3110 499,3110 525,3111 550,3113 576,3114 602,3116 628,3118 654,3120 680,3122"/>
                <TextEquiv>
                    <Unicode>chen Volkstheater war,</Unicode>
                </TextEquiv>
            </TextLine>
            <TextLine id="tr_1_tl_26" custom="readingOrder {index:25;}">
                <Coords points="242,3173 366,3164 506,3179 551,3164 639,3182 663,3176 663,3130 624,3121 606,3140 566,3115 539,3130 239,3118"/>
                <Baseline points="259,3161 284,3158 310,3155 336,3157 362,3159 387,3161 413,3161 439,3161 465,3161 490,3161 516,3161 542,3162 568,3164 593,3164 619,3164 645,3165 671,3166"/>
                <TextEquiv>
                    <Unicode>guter Souffleur in de</Unicode>
                </TextEquiv>
            </TextLine>
            <TextLine id="tr_1_tl_27" custom="readingOrder {index:26;}">
                <Coords points="221,3209 269,3218 276,3212 291,3215 303,3206 333,3212 348,3224 381,3221 378,3161 360,3161 354,3170 342,3170 327,3182 291,3167 254,3173 236,3161 221,3161"/>
                <Baseline points="238,3202 267,3204 296,3205 326,3205 355,3207 385,3208"/>
                <TextEquiv>
                    <Unicode>ten au</Unicode>
                </TextEquiv>
            </TextLine>
            <TextLine id="tr_1_tl_28" custom="readingOrder {index:27;}">
                <Coords points="415,3224 518,3212 539,3227 584,3221 618,3233 642,3230 639,3182 621,3182 606,3170 506,3170 497,3179 481,3170 457,3182 439,3167 412,3176"/>
                <Baseline points="432,3208 459,3208 486,3209 513,3210 541,3211 568,3211 595,3213 622,3214 650,3214"/>
                <TextEquiv>
                    <Unicode>der Bühne</Unicode>
                </TextEquiv>
            </TextLine>
            <TextLine id="tr_1_tl_29" custom="readingOrder {index:28;}">
                <Coords points="215,3261 669,3270 666,3215 615,3233 515,3212 433,3227 400,3212 348,3224 309,3206 215,3209"/>
                <Baseline points="232,3250 258,3252 284,3253 310,3255 336,3256 362,3256 388,3256 414,3256 440,3258 466,3259 492,3259 518,3259 544,3259 570,3262 596,3265 622,3265 648,3265 674,3265"/>
                <TextEquiv>
                    <Unicode>ler schmunzelte bejahend:</Unicode>
                </TextEquiv>
            </TextLine>
            <TextLine id="tr_1_tl_30" custom="readingOrder {index:29;}">
                <Coords points="215,3315 245,3306 276,3330 321,3306 384,3321 400,3309 469,3324 524,3312 660,3321 660,3276 602,3267 554,3279 506,3261 490,3273 215,3261"/>
                <Baseline points="232,3301 257,3301 283,3301 308,3301 334,3301 360,3301 385,3302 411,3304 437,3304 462,3304 488,3306 514,3307 539,3307 565,3308 591,3310 616,3312 642,3313 668,3313"/>
                <TextEquiv>
                    <Unicode>pischer Beweis hiefür</Unicode>
                </TextEquiv>
            </TextLine>
            <TextLine id="tr_1_tl_31" custom="readingOrder {index:30;}">
                <Coords points="303,3370 669,3367 666,3321 300,3312"/>
                <Baseline points="319,3355 344,3353 370,3352 395,3352 421,3353 446,3355 472,3355 498,3355 523,3357 549,3358 574,3358 600,3359 625,3361 651,3361 677,3361"/>
                <TextEquiv>
                    <Unicode>hat sich entschieden</Unicode>
                </TextEquiv>
            </TextLine>
            <TextLine id="tr_1_tl_32" custom="readingOrder {index:31;}">
                <Coords points="233,3400 269,3418 366,3397 400,3415 424,3400 445,3418 569,3412 593,3427 663,3415 660,3367 575,3376 460,3357 418,3376 378,3361 315,3367 282,3345 233,3373"/>
                <Baseline points="250,3399 276,3397 302,3396 328,3398 355,3398 381,3396 407,3398 434,3399 460,3401 486,3403 513,3405 539,3405 565,3405 592,3407 618,3408 644,3408 671,3408"/>
                <TextEquiv>
                    <Unicode>sogar damals hiel</Unicode>
                </TextEquiv>
            </TextLine>
            <TextLine id="tr_1_tl_33" custom="readingOrder {index:32;}">
                <Coords points="215,3476 294,3448 400,3470 524,3473 557,3457 572,3473 606,3463 639,3479 660,3476 660,3418 448,3418 427,3400 297,3421 248,3400 212,3412"/>
                <Baseline points="232,3447 257,3447 283,3447 308,3447 334,3447 360,3447 385,3448 411,3450 437,3452 462,3453 488,3453 514,3454 539,3456 565,3457 591,3459 616,3457 642,3456 668,3456"/>
                <TextEquiv>
                    <Unicode>ir widersprechen müsse</Unicode>
                </TextEquiv>
            </TextLine>
            <TextLine id="tr_1_tl_34" custom="readingOrder {index:33;}">
                <Coords points="236,3503 439,3515 457,3503 481,3521 512,3509 584,3530 657,3518 657,3476 606,3463 572,3473 551,3457 490,3473 472,3460 342,3466 291,3445 236,3454"/>
                <Baseline points="253,3498 278,3496 304,3495 330,3497 356,3498 381,3498 407,3498 433,3498 459,3500 484,3501 510,3503 536,3504 562,3504 587,3505 613,3507 639,3507 665,3504"/>
                <TextEquiv>
                    <Unicode>Salondame die Reisen¬</Unicode>
                </TextEquiv>
            </TextLine>
            <TextLine id="tr_1_tl_35" custom="readingOrder {index:34;}">
                <Coords points="239,3563 351,3557 412,3575 484,3557 566,3575 612,3560 660,3566 657,3518 581,3530 512,3509 481,3521 466,3506 236,3503"/>
                <Baseline points="256,3546 281,3546 307,3546 333,3546 359,3546 384,3546 410,3547 436,3549 462,3549 487,3549 513,3551 539,3553 565,3555 590,3555 616,3555 642,3557 668,3555"/>
                <TextEquiv>
                    <Unicode>ließ nicht locker; nach</Unicode>
                </TextEquiv>
            </TextLine>
            <TextLine id="tr_1_tl_36" custom="readingOrder {index:35;}">
                <Coords points="236,3612 288,3600 321,3615 369,3603 384,3618 472,3606 527,3621 560,3606 606,3624 660,3621 660,3566 642,3563 506,3569 487,3554 412,3575 288,3551 236,3569"/>
                <Baseline points="253,3593 278,3593 304,3593 330,3593 356,3594 382,3596 408,3596 434,3596 460,3598 486,3599 512,3599 538,3600 564,3602 590,3604 616,3605 642,3605 668,3605"/>
                <TextEquiv>
                    <Unicode>obzwar auch sie nicht</Unicode>
                </TextEquiv>
            </TextLine>
            <TextLine id="tr_1_tl_37" custom="readingOrder {index:36;}">
                <Coords points="248,3660 306,3651 427,3666 493,3645 506,3657 615,3666 618,3618 563,3606 524,3624 433,3606 391,3618 369,3603 324,3615 288,3600 245,3609"/>
                <Baseline points="265,3647 290,3644 316,3641 342,3641 368,3642 393,3644 419,3644 445,3644 471,3646 497,3648 522,3649 548,3650 574,3650 600,3649 626,3647"/>
                <TextEquiv>
                    <Unicode>geholt und mir</Unicode>
                </TextEquiv>
            </TextLine>
            <TextLine id="tr_1_tl_38" custom="readingOrder {index:37;}">
                <Coords points="221,3700 236,3700 245,3709 254,3709 266,3700 279,3700 285,3706 297,3703 306,3712 315,3703 333,3706 330,3657 288,3651 279,3660 266,3660 233,3630 218,3630"/>
                <Baseline points="238,3689 263,3689 289,3689 314,3689 340,3692"/>
                <TextEquiv>
                    <Unicode>schafft.</Unicode>
                </TextEquiv>
            </TextLine>
            <TextLine id="tr_1_tl_39" custom="readingOrder {index:38;}">
                <Coords points="439,3715 484,3712 493,3721 518,3709 542,3718 554,3709 599,3712 615,3721 657,3715 657,3663 621,3657 593,3666 545,3663 487,3648 463,3672 439,3669"/>
                <Baseline points="456,3704 482,3699 508,3698 534,3698 560,3700 586,3701 612,3701 638,3701 665,3701"/>
                <TextEquiv>
                    <Unicode>„Triumphe</Unicode>
                </TextEquiv>
            </TextLine>
            <TextLine id="tr_1_tl_40" custom="readingOrder {index:39;}">
                <Coords points="269,3763 354,3748 472,3766 509,3751 602,3769 660,3763 657,3721 596,3709 518,3709 497,3724 418,3694 400,3712 360,3687 306,3712 266,3703"/>
                <Baseline points="283,3740 308,3738 333,3737 359,3739 384,3741 410,3743 435,3744 461,3746 486,3746 512,3747 537,3750 563,3752 588,3752 614,3752 639,3752 665,3752"/>
                <TextEquiv>
                    <Unicode>beiden ein. „Schon</Unicode>
                </TextEquiv>
            </TextLine>
            <TextLine id="tr_1_tl_41" custom="readingOrder {index:40;}">
                <Coords points="291,3806 384,3787 478,3815 660,3809 657,3763 639,3760 602,3769 484,3751 469,3766 418,3748 378,3763 363,3748 333,3760 288,3748"/>
                <Baseline points="304,3787 330,3787 356,3787 382,3789 408,3791 434,3793 460,3794 486,3796 512,3796 538,3797 564,3798 590,3799 616,3799 642,3799 668,3799"/>
                <TextEquiv>
                    <Unicode>und in „Madame</Unicode>
                </TextEquiv>
            </TextLine>
            <TextLine id="tr_1_tl_42" custom="readingOrder {index:41;}">
                <Coords points="209,3851 648,3857 645,3809 509,3803 487,3815 409,3806 384,3784 306,3806 272,3772 239,3793 206,3778"/>
                <Baseline points="226,3835 251,3835 276,3835 301,3835 327,3835 352,3835 377,3836 403,3838 428,3841 453,3844 478,3844 504,3844 529,3844 554,3845 580,3847 605,3847 630,3847 656,3850"/>
                <TextEquiv>
                    <Unicode>i gewesen!" alle beide</Unicode>
                </TextEquiv>
            </TextLine>
            <TextLine id="tr_1_tl_43" custom="readingOrder {index:42;}">
                <Coords points="218,3909 248,3899 269,3915 321,3893 633,3909 633,3860 596,3851 372,3857 318,3845 288,3863 218,3842"/>
                <Baseline points="235,3886 260,3886 285,3886 311,3886 336,3886 361,3886 387,3887 412,3889 438,3891 463,3892 488,3892 514,3893 539,3894 564,3895 590,3895 615,3896 641,3898"/>
                <TextEquiv>
                    <Unicode>er. „Aber bezahlte</Unicode>
                </TextEquiv>
            </TextLine>
            <TextLine id="tr_1_tl_44" custom="readingOrder {index:43;}">
                <Coords points="260,3960 297,3942 448,3942 469,3957 509,3948 560,3963 575,3945 615,3960 657,3954 654,3890 615,3912 527,3915 478,3896 257,3902"/>
                <Baseline points="277,3943 302,3940 328,3937 354,3937 380,3938 406,3940 432,3940 458,3940 483,3940 509,3941 535,3942 561,3943 587,3943 613,3944 639,3946 665,3949"/>
                <TextEquiv>
                    <Unicode>„Damals haben wir</Unicode>
                </TextEquiv>
            </TextLine>
            <TextLine id="tr_1_tl_45" custom="readingOrder {index:44;}">
                <Coords points="272,3984 487,4008 527,3996 560,4005 569,3990 651,4008 648,3951 612,3963 584,3945 560,3963 515,3948 469,3957 451,3942 272,3951"/>
                <Baseline points="289,3978 315,3981 341,3984 367,3984 393,3984 420,3984 446,3986 472,3987 498,3989 524,3990 551,3990 577,3991 603,3993 629,3995 656,3996"/>
                <TextEquiv>
                    <Unicode>beschwichtigten wir</Unicode>
                </TextEquiv>
            </TextLine>
            <TextLine id="tr_1_tl_46" custom="readingOrder {index:45;}">
                <Coords points="215,4039 654,4054 654,4008 569,3990 557,4005 445,4005 409,3990 369,4005 288,3990 254,3963 215,3987"/>
                <Baseline points="232,4029 257,4029 282,4029 307,4031 333,4032 358,4032 383,4033 409,4035 434,4035 459,4035 484,4037 510,4038 535,4038 560,4039 586,4041 611,4041 636,4041 662,4044"/>
                <TextEquiv>
                    <Unicode>rt strich, seinen Zwicker</Unicode>
                </TextEquiv>
            </TextLine>
            <TextLine id="tr_1_tl_47" custom="readingOrder {index:46;}">
                <Coords points="212,4096 245,4102 330,4078 394,4105 418,4087 481,4105 497,4090 630,4105 648,4102 648,4054 209,4042"/>
                <Baseline points="229,4083 254,4080 279,4077 304,4079 329,4080 354,4080 379,4081 404,4083 429,4083 455,4083 480,4085 505,4086 530,4088 555,4089 580,4089 605,4089 630,4089 656,4092"/>
                <TextEquiv>
                    <Unicode>. Er wühlte in Akten.</Unicode>
                </TextEquiv>
            </TextLine>
            <TextLine id="tr_1_tl_48" custom="readingOrder {index:47;}">
                <Coords points="239,4145 309,4133 378,4148 403,4133 651,4154 651,4102 572,4105 524,4090 481,4105 418,4090 394,4105 333,4078 315,4093 282,4084 239,4096"/>
                <Baseline points="256,4137 281,4134 306,4131 331,4131 356,4131 381,4131 407,4131 432,4131 457,4134 482,4137 507,4137 533,4137 558,4137 583,4137 608,4137 633,4138 659,4140"/>
                <TextEquiv>
                    <Unicode>„Haben Sie sich gern</Unicode>
                </TextEquiv>
            </TextLine>
            <TextLine id="tr_1_tl_49" custom="readingOrder {index:48;}">
                <Coords points="212,4193 351,4178 412,4205 636,4202 633,4148 578,4157 551,4139 493,4151 442,4136 424,4148 403,4133 366,4157 342,4136 257,4145 242,4130 212,4145"/>
                <Baseline points="229,4172 254,4174 280,4175 305,4175 331,4176 356,4177 382,4178 407,4178 433,4180 459,4181 484,4183 510,4184 535,4184 561,4183 586,4181 612,4183 638,4187"/>
                <TextEquiv>
                    <Unicode>tor?" apostrophierten</Unicode>
                </TextEquiv>
            </TextLine>
            <TextEquiv>
                <Unicode></Unicode>
            </TextEquiv>
        </TextRegion>
        <TextRegion orientation="0.0" id="tr_2" custom="readingOrder {index:1;}">
            <Coords points="722,236 722,2351 3143,2351 3143,236"/>
            <TextLine id="tr_2_tl_1" custom="readingOrder {index:0;}">
                <Coords points="945,272 1199,272 1247,291 1341,294 1341,194 1238,212 1199,197 1111,200 1075,221 1005,224 978,200 945,203"/>
                <Baseline points="961,259 986,259 1012,259 1038,261 1064,262 1090,262 1116,262 1142,262 1167,262 1193,262 1219,262 1245,262 1271,262 1297,260 1323,259 1349,259"/>
                <TextEquiv>
                    <Unicode>box 14/5</Unicode>
                </TextEquiv>
            </TextLine>
            <TextLine id="tr_2_tl_2" custom="readingOrder {index:1;}">
                <Coords points="1057,1253 1538,1256 1538,1169 1477,1184 1396,1166 1359,1187 1199,1169 1144,1193 1120,1172 1057,1169"/>
                <Baseline points="1074,1238 1100,1238 1126,1238 1152,1238 1178,1238 1204,1238 1230,1239 1256,1241 1282,1241 1308,1242 1334,1243 1360,1243 1386,1241 1412,1241 1438,1241 1464,1241 1490,1241 1516,1241 1543,1238"/>
                <TextEquiv>
                    <Unicode>Neues Wiener Journal</Unicode>
                </TextEquiv>
            </TextLine>
            <TextLine id="tr_2_tl_3" custom="readingOrder {index:2;}">
                <Coords points="1989,1265 2041,1269 2053,1256 2065,1269 2119,1269 2137,1253 2156,1269 2192,1253 2259,1272 2349,1262 2346,1196 2286,1190 2259,1202 2207,1181 2116,1187 2083,1169 2022,1199 1986,1187"/>
                <Baseline points="2005,1241 2030,1243 2055,1244 2080,1244 2105,1245 2131,1246 2156,1247 2181,1247 2206,1247 2231,1247 2257,1245 2282,1245 2307,1246 2332,1247 2358,1247"/>
                <TextEquiv>
                    <Unicode>4. Februar 1934</Unicode>
                </TextEquiv>
            </TextLine>
            <TextLine id="tr_2_tl_4" custom="readingOrder {index:3;}">
                <Coords points="2849,1275 2888,1265 2912,1278 2976,1281 3003,1262 3024,1281 3055,1272 3079,1281 3076,1196 3049,1202 3018,1181 2970,1193 2952,1181 2922,1199 2897,1193 2870,1211 2846,1205"/>
                <Baseline points="2862,1253 2890,1253 2918,1254 2946,1256 2974,1256 3002,1256 3030,1256 3058,1258 3086,1262"/>
                <TextEquiv>
                    <Unicode>Nr. 14441</Unicode>
                </TextEquiv>
            </TextLine>
            <TextLine id="tr_2_tl_5" custom="readingOrder {index:4;}">
                <Coords points="711,1311 3127,1350 3091,1269 2552,1244 2516,1275 711,1244"/>
                <Baseline points="728,1307 848,1312 968,1314 1088,1316 1209,1319 1329,1320 1449,1322 1570,1323 1690,1322 1810,1325 1931,1325 2051,1328 2171,1328 2291,1331 2412,1332 2532,1337 2652,1337 2773,1338 2893,1337 3013,1340 3134,1337"/>
                <TextEquiv>
                    <Unicode>eisernen Theaterwillen Besessenen bloß einen dreijährigen er auf die Bühne und donnert der sich verzweifelt Wehrenden</Unicode>
                </TextEquiv>
            </TextLine>
            <TextLine id="tr_2_tl_6" custom="readingOrder {index:5;}">
                <Coords points="711,1362 3133,1393 3130,1347 2922,1338 711,1311"/>
                <Baseline points="728,1355 848,1358 969,1361 1089,1364 1210,1366 1331,1367 1451,1367 1572,1370 1692,1370 1813,1373 1934,1375 2054,1376 2175,1376 2295,1372 2416,1380 2537,1382 2657,1384 2778,1384 2898,1384 3019,1384 3140,1387"/>
                <TextEquiv>
                    <Unicode>kontrakt gegeben. Das Klingelzeichen von oben ertönte und er zu: „Sie müssen!" — „Aber", schreit die und stößt Garderobiere</Unicode>
                </TextEquiv>
            </TextLine>
            <TextLine id="tr_2_tl_7" custom="readingOrder {index:6;}">
                <Coords points="718,1414 3127,1450 3127,1396 3003,1390 718,1365"/>
                <Baseline points="734,1402 854,1405 974,1408 1094,1411 1214,1411 1334,1414 1454,1417 1574,1417 1694,1417 1814,1417 1934,1419 2054,1420 2174,1423 2294,1426 2414,1429 2534,1429 2654,1432 2774,1429 2894,1432 3014,1435 3134,1435"/>
                <TextEquiv>
                    <Unicode>mußte für immer von der Bühne abgehen. Da war der Heim= und Friseur von sich, „ich bin doch die Mutter!" — „Die Mu...?</Unicode>
                </TextEquiv>
            </TextLine>
            <TextLine id="tr_2_tl_8" custom="readingOrder {index:7;}">
                <Coords points="718,1459 1904,1502 1901,1432 1853,1426 718,1417"/>
                <Baseline points="734,1450 792,1454 851,1454 910,1456 969,1456 1028,1456 1086,1459 1145,1459 1204,1459 1263,1461 1322,1462 1380,1464 1439,1462 1498,1462 1557,1465 1616,1465 1674,1465 1733,1466 1792,1468 1851,1468 1910,1465"/>
                <TextEquiv>
                    <Unicode>gegangene großmütiger gewesen, denn er hatte vielen seine</Unicode>
                </TextEquiv>
            </TextLine>
            <TextLine id="tr_2_tl_9" custom="readingOrder {index:8;}">
                <Coords points="1935,1474 3133,1499 3130,1450 3031,1438 1935,1429"/>
                <Baseline points="1952,1468 2011,1469 2070,1469 2129,1471 2189,1471 2248,1471 2307,1471 2366,1471 2426,1482 2485,1478 2544,1479 2603,1477 2663,1480 2722,1478 2781,1480 2840,1480 2900,1480 2959,1482 3018,1481 3077,1483 3137,1483"/>
                <TextEquiv>
                    <Unicode>Wo ist die Tochter?" — „Im Zirkus!" Zwölf Minuten später</Unicode>
                </TextEquiv>
            </TextLine>
            <TextLine id="tr_2_tl_10" custom="readingOrder {index:9;}">
                <Coords points="718,1538 781,1550 836,1508 926,1505 1623,1520 1623,1474 1553,1462 718,1456"/>
                <Baseline points="734,1495 778,1501 823,1498 867,1501 912,1504 957,1504 1001,1504 1046,1504 1090,1504 1135,1507 1180,1507 1224,1507 1269,1507 1313,1510 1358,1513 1403,1513 1447,1513 1492,1513 1536,1510 1581,1513 1626,1513"/>
                <TextEquiv>
                    <Unicode>Mitglieder einen längeren Vertrag zugestanden.</Unicode>
                </TextEquiv>
            </TextLine>
            <TextLine id="tr_2_tl_11" custom="readingOrder {index:10;}">
                <Coords points="1935,1541 2028,1553 2110,1520 2146,1538 2446,1529 2446,1490 2352,1468 2156,1490 2074,1474 2047,1496 2022,1471 1935,1474"/>
                <Baseline points="1952,1522 1977,1520 2002,1519 2027,1517 2052,1516 2077,1516 2102,1517 2127,1519 2152,1519 2177,1519 2202,1519 2227,1519 2252,1519 2277,1520 2302,1521 2327,1522 2352,1522 2377,1522 2402,1522 2427,1524 2453,1525"/>
                <TextEquiv>
                    <Unicode>stand sie auf den Brettern.</Unicode>
                </TextEquiv>
            </TextLine>
            <TextLine id="tr_2_tl_12" custom="readingOrder {index:11;}">
                <Coords points="811,1559 1913,1568 1913,1499 1865,1490 1807,1517 1704,1483 1562,1529 811,1511"/>
                <Baseline points="829,1549 883,1549 938,1549 992,1551 1047,1552 1102,1552 1156,1555 1211,1555 1266,1555 1320,1558 1375,1559 1430,1561 1484,1559 1539,1561 1594,1561 1648,1561 1703,1561 1758,1561 1812,1564 1867,1561 1922,1561"/>
                <TextEquiv>
                    <Unicode>Das Direktionszepter im Johann=Strauß=Theater über¬</Unicode>
                </TextEquiv>
            </TextLine>
            <TextLine id="tr_2_tl_13" custom="readingOrder {index:12;}">
                <Coords points="2047,1580 3133,1592 3130,1502 2044,1532"/>
                <Baseline points="2059,1564 2112,1567 2166,1567 2220,1567 2274,1569 2328,1570 2382,1570 2436,1570 2490,1572 2544,1573 2598,1573 2651,1574 2705,1576 2759,1576 2813,1576 2867,1576 2921,1576 2975,1576 3029,1576 3083,1579 3137,1579"/>
                <TextEquiv>
                    <Unicode>Hervorragende Fachleute sind sie gewesen, der Müller und</Unicode>
                </TextEquiv>
            </TextLine>
            <TextLine id="tr_2_tl_14" custom="readingOrder {index:13;}">
                <Coords points="708,1611 1901,1623 1901,1574 1816,1562 1269,1583 708,1541"/>
                <Baseline points="725,1590 784,1596 843,1596 902,1596 962,1597 1021,1599 1080,1602 1139,1602 1199,1602 1258,1602 1317,1605 1376,1605 1436,1608 1495,1608 1554,1608 1613,1608 1673,1609 1732,1611 1791,1609 1850,1608 1910,1611"/>
                <TextEquiv>
                    <Unicode>nahm sein Sohn Erich, der, mit den Kniffen und Pfiffen de¬</Unicode>
                </TextEquiv>
            </TextLine>
            <TextLine id="tr_2_tl_15" custom="readingOrder {index:14;}">
                <Coords points="1938,1623 3124,1641 3124,1589 1935,1568"/>
                <Baseline points="1955,1614 2013,1614 2072,1614 2131,1614 2190,1614 2249,1616 2307,1617 2366,1617 2425,1619 2484,1620 2543,1620 2601,1620 2660,1622 2719,1623 2778,1623 2837,1623 2895,1623 2954,1623 3013,1623 3072,1623 3131,1626"/>
                <TextEquiv>
                    <Unicode>sein Kind, und ihre Kunstmühle mahlte manch großen Erfolg.</Unicode>
                </TextEquiv>
            </TextLine>
            <TextLine id="tr_2_tl_16" custom="readingOrder {index:15;}">
                <Coords points="708,1644 3130,1683 3130,1641 3037,1629 708,1611"/>
                <Baseline points="725,1641 845,1644 966,1647 1086,1647 1207,1652 1328,1653 1448,1653 1569,1656 1689,1656 1810,1659 1931,1658 2051,1665 2172,1665 2292,1666 2413,1668 2534,1668 2654,1671 2775,1671 2895,1671 3016,1671 3137,1668"/>
                <TextEquiv>
                    <Unicode>väterlichen Berufs vertraut, schon als stellvertretender Direktor Da griff die grausame Hand des Theaterschicksals auch in dieses</Unicode>
                </TextEquiv>
            </TextLine>
            <TextLine id="tr_2_tl_17" custom="readingOrder {index:16;}">
                <Coords points="711,1708 1904,1717 1904,1668 1853,1662 711,1647"/>
                <Baseline points="728,1692 787,1692 846,1694 905,1695 965,1695 1024,1695 1083,1695 1142,1698 1202,1698 1261,1701 1320,1701 1379,1703 1439,1704 1498,1705 1557,1705 1616,1704 1676,1705 1735,1707 1794,1707 1853,1707 1913,1704"/>
                <TextEquiv>
                    <Unicode>stellvertreter seinem Vater bewies, daß er schon bei dessen Leb¬</Unicode>
                </TextEquiv>
            </TextLine>
            <TextLine id="tr_2_tl_18" custom="readingOrder {index:17;}">
                <Coords points="1932,1723 3130,1732 3127,1689 3018,1671 1929,1674"/>
                <Baseline points="1949,1707 2008,1712 2067,1712 2127,1710 2186,1714 2246,1716 2305,1713 2364,1716 2424,1716 2483,1716 2543,1717 2602,1717 2661,1719 2721,1719 2780,1719 2840,1719 2899,1719 2958,1719 3018,1722 3077,1721 3137,1722"/>
                <TextEquiv>
                    <Unicode>Rad und brachte es zum Stillstand. Mit einem Lächeln der</Unicode>
                </TextEquiv>
            </TextLine>
            <TextLine id="tr_2_tl_19" custom="readingOrder {index:18;}">
                <Coords points="711,1741 1293,1780 3130,1774 3130,1732 3028,1723 711,1704"/>
                <Baseline points="728,1740 848,1743 968,1743 1089,1746 1209,1748 1330,1750 1450,1752 1571,1752 1691,1755 1812,1755 1932,1758 2052,1761 2173,1761 2293,1763 2414,1765 2534,1767 2655,1767 2775,1767 2896,1767 3016,1767 3137,1770"/>
                <TextEquiv>
                    <Unicode>zeiten seine Spurnase geerbt hatte; denn er rettete damals im Entsagung, das nicht ohne Ironie, Sarkasmus und Ueberlegen¬</Unicode>
                </TextEquiv>
            </TextLine>
            <TextLine id="tr_2_tl_20" custom="readingOrder {index:19;}">
                <Coords points="714,1801 3133,1823 3133,1780 3018,1771 714,1741"/>
                <Baseline points="731,1787 851,1790 971,1793 1091,1793 1212,1795 1332,1790 1452,1799 1573,1799 1693,1801 1813,1802 1934,1805 2054,1808 2174,1811 2294,1810 2415,1813 2535,1811 2655,1814 2776,1814 2896,1814 3016,1814 3137,1811"/>
                <TextEquiv>
                    <Unicode>Carl-Theater eine Vorstellung — „Das süße Mädel" war an¬ heit war, legte der letzte seines Stammes die Krone als Bühnen¬</Unicode>
                </TextEquiv>
            </TextLine>
            <TextLine id="tr_2_tl_21" custom="readingOrder {index:20;}">
                <Coords points="711,1850 1904,1868 1904,1813 1841,1801 711,1789"/>
                <Baseline points="728,1841 787,1838 846,1838 905,1838 965,1841 1024,1843 1083,1844 1142,1841 1202,1843 1261,1844 1320,1843 1379,1843 1439,1847 1498,1847 1557,1849 1616,1850 1676,1850 1735,1850 1794,1850 1853,1853 1913,1853"/>
                <TextEquiv>
                    <Unicode>gesetzt und das Haus ausverkauf. —, die durch die plötzliche Absag</Unicode>
                </TextEquiv>
            </TextLine>
            <TextLine id="tr_2_tl_22" custom="readingOrder {index:21;}">
                <Coords points="1935,1871 3127,1877 3100,1823 1935,1813"/>
                <Baseline points="1952,1853 2014,1856 2076,1856 2138,1856 2200,1856 2262,1856 2324,1860 2386,1860 2448,1859 2510,1860 2572,1862 2634,1862 2696,1862 2758,1862 2820,1862 2882,1862 2944,1862 3006,1862 3068,1862 3131,1865"/>
                <TextEquiv>
                    <Unicode>herrscher nieder. Sein Humor behielt die Oberhand wie damals,</Unicode>
                </TextEquiv>
            </TextLine>
            <TextLine id="tr_2_tl_23" custom="readingOrder {index:22;}">
                <Coords points="721,1889 3130,1929 3130,1883 2979,1865 721,1850"/>
                <Baseline points="737,1886 857,1886 977,1889 1097,1892 1217,1892 1337,1892 1457,1895 1577,1897 1697,1898 1817,1898 1937,1901 2057,1903 2177,1904 2297,1907 2417,1907 2537,1908 2657,1907 2777,1909 2897,1910 3017,1910 3137,1913"/>
                <TextEquiv>
                    <Unicode>der Biedermann und Unauffindbarkeit ihrer Ramplacantin, der als er einem bekannten Miesmacher das erbetene freie Geleite</Unicode>
                </TextEquiv>
            </TextLine>
            <TextLine id="tr_2_tl_24" custom="readingOrder {index:23;}">
                <Coords points="727,1944 1904,1962 1904,1904 1841,1895 727,1892"/>
                <Baseline points="743,1931 801,1937 859,1939 918,1937 976,1938 1034,1940 1093,1940 1151,1940 1209,1941 1268,1943 1326,1943 1384,1943 1443,1943 1501,1946 1559,1945 1618,1945 1676,1946 1734,1946 1793,1948 1851,1946 1910,1946"/>
                <TextEquiv>
                    <Unicode>Zwerenz, unmöglich schien. Knapp vor Beginn noch kein Ersatz</Unicode>
                </TextEquiv>
            </TextLine>
            <TextLine id="tr_2_tl_25" custom="readingOrder {index:24;}">
                <Coords points="1932,1971 3133,1977 3133,1929 2994,1907 1932,1907"/>
                <Baseline points="1949,1949 2008,1950 2068,1950 2127,1952 2187,1952 2246,1954 2306,1955 2365,1955 2425,1957 2484,1955 2544,1956 2604,1958 2663,1958 2723,1958 2782,1958 2842,1961 2901,1960 2961,1960 3020,1964 3080,1961 3140,1961"/>
                <TextEquiv>
                    <Unicode>in sein Theater mit der Antwort verwehrte: „Wer schimpft, der</Unicode>
                </TextEquiv>
            </TextLine>
            <TextLine id="tr_2_tl_26" custom="readingOrder {index:25;}">
                <Coords points="730,1992 1910,2013 1910,1959 1792,1950 730,1944"/>
                <Baseline points="746,1981 804,1984 863,1984 921,1984 980,1987 1039,1987 1097,1990 1156,1987 1215,1990 1273,1992 1332,1993 1391,1991 1449,1993 1508,1993 1567,1993 1625,1993 1684,1993 1743,1994 1801,1998 1860,1996 1919,1999"/>
                <TextEquiv>
                    <Unicode>Siedepunkt der Verzweiflung! Da entsinnt sich Erich Müller, daß</Unicode>
                </TextEquiv>
            </TextLine>
            <TextLine id="tr_2_tl_27" custom="readingOrder {index:26;}">
                <Coords points="1983,2010 3130,2013 3088,1962 1983,1968"/>
                <Baseline points="1999,1993 2055,1999 2112,1999 2169,2001 2226,1999 2283,2002 2340,2002 2397,2002 2454,2002 2511,2002 2568,2004 2624,2005 2681,2005 2738,2005 2795,2005 2852,2005 2909,2005 2966,2007 3023,2008 3080,2008 3137,2008"/>
                <TextEquiv>
                    <Unicode>lauft!“ dem von ihm requirierten Tenor auf dessen Depesche:</Unicode>
                </TextEquiv>
            </TextLine>
            <TextLine id="tr_2_tl_28" custom="readingOrder {index:27;}">
                <Coords points="733,2041 1883,2062 1901,2013 730,1992"/>
                <Baseline points="749,2026 807,2032 865,2032 923,2035 981,2035 1039,2035 1097,2035 1155,2035 1213,2036 1271,2040 1329,2041 1387,2041 1445,2041 1503,2041 1561,2041 1619,2044 1677,2044 1735,2044 1793,2045 1851,2045 1910,2050"/>
                <TextEquiv>
                    <Unicode>ch unter den Bewerbern um Freibilletts ein Fräulein Kastner</Unicode>
                </TextEquiv>
            </TextLine>
            <TextLine id="tr_2_tl_29" custom="readingOrder {index:28;}">
                <Coords points="1929,2065 3100,2071 3100,2022 3037,2013 1929,2022"/>
                <Baseline points="1946,2053 2004,2047 2062,2047 2120,2047 2178,2050 2236,2050 2294,2050 2352,2047 2410,2050 2468,2050 2526,2050 2584,2053 2642,2053 2700,2053 2758,2053 2816,2053 2874,2053 2932,2056 2990,2055 3048,2053 3107,2056"/>
                <TextEquiv>
                    <Unicode>„Komme mit tausend Freuden und zweitausend Kronen Gage</Unicode>
                </TextEquiv>
            </TextLine>
            <TextLine id="tr_2_tl_30" custom="readingOrder {index:29;}">
                <Coords points="727,2092 1904,2104 1886,2053 727,2047"/>
                <Baseline points="743,2086 801,2080 859,2082 918,2083 976,2084 1034,2086 1093,2086 1151,2086 1209,2086 1268,2088 1326,2089 1384,2089 1443,2091 1501,2095 1559,2092 1618,2092 1676,2092 1734,2092 1793,2093 1851,2093 1910,2095"/>
                <TextEquiv>
                    <Unicode>„Soubrette am Stadttheater in Leipzig, wie es auf ihrer</Unicode>
                </TextEquiv>
            </TextLine>
            <TextLine id="tr_2_tl_31" custom="readingOrder {index:30;}">
                <Coords points="1929,2104 3124,2113 3124,2059 1929,2065"/>
                <Baseline points="1946,2095 2005,2095 2064,2095 2123,2098 2183,2098 2242,2098 2301,2098 2360,2098 2420,2098 2479,2101 2538,2101 2597,2101 2657,2101 2716,2102 2775,2104 2834,2101 2894,2104 2953,2104 3012,2102 3071,2101 3131,2101"/>
                <TextEquiv>
                    <Unicode>radiotelegraphisch antwortete: „Kommet mit zweitausen</Unicode>
                </TextEquiv>
            </TextLine>
            <TextLine id="tr_2_tl_32" custom="readingOrder {index:31;}">
                <Coords points="718,2131 1904,2150 1880,2098 718,2089"/>
                <Baseline points="734,2128 796,2130 858,2130 920,2131 982,2136 1044,2134 1106,2134 1168,2134 1230,2137 1292,2137 1354,2137 1416,2140 1478,2140 1540,2140 1602,2138 1664,2140 1726,2140 1788,2140 1850,2140 1913,2146"/>
                <TextEquiv>
                    <Unicode>Visitenkarte hieß, befunden hatte. Blitzschnell eilte er ins Vestibul</Unicode>
                </TextEquiv>
            </TextLine>
            <TextLine id="tr_2_tl_33" custom="readingOrder {index:32;}">
                <Coords points="1932,2150 3140,2162 3140,2119 2888,2098 2816,2128 1932,2098"/>
                <Baseline points="1949,2146 2008,2143 2068,2143 2128,2143 2187,2146 2247,2146 2307,2146 2366,2146 2426,2148 2486,2149 2546,2147 2605,2147 2665,2149 2725,2147 2784,2149 2844,2149 2904,2149 2963,2151 3023,2152 3083,2152 3143,2152"/>
                <TextEquiv>
                    <Unicode>Freuden und tausend Kronen Gage!“ und dem erzürnten</Unicode>
                </TextEquiv>
            </TextLine>
            <TextLine id="tr_2_tl_34" custom="readingOrder {index:33;}">
                <Coords points="708,2189 3127,2216 3127,2168 2937,2146 708,2146"/>
                <Baseline points="725,2178 845,2178 965,2178 1086,2181 1206,2181 1327,2184 1447,2184 1568,2186 1688,2187 1809,2187 1929,2192 2049,2191 2170,2193 2290,2195 2411,2196 2531,2196 2652,2196 2772,2197 2893,2196 3013,2199 3134,2199"/>
                <TextEquiv>
                    <Unicode>eruierte an der Kasse die behobenen Billetts, sandte den Sekretär Komiker, es war Oskar Sachs, dessen schriftliche Götz-Einladung</Unicode>
                </TextEquiv>
            </TextLine>
            <TextLine id="tr_2_tl_35" custom="readingOrder {index:34;}">
                <Coords points="705,2243 3140,2255 3140,2216 3076,2204 705,2183"/>
                <Baseline points="722,2226 843,2226 964,2227 1085,2229 1206,2231 1327,2232 1448,2232 1569,2235 1690,2235 1811,2238 1932,2238 2053,2239 2174,2241 2295,2241 2416,2244 2537,2245 2658,2247 2779,2247 2900,2247 3021,2250 3143,2247"/>
                <TextEquiv>
                    <Unicode>ins Parterre, Fräulein Kastner augenblicklich auf die Bühne zu mit dem Ausdruck der Freikartenstampiglie retournierte: „Die</Unicode>
                </TextEquiv>
            </TextLine>
            <TextLine id="tr_2_tl_36" custom="readingOrder {index:35;}">
                <Coords points="714,2289 3133,2319 3112,2255 714,2234"/>
                <Baseline points="731,2277 851,2277 971,2278 1091,2280 1212,2280 1332,2281 1452,2286 1573,2284 1693,2284 1813,2286 1934,2283 2054,2288 2174,2289 2294,2295 2415,2295 2535,2295 2655,2298 2776,2298 2896,2299 3016,2298 3137,2298"/>
                <TextEquiv>
                    <Unicode>schleppen, erteilt telephonische Befehle. Da stürmt atemlos der Direktion bedauert, Ihrem Ansuchen nicht Folge leisten zu</Unicode>
                </TextEquiv>
            </TextLine>
            <TextLine id="tr_2_tl_37" custom="readingOrder {index:36;}">
                <Coords points="718,2343 1014,2380 2098,2355 2098,2295 718,2289"/>
                <Baseline points="734,2325 802,2325 871,2328 939,2328 1008,2331 1077,2331 1145,2331 1214,2331 1283,2331 1351,2331 1420,2334 1489,2334 1557,2335 1626,2337 1695,2338 1763,2337 1832,2340 1901,2337 1969,2337 2038,2335 2107,2334"/>
                <TextEquiv>
                    <Unicode>Sekretär zurück: „Sie will nicht!" — „Was und schon flitzt können."</Unicode>
                </TextEquiv>
            </TextLine>
            <TextEquiv>
                <Unicode></Unicode>
            </TextEquiv>
        </TextRegion>
    </Page>
</PcGts>
