3392 4384
138 133 232 240 8.
834 135 1237 240 box 14/3
276 158 668 245 Freiwild
875 998 2926 1112 Unbeschnittene Theaterberichte des Dr. Hahn.
398 1077 1345 1191 (Carl-Theater.) „Freiwild." Sauspiel von Aaron
1378 1092 2391 1166 gesinnt sind, haben ihrem Ekel gegen Aaron's Stück
2434 1092 3294 1171 wirklich für jeden schwarzgelben Oesterreichere
319 1125 508 1212 Schnitzler.
1378 1153 2385 1209 kräftigen Ausdruck verliehen und sogar die Judenzeitungen,
2436 1161 3301 1207 Wo sind denn die berufenen Vertheidiger der Arm
401 1174 1329 1235 Die Ghetto=Welt, in der man so gerne höchst coura¬
1378 1197 2383 1245 die klügere Referenten als den Felix Salten und den Ehren¬
2434 1204 3299 1250 Herr Melingo und das „Armeeblatt" stecken
324 1225 1334 1281 girt Ohrfeigen, dann aber um keinen Preis Genugthuung
1380 1232 2388 1296 juden Chiavacci haben, lassen die krummen Judennasen
2436 1237 3283 1286 an den Hals im Judenthum drinnen und von
324 1271 1334 1319 geben möchte, hatte sich letzten Freitag wieder vollzählig
1380 1276 2281 1345 betrübt hängen ob der gräßlichen Blamage Aaron's.
2429 1281 3301 1324 rufenen autoritativen Factoren rührt sich auch
316 1306 1334 1352 im Circus Jauner versammelt, um sich an den Orfeigen,
2434 1322 3289 1370 um dem Herrn Ritter von Jauner energisch
1459 1304 2391 1396 Doch weniger von den Bekenntnissen und Anschauungen
316 1345 1334 1396 die der bedauernswerthe Officiers=Watschenmann Reusch
2439 1357 3304 1401 Hühneraugen zu treten. Ist es möglich, daß e
1378 1383 2378 1452 einer feigen Judenseele über das Duell, als vom „Frei¬
316 1383 1296 1441 auch diesmal über sich ergehen lassen mußte, zu ergötzen.
2444 1396 3304 1444 Residenz des allerhöchsten Kriegsherrn ein Theate
1385 1421 1816 1487 wild“ wollten wir reden.
395 1416 1332 1467 Alle geborenen Duell=Gegner der Leopoldstadt
2434 1434 3312 1477 wagen darf, allabendlich die Darsteller von Officie¬
324 1464 1324 1510 waren da, um Aaron's Theorie vom Heroismus der
2434 1475 3301 1521 abohrfeigen zu lassen und dadurch einen B
1462 1464 2391 1533 Wer ist das „Freiwild“ und wer die Jäger? Nach
321 1500 1329 1554 Satisfactions=Verweigerung auf das wüthendste zu be¬
2431 1521 3289 1566 verschulden, bei dem mehr als das Ringtheater.
1375 1508 2391 1584 der Meinung Aaron's sind Provinz=Schauspielerinnen das
319 1536 1324 1589 klatschen, und dieselben Juden, die sich über die Absprechung
2436 1536 3306 1625 das Ansehen und Prestige der Armee in F.
1378 1566 2388 1610 „Freiwild“ und Officiere die Jäger. Nach dem Talmud
324 1577 1322 1623 ihrer Satisfactionsfähigkeit durch die arische Studenten
2436 1584 2633 1648 aufgeht?
1378 1602 2388 1651 hingegen sind alle Nichtjuden das „Freiwild“ und
316 1615 1337 1661 schaft so bitter kränkten, katschten sich die schmutzigen Hände
1378 1640 2385 1691 alle Juden sollen die auserwählten Jäger sein und das
2513 1612 3319 1697 Man muß sich ja heutzutage
314 1661 1324 1704 wund, als Clown Klein, nachdem er den Clown Reusch
1378 1684 2388 1732 Stück Aaron's selbst ist der beste Beweis dafür, indem der
2431 1691 3309 1737 nahe schämen, Officier zu sein; u
319 1699 1327 1748 abgewaschent hatte, großartig erklärte, er habe ganz einfach
1375 1722 2385 1791 Lieutenant Kazinski durch alle Phasen der Verzweiflung
2434 1727 3312 1771 wohl dem Kaiser berichtet wird, we
314 1735 1327 1794 keine Lust, sich erschießen zu lassen und Reusch möge seine
1380 1760 2184 1824 gehetzt wird, bis er direct zum Mörder wird.
2434 1765 3324 1809 Schindluder die Indenliberalen
319 1773 1235 1834 Watsche nur ruhig behalten und nach Hause tragen.
2436 1806 3301 1868 ihr Spießgeselle Jauner mit
413 1804 1329 1862 „Freiwild sollte eigentlich „Bekenntnisse
1431 1806 2388 1862 Was aber speciell die Frauen und die Frauenehre be¬
2434 1839 2995 1911 Officieren treiben?
316 1850 1327 1898 einer feigen Judenseele" heißen, denn un¬
1380 1845 2385 1906 trifft, so ist noch niemals ein Officier in der Gerichtssaal¬
316 1893 1327 1942 verhüllter, dummer und brutaler sind niemals die Ge¬
1370 1903 2383 1947 rubrik der Tagesblätter vorgekommen, während es darin
2513 1896 3314 1952 Bei dieser Gelegenheit vermögen wir nicht ein
319 1936 1332 1975 sinnungen der Indenschaft ausgesprochen worden und zumal
1373 1942 2383 1993 alltäglich von geeilen Judenbuben wimmelt, die wegen Ehe¬
2434 1944 3319 1987 niscenz zu unterdrücken, die geeignet ist, ein Finger
314 1967 1334 2015 der charakteristische Zug mit dem proponirten Schein=Duell
1378 1977 2396 2023 bruch, Verführung, Nothzucht und anderen scheußlichen
2436 1982 3283 2033 bendes Streiflicht auf die Keckheit zu werfen,
316 2008 1334 2061 läßt ungemein tief in die Judenseele blicken. Durch und
1378 2018 2391 2069 Sittlichkeits Delicten verurtheilt werden, und was kleinere
2444 2023 3299 2077 Stücke continuirlich, ja principell zur Aufführung
316 2049 1327 2100 durch ehrlos sein und doch satisfactionsfähig sein wollen,
1378 2049 2391 2102 beleidigende Judenfrechheiten und Juden=Insulten gegen
2434 2064 3314 2110 gen. Als man in einer einzigen relativ harmlosen
316 2089 1337 2138 durch und durch feige sein sein und doch in Schein=Duellen
1375 2092 2391 2148 Frauen und Frauenehre anbelangt, da weiß der Wiener
2434 2110 3312 2153 auch nicht sehr taktvollen Coupletstrophe in eine
314 2130 1327 2174 eine Heldenrolle spielen wollen: das ist das hölzerne
1378 2138 2388 2179 ein Lied davon zu singen. Die Zeiten sind ja längst vorüber,
2434 2140 3314 2186 eines durch und durch schwarzgelben Autors eine ve
314 2166 1327 2214 Eisen, das die Juden mit dem ganzen Aufwand ihrer
1380 2176 2388 2220 wo der Officier der „verfluchte Kerl war. Heute spielt den
2436 2184 3314 2227 Kritik der Armee erblicken zu sollen glaubte, wur
314 2204 1324 2250 talmudistischen Juden Casuistik so gerne darstellen möchten
1383 2217 2388 2255 „verfluchten Kerl ausschließlich der Judenjüngel und der
2431 2220 3312 2266 betreffenden Theater — es war dies das Theater
393 2248 1327 2296 Bei diesem unmöglichen Beginnen blamiren sich die
1380 2250 2385 2299 läufigste Judenbub betrachtet in Wirklichkeit jedes arisch¬
2436 2255 3317 2301 Wien — sofort von Seite des Obersthof
316 2271 1324 2332 Inden natürlich bis auf die Knochen. Selbst die schlitz¬
1380 2288 2385 2339 Weib als sein „Freiwild". Das ist die thatsächliche
2439 2294 3317 2345 Amtes das Hoflogen=Abonnement gekünd¬
309 2319 1327 2375 äugigen, dunkellockigen Schönen Israels sahen bei der Erst¬
1380 2329 2194 2380 nüchterne Prosa zur Schnitzler'schen Phantasie.
2436 2334 3314 2378 erst nach Jahren gelang es der Direction, das Wiede¬
314 2365 1327 2408 aufführung ihre klatschenden Gatten und Brüder ziemlich
1467 2350 2388 2413 Und nun noch ein Wort. Uns geht ja die Geschichte
2434 2378 3314 2424 nement der Hofloge auf dem Petitionswege durch
316 2403 1324 2452 htlich und die Officiere auf der Bühne und im Par¬
1378 2385 2385 2449 nicht viel an, wir sind ja kein Militär=Fachblatt, sondern
2444 2411 3314 2482 Es war dies eine empfindliche pecuniäre, aber noche
309 2429 1334 2493 uel ziemlich freundlich an; Blätter, die als ausgesprochene
1378 2447 2388 2495 ein antisemitisches Volksblatt, aber was seit letzterer Zeit
2439 2452 2908 2516 lichere moralische Remedur.
327 2480 1337 2531 Studentenorgane dem Officier nicht sonderlich freundlich
1375 2487 2388 2531 mit der Armee im Carl-Theater getrieben wird, ist schon
929 2559 2413 2648 „Wien hat nicht nur Häuser, sondern auch
2452 2498 2906 2656 Weingärten,
1043 2630 2819 2715 sagte Dr. Lueger in Abwesenheit des Ackerbauministers auf dem Weinbauern-Tag.
