3484 4256
865 177 1264 279 box 14/4
172 182 695 279 8. Freiwild
2681 1200 3317 1266 Dem Deutschen Theater wurde
1420 1214 2566 1280 Wiener und des Deutschen Theaters. Jenes bevorzugt die
222 1179 1384 1299 Goethe eine Klarstellung der unbestimmten und räth¬
2592 1252 3277 1314 dieser Anschauung mit der Zeit
1425 1252 2556 1328 Persönlichkeit, dieses strebt nach einem tieferen Totaleindruck.
241 1280 1384 1363 selhaften Wendungen der Dichtung zu erbitten. „Seid ihr
2592 1297 3256 1361 Schiller, Goethe „abgelegte Ideale
1425 1311 2561 1368 Ein solches, mit zähem Eifer festgehaltenes Ziel fördert
224 1325 1382 1408 dumme Jungen!" meinte der Dichter auf die schlichten
2592 1351 3305 1403 vollständig der romanischen Literatur
1425 1358 2561 1429 freilich die Darstellung des Fesselnden und Blendenden viel
234 1380 1384 1477 Fragen seines Bewunderers. Nicht in seiner verletzenden
2592 1389 3322 1460 auch kein Regisseur im Sinne Laube
1422 1410 2556 1472 weniger als die des Ueberzeugenden und Wahren. Schröder,
241 1429 1387 1514 Form, aber dem Geiste nach paßt dies olympische Urtheil
1422 1443 3319 1517 der Reformator der deutschen Schauspielkunst, meinte: „Eine und absolut, liebevoll und streng sei¬
229 1474 1389 1547 auf die Deutungssucht aller Commentatoren. Auch
2592 1491 3317 1540 wies und für die lebendige Reproduc¬
1425 1505 2559 1566 gute Aufführung muß jeder Rolle geben, was ihr gehört,
229 1533 1392 1602 auf die Ibsen's. Wo der Eine das Scherzspiel wittert,
2601 1536 3274 1595 Werkes vorbereitete. Brahm genügt
1422 1543 2561 1614 nicht mehr und nicht weniger, dadurch werde jede, was
229 1576 1399 1675 weidet sich der Andere an tragischen Schrecken. „Hedda
2601 1585 3315 1640 dramaturgischen Textredacteurs der
1422 1602 2563 1658 keine neben ihr sein kann." In einem ähnlichen Geiste
236 1625 1394 1694 Gabler," erklärt ein Pariser Aesthetiker, „ist die gnaden¬
2592 1630 3303 1701 derselben zeigt auch deren Einrichtung
1425 1644 2561 1703 kräftigt sich die Einheitlichkeit des Deutschen Theaters.
2599 1680 3300 1739 Von der gewaltthätigen Zweitheilung
234 1668 1389 1748 lose Verspottung der Freiheit, welche Nora predigt," ein
1427 1684 2563 1751 Natürlich hat diese Richtung keinen Raum für die Launen
2601 1729 3319 1793 Scene abgesehen, zeigten alle dramaturg
241 1718 1392 1795 deutscher Schatzgräber in der Dialektik Ibsen's findet, das
1427 1734 2563 1800 des Virtuosen, der auf Kosten seiner Umgebung und des Stückes
2596 1772 3322 1831 Berliner Directors eine nachdrückliche För¬
234 1777 1392 1845 Unterleibsleid der affectirten Provinz=Amazone sei nur
1427 1781 2554 1843 in den Vordergrund tritt, natürlich duldet sie keine ans ruchs
2599 1819 3322 1871 des Dichters. Allerdings, die eigentlich
234 1812 1389 1897 der natürliche Schmerz der Heldin einer Tragödie des
1422 1831 2566 1892 volle Rollenbegehrlichkeit des Schauspielers. In den Be¬
2599 1866 3322 1921 das Werk der Darsteller selbst. In
246 1866 1392 1947 guten Geschmacks. Und vor all diesen fabelhaften Er¬
1434 1876 2568 1944 setzungen der Berliner gibt es keine großen und kleinen,
2599 1918 3329 1987 künstlerischer Individualitäten wirkt de
241 1907 1389 1989 klärungen und Deutungen beugen die Berliner Schau
1436 1923 2568 1987 keine untergeordneten und undankbaren Aufgaben, ihr künst¬
2599 1956 3300 2032 die Phantasie, die Reflexion kräftiger
250 1956 1396 2044 spieler ehrfurchtsvoll das Haupt. Ja, sie fügen noch aus
1432 1973 2563 2070 lerisches System fordert die gleiche Hingebung Aller an eine
2601 2013 3324 2067 gebung. Die Berliner Schauspieler sind
243 2018 1396 2088 Eigenem erklärende Accente hinzu, wenn ihrem künstleri¬
1432 2025 1862 2105 gemeinsame Auffassur¬
2603 2060 3312 2112 darsteller. An ihrer Spitze Herr
253 2058 1387 2133 schen Gefühl der Ausdruck des Meisters nicht ganz zuläng
1536 2046 2566 2138 Zu seinem Vortheile besitzt das Deutsche Theater die
2611 2103 3263 2169 frappanten Masken, seiner Kunst,
243 2107 1396 2183 lich erscheint. Sehr begreiflich, wenn diese die Unmittelbar
1441 2114 2573 2183 freieste Entwicklungsfähigkeit. Es braucht keine Vor- und
2603 2155 3256 2216 achtungen in richtigem Verhältniß
1436 2155 2568 2228 Rücksicht für eine höhere Aufsichtsbehörde, es kennt den
248 2155 1401 2237 keit jedes Eindruckes aufhebt. In Dingen der Kunst wirkt
2611 2195 3322 2256 verwerthen; Abend für Abend ließ er
1434 2209 2370 2270 mächtigen Einfluß einzelner Schauspieler nicht
253 2204 1399 2277 vielfach, wie in denen der Religion, nur der Zauber, den
2603 2244 3300 2306 ihn bisher vergeblich für die Wiener
1441 2223 2570 2325 Talent und zur dieses entscheidet. Die deutschen Gäste
246 2251 1399 2325 wir selbst in sie gelegt; im entscheidenden Kampfe der Bühne
2603 2289 3272 2358 Schauspieler ähnlicher Art und
1434 2306 2568 2367 verschmähten das literarische Geschäftsstück wie die
246 2301 1401 2372 und des Lebens aber gibt doch nur die wirklich vorhandene
2603 2339 3336 2414 beiden so verwandlungsfähigen Herr¬
1448 2341 2568 2419 frivole Bühnen-Industrie, die mit ihren lockeren Mitteln
248 2348 1399 2436 Kraft den Ausschlag. Die Figuren Ibsen's handeln zumeist
2603 2388 3324 2450 Sauer; ein Antoine deutschen Sty
1441 2393 2575 2466 schließlich übersättigt. Auch in Berlin gruppiren sich nach
258 2400 1401 2474 unter dem Drucke einer Wahnvorstellung, eines geistigen
2606 2443 3319 2497 und kräftiger in seinen Mitteln als
1446 2440 2568 2518 Pariser Muster alle ins Unbestimmte strebenden Begabungen
253 2455 1406 2533 Zwanges, irgend eines Ties; je häufiger wir jetzt diesen
2603 2483 3333 2556 Reicher, der sich, wiewol als Aposte
1441 2497 2568 2556 um vage Parteinamen und vertheilen an Stümper und
255 2509 1403 2575 complicirten Wesen auf der Bühne begegneten, desto
2613 2535 3284 2592 mann's weniger glaubhaft und
1441 2544 2570 2608 Bummler vom Geiste literarische Ehren und Würden. Diesen
258 2547 1406 2620 schwieriger schien uns die Aufgabe der Schauspieler, weil
2613 2589 3324 2639 treffsicherer Genremaler der Bühne er
1446 2589 2568 2660 Halbtalenten gewährt das Deutsche Theater keinen Einlaß
253 2592 1401 2674 die gesunde Menschenkenntniß des Dichters so selten die
2611 2625 3336 2686 haber dieses Ensembles zeigen den sta
1441 2637 2573 2693 nur wenn man die besten Namen nennt, bezeichnet man
255 2646 1075 2726 Charakteristik gesunder Menschen versucht.
2611 2672 3322 2729 dualisiren. Herr Rittner, der in
1443 2679 2575 2750 die Stützen seines Repertoires. Und doch wird sein Genre
347 2681 1410 2769 Die Duse erzählt, wie übel ihr zuweilen in Italien
2613 2722 3277 2788 seine schmetternde Stimme, seine
1441 2736 2570 2797 ein immer begrenzteres. Lange vor der Gründung des
258 2740 1408 2811 die Vorliebe für Ibsen bekam und wie heftig inmitten ihrer
2611 2766 3331 2830 manierirte Geberde seiner leichtgeballte
1446 2774 2568 2847 Deutschen Theaters entwickelte Laube in Wien die Prin¬
258 2790 1408 2873 Darstellung die kritischen Stimmungen der Hörer los¬
2603 2816 3293 2878 eines zornigen Tenors hervorruft,
1446 2823 2573 2882 cipien einer nur auf sich selbst gestellten, nur durch die
265 2840 1410 2918 brachen. In Oesterreich, zu dem Ibsen eine bemerkenswerthe
2611 2866 3329 2939 Sprache in den Dialekt fällt und seine
1446 2868 2577 2939 eigenen Hilfsmittel geförderten Bühne. Sein Programm
267 2894 1413 2972 persönliche Beziehung hat — seine ersten druckfähigen Verse
2611 2911 3317 2970 Accente annehmen darf; Herr Kays
1446 2925 2568 2981 klang damals halb wie das Glaubensbekenntniß eines fang
267 2934 1406 3017 galten der Wiener Reaction und der Verherrlichung der
2611 2953 3331 3022 zeugender Schauspieler, wächst in hum
1446 2970 2577 3033 tischen Puritaners, halb wie der Revanchegedanke einer von
267 2986 1420 3057 Achtundvierziger ungarischen Erhebung — hat der nordische
2613 3005 3326 3062 die interessanteste schauspielerische In¬
1448 3017 2580 3083 heimtückischen Intriganten aus dem Sattel gehobenen
265 3029 1410 3100 Dichter seine ständige Stätte im Leben der Bühne.
2615 3050 3322 3111 Frauen des Deutschen Theaters, Else
1446 3067 2580 3128 Kampfesnatur. Laube war der Meinung, daß das Talent
265 3078 1420 3152 Frühere Aufführungen seiner Werke interessirten durch
2613 3095 3333 3166 der Thräne und dem Lächeln der Soul
1453 3107 2573 3170 des Schauspielers zu seiner Reife der Anlehnung an die
269 3133 1410 3199 einzelne Hauptdarsteller, diesmal trat in der Gestaltung
2611 3149 3331 3206 decidirten Darstellungstalentes der un
1446 3168 2580 3241 Classiker bedürfe, daß es den verschiedensten Kunstrichtungen
265 3170 1415 3237 der Berliner das Gesammtbild charakteristisch hervor:
2592 3185 2960 3291 Raahe gewonnen.
307 3222 1855 3338 dieser Gegensatz bezeichnet die Verschiedenheit des gerecht werden müsse.
