3392 4224
855 140 1270 241 box 14/3
168 136 705 251 8. Freiwild
2495 513 2998 604 30. November 1897.
1570 551 1787 625 Seite 3.
283 548 855 632 Beil. z. Boh. Nr. 331.
2139 646 3057 708 vor. Herr von Wymetal und Herr Löwe fanden
1190 642 2115 719 Prüfung ist noch nicht überstanden. In zwölfter
248 656 1169 729 zudringlichen Anträgen, die er umso schneidiger vor¬
2143 691 3057 754 die bezeichneten Grundtöne für die Lebejünglinge aus
1190 701 2111 764 Stunde erscheint Dr. Wellner, um dem Freund eine
244 715 1166 771 bringt, je mehr er durch ihre Sprödigkeit gereizt wird.
2136 733 3057 799 verschiedenen Sphären, wenn auch beide die Farbe um
1190 750 2111 803 letzte Warnung zu geben, ihn zur Flucht anzuspornen,
244 764 1166 820 Paul Rönning hat Sympathie für das arme Mädchen,
2143 789 3068 845 eine leichte Nuance zu stark auftrugen. Herr Schmidt
1201 796 2115 866 damit er der Wuth Karinskis, der zum Aeußersten
244 813 1166 879 das er von Haus aus kennt, und pflegt unbefangenen
2143 834 3064 893 gab dem Wellner ein ruhiges männliches Wesen, Herr
244 845 2111 914 freundlichen Verkehr mit ihr. Möglich, daß sich in entschlossen sei, entgehe. Diese Warnung erzielt das
1197 879 3057 953 Gegentheil der beabsichtigten Wirkung. Rönning will Reucker hob als Rohnstedt mit schauspielerischer In¬
244 907 1173 956 Beiden eine tiefere Neigung regt; aber ihre Beziehung
2146 928 3068 984 telligenz den Sinn der klugen Worte heraus; für den
1197 939 2118 998 der drohenden Gewalt nicht weichen und beschließt, zu
244 956 1169 1009 hat das Licht der Welt nicht zu scheuen, und die junge
2146 970 3057 1030 Ausdruck der starken inneren Bewegung langt freilich
1197 988 2118 1040 bleiben. Das ist sicherlich eine Inconsequenz des
251 1005 1176 1061 Schauspielerin hat genug schlichten Stolz, um sich die
2146 1019 3061 1085 sein Temperament nicht aus. Die Chargen der Ko¬
1201 1033 2115 1099 Helden, der sich nun doch einem Wüthenden preisgibt,
244 1044 1169 1099 pecuniare Hilfe, die ihr der Freund in der reinsten
2143 1068 3068 1127 mödiantenwelt waren mit Humor erfaßt, namentlich
1208 1078 2115 1145 um den Stolz und den Muth des Mannes zu er¬
248 1096 1173 1148 Absicht anbietet, zu verbitten. Dennoch gilt das „Ver¬
2150 1117 3061 1173 die Herren Zeisler und Thaller, und die Damen
1204 1124 2115 1183 weisen. Aber die Inconsequenz des Helden ist keine
251 1145 1166 1201 hältniß für ein ausgemachtes, und Oberlieutenan
2143 1162 3064 1222 Moller und Bardi vermittelten treffend die satiri¬
1204 1173 2115 1232 des Autors. Darin liegt ja eben die tragische Wendung
251 1190 1173 1246 Karinski, der es nicht fassen kann, daß eine Dame des
2146 1204 3064 1281 schen Züge. Das Stück wird ein dauernder Gewinn
1204 1222 2111 1277 der Fabel, daß der Unbefangenste schließlich in die Be¬
248 1235 1180 1298 Sommertheaters ihn brüskirt, sieht in Rönning seinen
2146 1263 2583 1340 unseres Spielplanes sein.
1204 1267 2115 1326 fangenheit hineingebetzt wird, einen Bruch des Ein¬
244 1284 1173 1340 glücklicheren Rivalen. Karinski ist nicht der Mann,
2900 1270 3036 1361 A. A.
1204 1316 2115 1372 beitsbewußtseins erleidet und daran zu Grunde geht
251 1330 1166 1386 diese Niederlage zu ertragen, und rühmt sich im Kaffee
2230 1326 3064 1406 * Deutsches Landestheater. (Aida.
1211 1361 2118 1420 Die Sache entwickelt sich nun, wie sie muß. Nach
258 1379 1180 1434 hause, daß er es durchsetzen werde, Frl. Riedel zur
2150 1393 3064 1455 Große Oper von Verdi.) Hans Huckebein, mit dem
1204 1406 2115 1469 einem kurzen Zwischenspiel, das uns darüber aufklärt
251 1427 1180 1490 Theilnahme an einem von den Officieren veranstalteten
2146 1441 3071 1501 Beinamen der Unglücksrabe, welcher für die Auffüh¬
251 1455 2118 1532 Souper nach dem Theater zu bewegen. Er sendet wie die Lebemänner= und Komödiantenkreise die ganze
2143 1497 3075 1550 rung seines Schwankes einen größeren Zuschauerraum
1204 1508 2118 1560 Affaire in ihre Denk- und Anschauungsweise übersetzen
248 1515 1180 1574 eine höfliche schriftliche Einladung durch den Piccolo
2150 1539 3071 1595 benöthigt, war für die Besucher der „volksthümlichen
1208 1553 2122 1612 gerathen die beiden Gegner aneinander, Karinski for¬
251 1567 1180 1630 des Kaffeehauses und erhält — keine Antwort. Nun
2153 1591 3071 1651 Vorstellungen zu ermäßigten Preisen" bereits zum
1208 1598 2122 1665 dert noch einmal Genugthuung, Rönning verweigert sie
248 1609 1173 1679 wettet er, aufs höchste gereizt, um zwanzig Flaschen
2150 1637 3064 1693 zweitenmal ein Glücksrabe, da er denselben wieder der
1204 1644 2125 1710 und der Officier stürzt auf den Gegner und schießt ihn
255 1661 1180 1721 Champagner, daß er sein Ziel erreichen werde, wenn
2153 1682 3064 1742 höchst seltenen Genuß einer Oper verschaffte. Während
1215 1696 2122 1759 nieder, ehe dieser zur Wehr greifen kann. Karinski
255 1707 1180 1773 er sich persönlich zu der spröden Dame bemühe. Er
2160 1728 3064 1790 sich die sämmtliche Räume des Hauses füllende Zu¬
1211 1735 2122 1818 wird den Mord, den er begangen, durch Selbstmord
255 1752 1183 1818 macht sich auch sofort auf den Weg, kehrt aber nach
2160 1769 3064 1839 hörerschaft am vorigen Sonntage an der heiteren Ope¬
1208 1787 2125 1843 büßen, und das Mädchen, um dessen willen Rönning
255 1804 1176 1860 einer Weile verstört zurück; denn er fand eine ver¬
265 1822 3064 1909 schlossene Thüre, und seine laute Anmeldung wie sein gestorben, deutet durch ein einziges Wort an, daß sie „Car und Zimmermann" ergötzte, fesselte dieselbe vor¬
2157 1867 3078 1933 gestern Verdi's Meisterwerk durch den Adel des Stils,
1211 1885 1961 1947 den Halt für das ganze Leben verloren hat.
255 1892 1187 1954 Pochen war vergeblich. Die Kameraden, die mit ihm
2160 1920 3068 1975 die dramatische Wahrheit und die durch das Sujet
1284 1916 2132 1986 Es gibt immer Beurtheiler, welche in solchen dra¬
255 1940 1183 2014 gewettet haben, suchen die Sache scherzhaft abzuthun;
2157 1968 3078 2028 bedingte Localfarbe der Musik und nicht minder durch
1211 1965 2132 2035 matischen Fällen gegen den Autor den Vorwurf
255 1993 1183 2056 aber der aufgeregte Karinski, der ein Opfer sucht
2164 2014 3068 2073 die künstlerische Leistung des Fräuleins Helene de
255 2028 2139 2097 heftet seine Blicke auf den Nachbartisch, an dem Paul erheben, daß das Problem nicht gelöst sei. Aber der
2153 2059 3075 2136 Tériane, welche in der Titelrolle ihr für drei
255 2059 2125 2150 Rönning sitzt, und provocirt den jungen Mann, in Dramatiker hat gar nicht die Aufgabe, die allgemeiner
2160 2104 3075 2174 Abende bestimmtes Gastspiel beendete. Ihrer Aida
1218 2118 2129 2178 Probleme der Gesellschaft zu lösen, wie es etwa der
255 2143 1183 2192 dessen Mienen er ein befriedigendes Lächeln wahrge¬
2153 2146 3075 2223 muß gegenüber der Durchführung der Partien der
1211 2167 2125 2244 theoretische Reformer oder der lehrhafte Verfasser vor
255 2174 1187 2248 nommen haben will. Rönning antwortet kühl und
2160 2195 3075 2265 Carmen und Santuzza der Preis zuerkannt werden,
1218 2209 2129 2268 Staatsromanen versucht. Dem Dichter handelt es sich
265 2237 1190 2289 correct, aber Karinski erhitzt sich immer mehr, und be¬
2160 2244 3071 2310 da ihr von dramatischem Feuer erfüllter Gesangsvor¬
1215 2258 2129 2317 darum, des Problem darzustellen, die Widersprüche in den
262 2272 1187 2345 zeichnet das Mädchen, das seine Gesellschaft verschmähte,
2164 2300 3078 2356 trag und ihre temperamentvolle Darstellung auf einer
1215 2303 2125 2366 Anschauungen der Gesellschaft und in den Gefühlen der In¬
262 2321 1187 2380 mit einem häßlichen Namen. Da fährt Rönning end¬
2167 2342 3078 2408 hohen Stufe standen und sie die herrliche und schwie¬
1211 2356 2132 2412 dividuen anschaulich zu machen und durch deren tragische
265 2366 1187 2440 lich auf und versetzt dem herausfordernden Beleidiger
2164 2394 3085 2460 rige Partie in jeder Hinsicht beherrschte und durch
1225 2401 2132 2464 Folgen auf das Gefühl der Zuschauer einzuwirken. Der
265 2419 1187 2488 einen Backenstreich. Der wüthende Karinski, der ver¬
1215 2440 3078 2509 individuelle Conflict wird zu Ende geführt, der dar¬ eine Kette fesselnder Einzelnheiten einen nicht gewöhn¬
262 2464 1187 2530 geblich nach der Waffe an seiner Seite sucht, wird von
2160 2492 3082 2548 lichen Eindruck zu üben im Stande war, welcher in
1222 2495 2132 2555 über schwebende allgemeine tritt geklärt zutage und
265 2513 1187 2576 seinen Kameraden fortgeschleppt, und die Freund¬
2160 2537 3082 2614 den Scenen des dritten Aufzuges in der Arie
1215 2537 2139 2611 wirkt auffordernd in den Gemüthern nach. Solch ein
269 2558 1190 2621 Pauls stellen sich zur Verfügung, um mit ihm den
2167 2576 3078 2649 „ patria mia, non ti vedro mai pia“ und in der
1215 2583 2136 2656 Stück verdichtetes, aus der Verworrenheit herausge¬
265 2600 1180 2663 Ehrenhandel zum Austrag zu bringen. Um den Ver
2167 2624 3082 2691 Steigerung des leidenschaftlichen Vortrags in den
265 2638 2132 2712 lauf dieses Ehrenhandels dreht sich der zweite Act. hobenes Leben kann nichtsdestoweniger erfahrungs¬
2167 2687 3078 2740 unmittelbar folgenden zwei Duos mit Amonaro und
1215 2684 2139 2750 gemäß zu großen Umgestaltungen in der Gesellschaft
272 2701 1187 2764 Schon früh am Morgen sind die Secundanten Ka¬
2167 2726 3078 2789 Rhadames den Höhenpunkt erreichte. In ihrem durch¬
1215 2743 2132 2799 den Anstoß geben; aber das geschieht nicht durch Lehr¬
265 2750 1190 2820 rinskis bei Rönning erschienen — und haben den un¬
2160 2775 3082 2834 dachten Spiele war die Auffassung des Charakters der
1215 2789 2139 2858 und Vorschlag, die auf ein ganz anderes Gebiet the¬
269 2799 1190 2855 erwarteten Bescheid erhalten, daß Rönning nicht daran
2164 2820 3085 2890 gefangenen, in Leidenschaft für den feindlichen Feldherrn
1222 2820 2136 2886 oretischer Arbeit gehören, sondern durch die Macht des
272 2837 1194 2904 denke, sich zu schlagen. Nun kommen die Freunde des
2160 2865 3082 2921 entbrannten ethiopischen Königstochter mit dem düsteren
1222 2872 2136 2935 Lebendigen, das in seinen treibenden Elementen darge¬
269 2893 1194 2956 Letzteren, um mit Staunen ein Gleiches zu vernehmen.
2174 2914 3078 2977 Fortgang der Handlung vollkommen im Einklang,
1222 2921 2139 2984 stellt, in seinen ursachlichen Zusammenhängen erfaßt,
272 2939 1183 2998 Der schwachköpfige Poldi will anfänglich das Unge
2171 2970 3085 3026 Nach dem dritten Aufzuge wurden Fräulein Teriane
1218 2966 2139 3029 auf das Leben bedeutsam zurückwirkt. Nach dieser
272 2980 1197 3047 heuere nicht glauben und setzt die Miene des verletzten
2171 3005 3078 3071 ein Kranz und ein Strauß überreicht. In der Roll¬
272 3012 2139 3096 Ehrenmannes auf, da er daran zu glauben gezwungen Seite hin hat Schnitzer seine dichterische Aufgabe ge¬
2174 3050 3082 3113 der egyptischen Königstochter Amneris eröffnete Fräul.
1225 3064 2146 3124 löst; er färbt nicht tendenziös — es war schon die
269 3082 1194 3144 wird; aber auch der hochintelligente Dr. Wellner kann
2167 3103 3082 3165 Louise Köhler vom Stadttheater in Straßburg ein
1222 3103 2132 3179 Rede davon, daß die Vertreter verschiedener Anschau
265 3131 1190 3190 das Staunen und die Mißbilligung nicht zurückhalten
2174 3148 3085 3214 kurzes auf ein Engagement abzielendes Gastspi. Die
1222 3155 2146 3221 ungen Wiederhall im Hause fanden — aber er gibt
265 3172 1197 3239 er versteht zwar den Freund, der sich gegen den Wi¬
2171 3193 3092 3260 Sängerin, eine Wienerin, welche als Elevin an der
1225 3200 2146 3267 den Menschen und Conflicten soviel echte Lebensfarbe
265 3214 1204 3274 dersinn des Duells sträubt und der sein neu gewor¬
2171 3239 3085 3316 Wiener Hofoper ihre theatralische Laufbahn begann
1232 3253 2139 3316 daß sie überzeugend wirken und daß die Tragik des
269 3270 1197 3336 neues Leben nicht aufs Spiel setzen will, weil ein
2174 3284 3089 3361 und hierauf in Olmütz engagirt war, besitzt ein dunkles
1232 3302 2143 3364 „Freiwilds" jedem Fühlenden ans Herz greifen muß.
272 3312 1197 3385 gezüchtigter Excedent ihm an den Leib rücken möchte,
2178 3336 3089 3406 ausgiebiges Organ, welches, wenigstens diesmal, in
1228 3343 2143 3403 Vielleicht hat seine Kunst der Detailmalerei ihn in
269 3364 1194 3431 aber er ist mit seinem Gefühle auf Seiten der Gesell¬
2178 3385 3089 3445 allzu gleichmäßiger Betonung zu Gehör kam und auch
1228 3389 2139 3455 in diesem Stück vin und wieder verleitet, zu weit in
283 3406 1201 3480 schaft, die ihre Anschauungen unerbittlich vertritt, und
2171 3434 3082 3493 bezüglich der Abstufungen in der Klangfarbe und eine
1232 3438 2146 3511 Einzelne zu gehen und das pikante Genrebild zu breit
276 3459 1197 3518 er warnt den jüngeren Genossen, sich in dem Kreise
2171 3476 3085 3539 lebhafteren Vortrags zu wünschen übrig ließ. Da auch
1232 3490 2136 3549 auszuspinnen. Die Mischung von Satire und echte
276 3504 1201 3560 in dem er bisher gelebt, rechtlos zu machen. Rönning
2171 3525 3092 3595 die Darstellung gemessen und zu rückhaltend war,
1235 3532 2111 3605 Poesie ist in „Liebelei glücklicher als in „Freiwild“
276 3553 1201 3619 bleibt bei seinem Sinn und findet einen Halt in dem
2174 3570 3082 3640 blieb der Gesammterfolg der Leistung nur auf mit
1228 3574 2150 3644 aber der Dichter spricht auch hier das entscheidende
283 3598 1204 3658 Mädchen, für das er eingetreten. Sie eilt zu ihm, be¬
2178 3626 3089 3685 lerer Höhe, und es dürfte die Sängerin vielleicht erst
1232 3626 2139 3703 und das letzte Wort, und zumal der zweite Act be
286 3647 1201 3706 schwört ihn, sich um ihretwillen nicht einer Lebensge¬
2181 3664 3096 3731 bei einem zweiten Auftreten einen sympathischeren Ein¬
1235 3678 2150 3741 zeugt den Dramatiker, der die Fäden straff zusammen¬
286 3696 1201 3755 fahr auszusetzen, die beiderseitige Erregung drängt ver¬
2181 3717 3099 3776 druck hinterlassen. Neu besetzt war die Rolle des
1235 3727 2139 3790 faßt und zugleich den Schwerpunct der Vorgänge in
279 3745 1201 3808 borgene Gefühle aus Licht, Rönning begehrt die
2185 3766 3096 3829 Feldherrn Rhadames mit Hr. Elsner, welcher wie
1225 3783 1801 3839 das Innere der Menschen verlegt
279 3787 1201 3849 Schauspielerin zur Frau, und das Gespräch endet mi
1298 3783 3089 3891 Die Aufführung zählt zu den besten Darbietungen sonst mit der Klangschönheit seines kräftigen und hell¬
279 3836 1204 3902 dem Entschluß, in einer Stunde gemeinsam den Badeor
2178 3856 3099 3923 tönenden Tenors wirkte und sein feines Gefühl für
1235 3870 2143 3937 unseres Schauspiels. Herr John, der auf dem Ko
286 3884 1197 3947 zu verlassen und sich nicht mehr zu trennen. Aber uner
2178 3912 3103 3968 das Richtige und Wahre im künstlerischen Gesange
1235 3912 2146 3979 thurn die Sicherheit des Schrittes erst gewinnen muß
290 3930 1211 3993 wartete Hindernisse treten diesem Entschluße in den
2185 3954 3096 4024 bekundete. Hr. Hunold erzielte als König Amo¬
1228 3965 2153 4031 macht im Gesellschaftsstücke erhebliche Fortschritte; er
286 3975 1201 4041 Weg. Zunächst erscheint der wohlmeinende Rohnstedt
2185 4000 3096 4066 nasro durch den energischen Ausdruck seines gut phra¬
1235 4010 2150 4069 ist namentlich für Liebhaber, die nicht nur schwärmen,
286 4024 1208 4087 um durch einen vertraulichen Vorschlag den peinlichen
2181 4048 3103 4115 sirten Vortrags und die würdige Darstellung eine volle
1235 4062 2157 4118 sondern auch sonst einen Beruf und Character haben,
297 4076 1208 4122 Ehrenhandel doch noch zu einem leidlich befriedigenden
