3436 4384
193 261 281 357 8.
883 232 1288 346 box 14/3
312 245 728 367 Freiwild
755 1059 1083 1174 Taan 1929.
485 1156 1367 1261 Unternehmen für Zeitungs-Ausschnitte
1459 1180 1634 1261 und
1441 1241 1545 1355 Nr.
636 1246 1196 1371 OBSERVER
243 1335 1641 1448 detur, hombre, conces, Bureau für Zeitungsberichte und Personalnachrichten
506 1419 1347 1526 Wien, IX. Türkenstrasse 17.
467 1491 1398 1601 Filiale in Budapest. Pleyel, VIII. Josefaring 312.
225 1659 661 1780 Ausschnitt aus
1340 1718 1486 1816 en
521 1808 830 1933 on
483 1938 1434 2021 Der Kampf Aller gegen Alle hat somit am längsten
402 1992 1432 2080 gedauert. Aber auch dem sündhaften und in seinem
402 2061 1430 2116 Ausgange stets so ungewissen Zweikampf ist ein gewal¬
402 2106 1427 2174 tiger Dämpfer erstanden. Das unvergleichliche Mittel,
400 2154 1434 2212 die leidige Losgeherei aus der Welt zu schaffen oder
400 2207 1439 2270 wenigstens die mitunter lebensgefährlichen Ergebnisse des
402 2244 1436 2320 Schießen zu verhindern, ist so ungeheuer einfach, daß
400 2298 1428 2358 in dramatischer Schriftsteller kommen mußte, um
405 2345 1450 2408 uns mit ihm bekannt zu machen. Herr Arthur Schnitzler
396 2397 1430 2448 aber hat mit dem genial gefundenen Mittel nicht allein
405 2441 1436 2502 seinem Schauspiele Freiwild eine fesselnde, inhaltsreiche
400 2486 1434 2545 Handlung gegeben, sondern auch den kämpfenden und
398 2533 1443 2596 darum leidenden Menschen einen kaum zu schätzenden
405 2578 1434 2642 Dienst erwiesen. Wenn man, so lehrt Herr Arthur
400 2628 1437 2693 Schnitzler, das Unglück hat oder die Ungeschicklichkeit
400 2668 1443 2732 begeht, mit einem durch Standesverhältnisse zum
402 2722 1443 2785 Kämpfen verpflichteten Manne derart zusammenzustoßen, daß
409 2770 1445 2830 eine Versöhnung ausgeschlossen erscheint, dann verweigert
393 2814 1432 2887 man entweder grundsätzlich den Zweikampf oder besser,
409 2866 1434 2929 man geht schanden, d. h. ehrenhalber auf ein Schein¬
400 2909 1445 2979 gefecht ein. Für den letzteren Fall ist dem Duell oder
409 2958 1437 3017 Schnitzler zufolge stets ein ehrenwerther und friedliebender
405 3004 1439 3068 Kartellträger (am zweckmäßigsten ein Offizier) bereit,
411 3062 1434 3122 sowohl die nöthigen Vorschläge zu erstatten, als auch die
400 3102 1446 3168 Vorbereitungen für das unblutige Verfahren zu treffen.
353 3156 1425 3213 Probatum est in Freiwild wird zwar der grund¬
333 3203 1443 3276 10 sale Zweikampfleugner von dem bis zum Aeußersten
337 3246 1416 3298 20 gereizten Gegner mechlings von der Höhe seiner sitt¬
337 3285 1416 3363 lichen Ueberzeugung herabgeschossen; des beweist doch
396 3341 1423 3399 nur die Unentbehrlichkeit des im Roder Schnitzten ge¬
258 3388 1419 3457 gebenen Auskunftsmitteln. Nach dem Beifall zu schlichen
261 3435 1416 3509 Abonn welchen die Schnitzlerische Ehrenheitslehre bei ihren
393 3480 1396 3539 Verkündigung im Carltheater gefunden, steht ihrer
393 3529 1347 3599 gemeinen Einführung sein besonderes Hinderniß
387 3574 1342 3626 gegen. Die Hoffnungen der Friedensfreunde ge¬
384 3626 1338 3711 Die Naturae lo¬
1473 3158 1621 3226 inclusive
1500 3215 1610 3251 Porto.
1481 3239 1612 3284 Zahlbar
1463 3262 1643 3325 im Voraus.
1454 3312 1679 3408 te ist das
1464 3385 1679 3460 teht es den
1463 3431 1583 3494 dern.
2044 169 2677 247 Wien, IX. Türkenstra
1900 225 2936 346 — Filiale la Budapest, eli, VII. Josefstieg 32.
1805 380 3253 492 schnitt aus Venerabundat,
2041 546 2325 681 un
2403 706 2664 796 „Freiwild.
1882 757 3154 850 Schauspiel in 3 Akten von Arthur Schnitzler. — Zum ersten Male aus¬
2181 841 2877 911 geführt im Carl-Theater um 4. Februar.
2005 890 3161 969 An erster Stelle constatiren wir, daß ein entschiedener
1890 956 3152 1011 Erfolg vorhanden war, das Schauspiel hat gefallen, ob mit Recht
1895 1005 3154 1056 oder Unrecht, darüber wurde debattirt und läßt sich debattiren.
1895 1048 3154 1101 Vorerst die Handlung in kurzen Worten. Lieutenant Karinski
1900 1099 3161 1155 stellt einer Theaternaiven nach, die auch im Leben noch naiv ist
1886 1147 3158 1196 und bleiben will. Paul Rönning liebt dieses Mädchen, ihr Schicksal
1890 1194 3161 1245 liegt ihm am Herzen, ihretwegen verschiebt er seine Abreise aus
1886 1241 3167 1295 dem kleinen Badeorte von Tag zu Tag. Und die gewissenlosen
1899 1288 3161 1353 jungen Herren, voran Lieutenant Karinski, machen flott weiter
1891 1331 3154 1389 Jagd auf die schöne Naive. Darin liegt eigentlich begründeter¬
1890 1383 3163 1443 weise der Titel des Stückes, die Schauspielerin ist das „Frei¬
1895 1430 3172 1488 wild, das junge Mädchen, das ängstlich und zitternd flieht
1899 1479 3158 1535 vor den Jägern, die sie verfolgen, bis sie sich nicht mehr zu
1895 1520 3163 1574 helfen wissen wird, um dann zusammenzubrechen, sich zu ergeben.
1899 1574 3161 1630 Das ist das eigentliche „Freiwild". Doch der Autor meinte
1891 1621 3163 1677 auch leider etwas anderes damit. Karinski kommt eben von einer
1899 1664 3158 1731 Niederlage, die er erlitten, zurück; die schöne kleine Schau¬
1899 1715 3161 1772 spielerin hatte seine Einladung zum Souper keiner Antwort ge¬
1891 1754 3168 1826 würdigt; als er sich dieselbe persönlich holen gewollt, waren die
1900 1808 3161 1866 Thüren von innen versperrt. Nun findet er im Freundeskreise,
1895 1857 3167 1917 wo er um Champagner gewettet, daß er siegen werde, seinen
1895 1904 3163 1965 vermeintlichen und eigentlich auch thatsächlichen Nebenbuhler. Als
1895 1953 3163 2014 er seine Niederlage erzählt, lächelt Rönning, und lächelt weiter,
1899 2001 3161 2057 als er auch sieht, daß Karinski auf ihn aufmerksam wird; sehr
1891 2050 3161 2100 aufmerksam. Indem dann der Lieutenant um den Grund des
1899 2091 3163 2149 Lachens frägt, und, als ihm eine ausweichende Antwort zu Theil
1895 2143 3163 2199 wird, die keinen Hait gibt „Ich pflege hie und da zu lächeln,
1908 2189 3167 2250 starke Saiten aufzieht und Dinge über das Mädchen sagt, die
1891 2235 3168 2298 er ja selbst wohl nicht glaubt — hat er provocirt, gut, aber
1891 2282 3161 2342 was war dann Rönning's Lächeln, was die Antwort „Ich pflege
1899 2334 2882 2388 so hie und da zu lächeln?" Was war denn das
2010 2374 3158 2441 Und weiter. Könning schlägt Karinski in's Antlitz, Rönning
1899 2430 3167 2479 will aber dann nicht Genugthuung geben, „er hat sich wie ein
1899 2479 3163 2531 Bube benommen, ich habe ihn wie einen Buben gezüchtigt",
1899 2524 3163 2590 „er ist mir über den Weg gelaufen — weiter nichts, sein ferneres
1899 2572 2509 2632 Schicksal geht mich nichts an."
2010 2588 3170 2675 Oho, Herr Rönning, Sie begehen da einen gewaltigen
1900 2651 3177 2731 Irrthum. Gut, er hat sich wie ein Bube benommen; aber dem
1899 2713 2754 2772 Mädchen gegenüber, ihnen gegenüber nicht
2023 2754 3168 2828 Sie haben ihn aber wie einen Buben behandelt, ihn in's
1899 2788 3127 2851 Gesicht geschlagen! — Wer gab ihnen das Recht, so zu handeln?
1899 2853 3167 2914 Ihre Liebe zu dem Mädchen! Zugegeben; dann haben sie aber
1899 2902 3167 2958 ein Amt übernommen, das nicht ganz so leicht ist, das nicht nur
1899 2949 3170 2999 heißt handeln, sondern auch für seine Handlungen einstehen.
1900 2997 3170 3057 Strafen ist leicht, man muß aber ein Recht zum strafen haben,
1899 3044 3167 3102 eine Autorität muß hinter dem Bestrafer stehen. Wenn es ihnen
1904 3091 3172 3147 nur darum zu thun gewesen wäre, Herr Rönning, daß Karinski
1913 3140 3172 3197 seine Strafe erhält, so gibt es ja Gerichtsbehörden, gibt einen
1908 3186 3172 3244 militärischen Ehrenrath. Sie wollten aber den kürzesten Weg
1906 3237 3170 3291 gehen, sie wollten strafen, sie wollten sogar gleich strafen, und
1908 3282 3170 3336 wer gibt ihnen das Recht hiezu, der mittelalterliche Glaube des
1904 3329 3167 3395 Gottesgerichtes, der Zweikampf, der hierauf folgen muß, der
1908 3377 3172 3431 Glaube, ich stehe für meine gerechte That mit meinem Leben ein,
1908 3424 3161 3484 und Gott hilft der gerechten Sache. Wie durften sie nun Genug-
1913 3471 3172 3523 thuung verweigern? — Erst so heiß und dann so kalt? — Wären
1918 3511 3172 3592 sie von allem Anbeginne an lau gewesen, es würde ihnen jetzt
1909 3566 2172 3646 besser stehen.
2028 3604 3176 3673 Wo bleibt aber dann die Logik ihres Benehmens? Sie
1913 3657 3172 3716 erfahren, daß Karinski verloren ist durch ihre Weigerung, daß
1913 3705 3172 3763 Karinski den Weg gehen wird, der ihm nothwendig vorgezeichnet
1917 3759 3185 3828 ist, daß er sie mit der Waffe in der Hand angreifen wird, wo
1922 3808 3181 3874 immer er sie findet — daß ihnen kein anderes Mittel bleibt, um
1918 3869 3188 3929 consequent zu sein, als abreisen, schleunigst abreisen, fliehen. Jetzt
1918 3909 3181 3974 werden sie wieder heiß, und bleiben. Stecken einen Revolver zu
1922 3961 3172 4020 sich in der Erwartung ihres Gegners. Werfen sie da nicht ihre
1926 4017 3179 4064 eigene Theorie über den Haufen? — Statt eines festgesetzten
1915 4058 3179 4123 Duells haben sie jetzt ein permanentes, eines, das nicht mehr
1917 4101 3179 4183 auf gesellschaft gesetzlichem Boden steht, aber trotzdem noch immer
1918 4155 2727 4219 ein Duell ist. Also schlagen sie sich ja de
