3436 4224
322 159 704 255 Halbzwei
206 498 560 590 8. Frei¬
874 132 1332 244 box 34/10
898 484 1305 583 box 14/2
704 992 967 1083 der Klage
704 1016 1944 1131 R. Pollini eine Ehrenerklärung abzu¬
703 1083 1862 1203 geben. — Mit vorzüglicher Hochachtung Anton Smital.
822 1102 1940 1216 * Aus Berlin wird uns telegraphirt: Das Schauspiel
715 1175 1964 1275 „Freiwild von Arthur Schnitzler errang heute im
717 1220 1934 1316 Deutschen Theater einen vollen, durchschlagenden Erfolg. Das
719 1269 1940 1365 Publicum folgte dem Stücke, dessen Inhalt an den Fall
719 1315 1940 1415 Brüsewitz erinnert, mit von Act zu Act steigendem
728 1371 1936 1461 Interesse. Die männlichen Rollen wurden meisterhaft gespielt,
725 1417 1939 1511 Schnitzler nach jedem Act wiederholt gerufen. Besonders
722 1466 1947 1547 wohlthuend wirkte die Objectivität, mit der die verschiedenen
725 1500 1988 1615 Militär= und Civilistenstandpunkte zur Duellfrage be¬
725 1587 964 1672 handelt sind.
844 1587 1980 1695 Der Director des Stadttheaters in Cöln, Herrn Julius
547 1937 1700 2055 bemerkte, daß eine andere als die gewohnliche Lichtquelle der, daß
1552 2014 1679 2071 Roth
549 2054 826 2113 vorhanden war.
668 2047 1676 2140 * Aus Berlin wird uns telegraphirt Arthur gleich
1558 2102 1672 2151 stellung
565 2110 1517 2189 Schnitzlers dreiactiges Schauspiel „Freiwild
1561 2145 1664 2194 öffent¬
561 2153 1527 2238 fand bei der heutigen Erstaufführung im Deutschen
565 2195 1532 2275 Theater großen Beifall, der nur wegen des peinlichen
568 2233 1535 2310 Schlusses von einem kleinen Theile des Publicums
561 2277 1536 2357 bestritten wurde. Trotzdem konnte der Autor auch
565 2330 1544 2414 nach diesem, wie nach beiden vorhergehenden Acten
568 2371 1546 2447 wiederholt vor der Rampe erscheinen. „Freiwild be¬
572 2401 1544 2496 handelt einen ähnlichen Ehrenconflict, wie Sudermann's
574 2447 1541 2533 „Fritzchen", nur daß hier der Beleidiger — ein
574 2499 1550 2576 Bürgerlicher — dem gezüchtigten Officier die Satis¬
583 2532 1547 2621 faction verweigert und ihn vor die Alternative stellt,
588 2576 1550 2664 zu quittiren oder den Gegner à la Brüsewitz zu
585 2615 1563 2702 behandeln. Der Officier erschießt demnach seinen
1154 2664 1481 2749 Parallel
583 2676 986 2761 Gegner coram publico.
876 2739 1277 2812 Das erste Concert
594 2764 1557 2870 in dieser Saison hat gestern Abends stattgefunden. Leider
527 2823 1565 2930 ei nur zu Hälfte Herr August Strada der best¬
571 3175 1253 3287 De notre correspondant de Bern:
577 3260 1414 3338 « Freiwild, de Arthur Schnitzler, a eu un
558 3301 1398 3370 très grand succès au Deutsches Theater
555 3346 1403 3422 L'auteur abordait, dans cette pièce, la ques¬
554 3376 1414 3461 tion du duel et l’on n’a pas manqué d'y voir et
550 3420 1409 3500 d'y souligner des allusions à la malheureuse
561 3455 1409 3526 affaire von Brusewitz. Il a su, d’ailleurs,
554 3504 1418 3576 montrer avec tant d'habileté le pour et le
555 3530 1436 3601 contre dans la question que les partisans du
563 3571 1422 3645 duel, aussi bien que ses adversaires, l'ont ap¬
560 3609 1420 3688 plaudi. M. Schnitzler est Viennois et auteur
558 3643 1426 3725 d'une pièce intitulée Libelei, qui a été fort
568 3691 1422 3760 appréciée dans le temps. Il me paraît avoir
566 3724 1420 3809 plus de dextérité que de puissance dramati¬
565 3798 660 3859 que.
2486 469 2783 563 Freiwild.
2159 539 3103 618 Schauspiel in 3 Akten von Arthur Schnitzler.
2286 585 3131 649 Berlin, 4. Nov. Der junge Arzt, der mit
2143 607 3125 689 so viel Kühnheit als Erfolg den Sprung aus der
2137 678 3158 736 Klinik in die Literatur gethan und im vorigen Jahr
2134 722 3132 772 mit dem Drama „Liebelei“ einen sensationellen Ein¬
2146 767 3125 815 druck machte, hat gestern im Deutschen Theater mit
2146 797 3131 855 seinem neuen Stücke „Freiwild“ wiederum starke
2146 840 3125 898 Wirkung geübt, unseres Erachtens mehr durch vir¬
2139 892 3132 962 tuose Kunst als durch groß gestaltenden Dichtergeist.
2205 932 3140 983 Er behandelt die Duellfrage in neuer Umgebung,
2146 973 3126 1043 auf österreichischem Boden, und bewährt hier ein glän¬
2146 1019 3128 1087 zendes Talent geistreicher satirischer Schilderung. Aber
2143 1063 3118 1118 er behandelt die Frage auch von neuem Gesichtspunkte
2143 1104 3123 1162 und hier zeigt er sich weniger glücklich. Sein Held,
2143 1149 3121 1203 der wohlhabende junge Privatmann Paul Rönning
2146 1194 3128 1244 liebt die Schauspielerin Anna Riedel des Sommer¬
2150 1236 3131 1291 theaters in einem Badeorte in der Nähe von Wien.
2143 1278 3125 1340 Sie ist ein armes ehrenfestes Mädchen, welches sich
2140 1332 3131 1395 gründlich von ihren leichtlebigen Genossinnen, die
2143 1365 3125 1426 gleichzeitig mit den Kollegen tändeln und mit den
2150 1401 3132 1472 Offizieren soupiren, unterscheidet. Einer von diesen,
2143 1451 3136 1505 ein vor dem Ruin stehender Lebemann, Oberlieutenant
2143 1494 3136 1555 Karinski, will das ehrbare Mädchen, mit der er
2150 1539 3136 1599 glaubt wie mit anderen Mädchen ihrer Klasse um¬
2156 1579 3139 1645 springen zu können, um jeden Preis gewinnen, wettet
2150 1629 3129 1683 auf ihre Gunst und stößt, als er, von ihr abge¬
2150 1665 3132 1730 wiesen, seine Champagnerwette verliert, in Gegen¬
2153 1708 3136 1769 wart ihres bürgerlichen Verehrers ein Schimpfwort
2159 1753 3142 1819 gegen sie aus. Die Beschimpfung des Mädchens
2159 1796 3136 1867 hören und dem Offizier eine Ohrfeige ver¬
2164 1837 3129 1906 setzen, ist für Rönning Eins. Aber nicht so
2153 1882 3140 1950 rasch ist er mit der von den Zeugen des Offiziers
2159 1923 3145 1989 geforderten Sühne mit den Waffen. Er schlägt
2150 1980 3140 2033 die Forderung aus, weil er für die Züchtigung, die
2159 2011 3142 2071 er einem Buben ertheilt, nicht sein Leben wegwerfen
2082 2055 3136 2117 bewolle. Seine Freunde werden an ihm, der sich so
2146 2096 3143 2156 unerwartet mit den Forderungen der Gesellschaft in
2159 2142 3142 2203 Widerspruch setzt, irre, allein er bleibt bei seiner
2156 2190 3150 2242 Weigerung. Das geliebte Mädchen, das erschreckt
2159 2222 3142 2286 von der That vernommen, erfährt mit Genugthuung
2161 2271 3150 2338 von seiner Weigerung, sich zu schlagen, und Beide
2159 2313 3142 2376 wollen nach Wien zurückkehren, als einer der militä¬
2156 2357 3153 2409 rischen Zeugen des Gegners nochmals erscheint, um
2161 2403 3151 2463 ihm vorzuhalten, daß mit seiner Verweigerung des
2164 2444 3142 2503 Duells der Ruin des Anderen verbunden sei, und
2161 2485 3145 2554 dem jungen Manne — für einen Offizier höchst un¬
2164 2527 3148 2591 wahrscheinlich! — vorschlägt, sich zum Scheine zu
2176 2569 3151 2632 schlagen. Auch Dieß verweigert Rönning, dem gegen¬
2164 2618 3142 2680 über Freund und Gegner bisher nicht von Ehre,
2167 2672 3153 2727 sondern bloß von Muth gesprochen, und trotzt der
2173 2702 3151 2764 Möglichkeit, dem tödlich beschimpften Gegner in
2167 2749 3148 2804 den Weg zu kommen; dieser sucht den jungen
2161 2791 3162 2846 Menschen denn in der That auf, und als ihm dieser
2161 2840 3145 2897 bei der ersten Begegnung wieder Genugthuung ver¬
2161 2882 3159 2966 weigert, schießt er ihn in Gegenwart der Braut ein¬
2173 2933 2378 2997 fach nieder.
2230 2959 3151 3025 So drastisch und packend Entwicklung und Aus¬
2173 3003 3158 3073 gang sind, so zweifelhaft erscheinen Motive und
2168 3051 3151 3115 Verhalten des Helden. So kann doch nicht die
2170 3093 3159 3154 Gegnerschaft gegen das Duell begründet werden, daß
2159 3134 3162 3189 dem Einzelnen das Recht gewährt wird, sich für Be¬
2179 3180 3158 3244 schimpfungen mit der Faust Genugthuung zu ver¬
2183 3227 3154 3287 schaffen und dann Anderen den gleichen Weg abzu¬
2176 3266 3162 3337 schneiden! Der Dichter selbst bleibt auch scheinbar
2172 3310 3154 3378 ganz objektiv und zieht die volle Konsequenz aus
2181 3354 3165 3425 seinen Prämissen. Allein, was damit gewonnen
2179 3398 3162 3460 wird, ist nicht zu ersehen, wenngleich der Fall Brüse¬
2173 3441 3161 3515 witz, trotzdem er ganz anders liegt, dem Drama das
2173 3483 3165 3548 aktuellste Interesse sicherte. Prächtig ist dagegen die
2176 3527 3173 3584 Schilderung der Verhältnisse der kleinen Badebühne
2172 3570 3175 3647 mit ihren lockeren Mädchen, dem schuftigen Direktor
2164 3620 3178 3684 und ein Paar anderen Typen auf der einen sowie
2208 3765 3217 3876 die derbe Charakterisirung der militärischen Lebe¬
2205 3831 3206 3911 männer, die durch vorzügliche, das österreichische
2214 3879 3205 3956 Kolorit meist trefflich wiedergebende Darstellung sehr
2211 3925 3235 4002 gehoben wurde. Der Dichter wurde nach jedem Ab¬
2211 3961 3145 4066 wiederholt zum Schluß unter Widerspruch ge¬
