3484 4256
169 184 646 263 8. Freiwil
855 186 1258 287 box 14/4
1046 1388 2063 1459 den Tod eintauschen, den er gewiß nicht verdient habe?
163 1391 1002 1452 ses zu einer Art von These liegt, ob nun
1145 1430 2068 1498 „Der Schlag aber bedeutet nicht den Schlag,
154 1441 1002 1502 er sie aufstellen wollte oder nicht, auch im
1046 1479 2063 1553 sondern eine tödliche Beleidigung, wie du sehr wohl
169 1491 1002 1554 „Freiwild" nahe. Hier aber dürfte sie dem
1046 1534 2070 1590 weißt, sagt Wellner und hat recht. „Was mir in dem
151 1535 999 1595 sen Geiste nicht entgegen sein. Im Gegenteil,
1046 1584 2070 1640 Duell geschähe, würde nichts bedeuten, sondern
167 1577 999 1654 des Zivilisten. Denn die These müßte lauten:
1046 1632 2059 1690 etwas sein," sagt Rönning und hat auch recht. „Du
181 1632 1006 1707 Offizier einen Zivilisten, der ihn gröblich
1052 1680 2056 1734 denkst an nichts als an die Gefahr, in der du schwebst.
163 1682 1008 1751 hat und sich weigert, ihm ritterliche Satis¬
1046 1732 2059 1800 ruft Wellner; „wenn man nachträglich so vorsichtig ist
176 1730 1002 1798 geben, einfach niederschießen? Und die Ant¬
1052 1784 2070 1837 so hat man kein Recht, vorher so unüberlegt zu sein,
184 1786 1003 1858 der Dichter am Schluß seines Stückes gibt,
1049 1833 2067 1891 besonders aus rein persönlichen Gründen. Warum sind
181 1828 710 1906 bejahenden Sinne zu lauten.
1046 1882 2070 1936 wir anderen nicht empört gewesen?" Und damit hat
199 1855 999 1937 es wird vielleicht des Klügere sein, nicht
1046 1932 2069 1982 Wellner wiederum recht. „Das ist euer Fehler, nicht
163 1937 1002 1990 Absichten des Dichters zu forschen, sondern
1049 1978 2070 2041 der meine," versetzt Rönning, „wenn ihr euch von
167 1980 1004 2049 das Tatsächliche zu halten. Anna Riedel,
1046 2036 2065 2087 eurem ehrlichen Gefühl leiten ließet, nicht von eurer
234 2028 1004 2112 einem Sommertheater (von Fräulein
1046 2082 2069 2138 Kodexphilosophie, so hättet ihr alle gestern diesen
188 2079 1004 2160 dargestellt), ist ein weißer Rabe unter
1046 2127 2065 2200 Menschen von unserem Tische wegjagen müssen
163 2132 1004 2188 olleginnen, die verkörperte Anständigkeit.
1046 2181 2063 2245 und ihn für ehrlos erklären - nicht mich, weil
167 2187 1004 2247 berleutnant Karinski (Herr Gerhard)
1046 2231 2063 2291 ich mich nicht schlage." Und damit hat auch Rönning
160 2231 1004 2292 ese Anständigkeit gar nicht, weil ihm das
1040 2274 2063 2333 wiederum recht. Kurz, in dieser Szene, die von den
163 2283 1004 2356 fällt. Er glaubt auch nicht sehr fest an diese
1052 2329 2065 2392 für das Stück wesentlichen Szenen die beste, vielleicht
169 2327 1002 2414 wettet, daß er die Riedel zum Souper mit¬
1046 2374 2065 2442 die einzig gute ist, haben sie beide recht, der, welcher
160 2382 1004 2446 perde, verliert die Wette, ärgert sich darüber
1053 2424 2065 2486 für, und der, welcher gegen das Duell plaidiert. Beide
176 2431 1004 2488 provokant gegen Paul Rönning, den er für
1054 2475 2027 2551 führen sie ihre Sache mit einer gewissen Virtuosität.
163 2484 1006 2554 ten der Riedel hält. Es entspinnt sich ein
1139 2530 2068 2579 Hier sitzt der Herzkeim des Stückes, das em¬
167 2532 1008 2601 sel, Karinski nennt das Mädchen ungefähr eine
1052 2574 2070 2643 pfindlich unbefriedigend bleibt; vielleicht wegen des ge¬
163 2588 1010 2650 porauf Rönning ihm einen Schlag ins Gesicht
1046 2625 2070 2691 wählten Problems überhaupt, vielleicht auch nur wegen
163 2634 1004 2687 Dr. Wellner (Herr Schön) und der giger¬
1046 2679 2070 2739 dessen an der Oberfläche haftender Behandlung. Denn
158 2683 1015 2735 di Grehlinger (Herr Hauser hat wohl die
1046 2725 2069 2778 eigentlich müßte das Duell, das der Staat auf der
158 2725 1011 2791 Ruhe eines Wiener Gigers noch nie studiert),
1052 2775 2070 2837 einen Seite fordert und auf der anderen bestraft, eben
167 2778 1013 2835 ungs Freunde sind, erbieten sich diesem als
1049 2820 2070 2882 deshalb den Vorwurf für einen packenden tragischen
169 2829 1013 2888 Der aber erklärt kühl, er werde sich nicht
1052 2874 2076 2930 Konflikt und für ein gutes Bühenstück liefern können.
158 2875 1002 2957 Er habe einen Buben nach Verdienst gezüchtigt,
1054 2921 2068 3001 Wir haben aber ein solches noch nicht gesehen. Bei
169 2934 1011 3010 die Sache für ihn abgetan. Karinski habe die
1046 2970 2076 3061 „Freist der Grund, warum es keine gelungene
184 2979 1013 3054 verdient, er aber solle dafür vielleicht
2112 1324 3106 1421 seine Komit: Der Komiker, der stets furchtbar grandig¬
2112 1409 3112 1466 ist. Man muß aber, wenn die Gestalt wirken soll,
2115 1462 3115 1522 sehen, daß es ein Komiker ist. Wenn man sich
2112 1507 3124 1577 hinsetzt, um nachzudenken, wie man die Rolle am un¬
2106 1563 3121 1630 wirksamsten besetzen könnte, so könnte einem allenfalls Herr
2106 1609 3121 1671 Groß einfallen, der einen biederen, schweren Ton und
2103 1659 3115 1730 nichts von einem Komiker hat. Hier wäre Jules am Platz
2103 1710 3108 1775 gewesen. Die Komik des Liebhabers und Heldendarstellers,
2103 1760 3117 1809 der seine pathetische Art auch im gewöhnlichen Leben
2109 1805 3113 1867 festhält, ging in den Händen des Herrn Bovacs gleich¬
2112 1857 3106 1917 falls verloren. Aber das Publikum, das zahlreich er¬
2112 1905 3110 1968 schienen war, zeigte sich unendlich dankbar, wie immer,
2109 1956 3107 2017 und griff die wenigen Körner des Humors, die auf
2109 2005 3113 2078 fruchtbares Erdreich gefallen waren, mit Freuden auf,
2103 2067 2807 2132 um sich zu unterhalten und zu lachen.
2201 2074 3103 2168 Die äußere Natürlichkeit des Schauspiels litt schwer
2106 2158 3106 2215 darunter, daß die österreichischen Offiziere, von denen
2103 2202 3113 2264 besonders Vogel (Herr Beraun) recht harmlos seiter
2106 2252 3108 2310 nach der Natur gezeichnet ist, in Phantasieuniformen
2106 2301 3112 2364 gespielt werden mußten. Wie ein beträchtlicher Tei des
2106 2350 3124 2418 Witzes auf dem leicht und behaglich behandelten Wiener
2109 2401 3107 2461 Dialekt aufgebaut ist, so gehört auch wesentlich dazu,
2103 2448 3113 2518 daß man sich als Ort der Handlung wirklich eine
2109 2498 3107 2564 Sommerfrische in der Nähe Wiens vorstellen kann.
2103 2551 3115 2618 Übrigens wäre „Freiwild" natürlich auch durch die
2115 2600 3115 2661 getreuesten k. u. k. Kavallerieuniformen nicht zu retten.
2109 2653 3115 2702 Es ist wohl die schwächste und unbedeutendste Arbeit
2109 2696 3113 2753 Schnitzlers. Den Dichter, der so viel Reizendes und
2109 2750 3113 2805 Feines geschrieben hat, bald einmal würdig auf
2112 2798 3112 2860 unserer Bühne zu vertreten, läge sicher im Interesse
2112 2851 3112 2914 der Direktion. Warum es gerade „Freiwild" sein
2967 2894 3070 2965 4. e.
2106 2896 2356 2981 mußte ?
