3436 4096
792 37 1206 146 box 14/2
227 54 386 132 Fre
471 51 589 156 il
98 54 386 149 8.
108 731 281 809 .
521 704 2587 823 astronomisch-meteorologischen Observatorium und nach dem Austritte der genannten Abge¬
105 748 494 836 ritt, und man müsse
1703 752 2838 840 und Mähren, sowie nach dem gleichzeitigen Ausscheiden der
521 809 1663 867 fragen, ob der Minister nicht eine nachträgliche Creditforderung zur
115 819 491 877 Fortbildungsschulwesen
115 833 2834 914 der Neuschule. Redner gedeihlichen Lösung dieser Angelegenheiten zu beanspruchen gedenke, Kärntner Abgeordneten Ghon und Kirschner der Club
1703 921 2841 996 sich zu opfern, und stellt sich dem verachteten Gegner im
518 938 1669 1009 zeichnet, und was uns vor Allem an dem Stücke gefiel, sie
108 952 494 1019 der beleidigte Gatte.
1703 975 2841 1036 Zweikampfe, als die Lösung durch den dritten Mitwisser
521 992 1673 1057 gehören alle zur Sache. Da sind keine Episoden=Figuren,
112 1002 491 1063 König dessen ver¬
1697 1023 2844 1077 herbeigeführt wird. Dieser, ein in der Hauptstadt lebender
521 1033 1669 1094 keine verzögernden Nebenseenen, es wird nicht ein Wort ge¬
108 1046 494 1114 de Klage des Grafen
1700 1067 2844 1131 Arzt von Ruf, hat sich zuerst auf den formalistischen Stand¬
535 1087 1669 1175 sprochen, das nicht zum Fortgang der Handlung oder zur
112 1090 491 1155 in dem Augenblicke,
1700 1114 2848 1182 punkt des zweiten Freundes gestellt; aber als er sich der
521 1131 1246 1206 Kennzeichnung der Personen betrüge.
112 1141 501 1206 er als einen Mann
1697 1158 2844 1219 wirklichen Sachlage gegenübersieht, den Freund im Zwei¬
610 1155 1673 1250 Wir befinden uns mitten in den Kreisen der bürger¬
112 1189 498 1253 in den Dolch in die
1703 1202 2841 1273 kampfe verwundet und seelisch leidend findet, gibt er einer
535 1233 1676 1290 lichen Gesellschaft, welche im Duell das Mittel zur Wieder¬
129 1233 498 1304 beleidigen darf ihn
1697 1256 2844 1317 verheirateten Freundin des jungen Mädchens, um welches
525 1273 1676 1351 herstellung der Ehre erblicken. Aber hier steht das Duell in
132 1280 494 1354 nicht, wie hie und
1707 1310 2844 1371 der Kampf entstanden ist, leichten Herzens das Geheim¬
532 1324 1673 1409 zweiter Linie; der Kampf um die Ehre wird durch eine zweite
115 1324 450 1395 König Keiner
1703 1351 2851 1409 niß preis. Er selbst hat gegenüber dieser Freundin,
532 1371 1666 1443 Frage verwickelt. Ein Mann sieht sich in seiner Stellung
115 1361 501 1443 des Originals: „Del
1703 1399 2841 1459 die durch seine Schuld die Frau eines ungeliebten Mannes
525 1419 1676 1483 und in der Aussicht auf die Hand eines angesehenen Mäd¬
149 1422 501 1493 für unsere heutige
1710 1443 2841 1503 wurde, einen Treubruch auf dem Gewissen, und er fühn
535 1459 1676 1527 chens bedroht durch einen einstigen Freund, der mit zwei
119 1466 498 1534 en, so wirkte das
1713 1490 2848 1551 ihn durch einen Wortbruch, der nur Gutes stiftet, den Freund
538 1510 1676 1575 Anderen Mitwisser schimpflicher Handlungen seiner Jugend
108 1510 505 1585 akter der spanischen
1710 1541 2841 1605 aus seelischer Bedrängniß rettet und zwei Liebende zusammen
542 1554 1673 1619 ist. Sie gaben einander damals, als der Schaden, den seine
112 1561 501 1642 t, doch packend, und
1720 1585 2851 1646 führt. So wie Sudermann in „Ehre zeigte, daß es verschiedene
538 1602 1676 1673 Unredlichkeit angerichtet hatte, gutgemacht war, zu seinen
112 1612 505 1683 ky's, die reizvolle
1717 1629 2848 1693 Arten Ehre gibt, so beweist Hartleben, daß auch die Ver¬
549 1652 1680 1717 Gunsten das Ehrenwort, jene Dinge für immer begraben
125 1656 505 1713 che den abweisenden
1703 1676 2851 1737 pfändung der Ehre ihre verschiedenen Seiten hat. Uns siel
545 1697 1676 1764 sein zu lassen. Jener Eine von ihnen, eine tief edle Natur,
132 1700 511 1791 treflich zu vereinen
1707 1724 2851 1781 dabei ein bedeutendes Wort ein, welches Sudermann seinen
542 1744 1676 1812 ist empört darüber, daß dieser Mensch, den er trotz des
112 1754 335 1835 der Bühne.
1713 1768 2844 1832 Teja sagen läßt: „Für das, was ich bin, kann ich einstehen,
538 1791 1676 1866 gegebenen Ehrenwortes verachtet, der Gatte des Mäd¬
176 1781 511 1862 uns Otto Erich
1717 1815 2848 1879 was aus mir werden kann, dafür kann ich keine Bürgschaft
542 1842 1683 1910 chens werden soll, dem er selbst früher eine reine
122 1852 511 1920 in Ehrenwort im
1713 1869 2838 1923 übernehmen". Die Charaktere in Hartleben's „Ehrenwort
538 1896 1680 1961 und, wie er meint, selbstlose Neigung widmete
122 1900 511 1984 der besten Damen
1717 1917 2848 1974 sind eben Menschen des wirklichen Lebens, complexe, aus
549 1937 1680 1998 Er beschimpft den Nebenbuhler vor der Familie,
132 1954 389 2025 zu verstehen
1713 1957 2855 2018 Gutem und Schlimmen zusammengesetzte Naturen, wie sie trotz
122 1981 1676 2066 mit an die Thüren in welche dieser eintreten soll, sieht sich aber durch sein
1707 2001 2851 2069 der ethischen Schablone die Wirklichkeit uns auf jedem Schritte
549 2028 1683 2116 Ehrenwort gehindert, die Gründe seines Verhaltens aufzu¬
166 2042 511 2103 Nichts ist darin
1713 2055 2848 2110 kennen lehrt. Im Schiller-Theater wurden sie auch vorzüglich
538 2072 1686 2150 klären. Der Andere pocht dagegen höhnisch auf das Wort,
129 2096 515 2157 m entferntesten ver¬
1717 2099 2851 2160 dargestellt, ganz besonders war der formstrenge, die Welt
538 2120 1680 2194 welches seine früheren Freunde zu seinen Gunsten bindet
132 2140 521 2204 nn von 32 Jahren,
1717 2143 2851 2204 respectirende Assessor des Herrn Froböse eine naturwahre
545 2167 1683 2235 Hier läßt uns nun der Dichter einen Blick in das Seelen¬
129 2184 515 2255 der Naturalisten und
1713 2194 2855 2255 Figur aus Einem Guß, wie man sie selten auf der Bühne
549 2218 1683 2286 leben dreier Männer thun, die Alle durch das gleiche Wort für
129 2232 505 2299 anders in „Angele¬
1724 2235 2848 2316 sieht, der richtige „Commang=Reiter", wie ein jüngere
555 2262 1690 2326 einen Unwürdigen gebunden sind, ohne daß es jedoch für
132 2279 518 2343 behandelt und eine
1717 2289 2509 2357 Semester in meiner Nähe sich ausdrückte.
559 2309 1690 2377 Jeden von ihnen die gleiche bindende Kraft hat. Derjenige,
132 2323 518 2391 neten ihn ein über¬
1812 2313 2858 2411 Sudermann's „Fritzchen" und Arthur Schnitzlers drei¬
555 2347 1680 2418 der die edelsten Motive hat und den Kampf zwischen seinen
132 2370 518 2428 id eine kühle Herr¬
1717 2381 2855 2455 artiges Drama „Freiwild", der jüngste Erfolg des Deutschen
555 2401 1686 2469 Worte und der Gefahr, welcher ein geliebtes Wesen dadurch
132 2428 521 2492 enschaften beweist er
1717 2441 2858 2496 Theaters, haben manches Verwandte. Der Officier, der,
555 2452 1686 2516 ausgesetzt ist, am ehrlichsten kämpft, muß sich doch ge¬
139 2465 528 2536 mer aber auf alle
1713 2486 2848 2557 einmal thätlich beschimpft, ohne ritterliche Genugthuung
555 2496 1690 2570 stehen, daß neben der Verachtung für den niedrigen Geg¬
142 2516 518 2577 Es spielt in der
1724 2533 2858 2590 nicht weiter leben kann, spielt in beiden Stücken eine wesent¬
559 2540 1690 2607 ner der selbstische Beweggrund der Liebe sein Verhalten
139 2560 532 2621 sprechen eine gehalt¬
1720 2580 2851 2648 liche, aber zugleich in jedem eine sehr verschiedene Rolle.
559 2590 1690 2662 leitet. Ihm sicht als der zweite Mitwisser ein junger Be¬
132 2614 525 2672 ellenweise nicht ganz
1717 2621 2855 2692 In „Fritzchen" liegt die Beschimpfung des jungen Officiers
555 2631 1697 2702 amter, der Mann strengster Form und peinlichster Correct¬
135 2655 528 2719 den es behandelt, die
1720 2672 2858 2729 vor dem Drama selbst. Der Dichter hat sich vor Allem die
559 2685 1697 2750 heit, gegenüber, der bei allen Sympathien für den Freund
139 2702 532 2767 hören dem wirklichen
142 2709 2855 2858 schen Schärfblick ge¬ dessen Verhalten verurtheilt. Schon ist dieser im Begriffe, Aufgabe gestellt, die furchtbare Unruhe des Jünglings zu
