3484 4384
338 501 1189 578 die eingeborene, umschleierte Verträumtheit;
331 571 1179 617 der feine Schmerzensschimmer, der ihn tief
338 609 1179 656 unleuchtet. Es ist Alles jetzt minder gedämpft.
338 649 1183 694 Es scheint, als ob eine Seele gereift wäre. Durch
338 692 1180 741 das Florgespinnst brechen nun strahlende
340 730 1189 777 Farben. Der Schrei aus seiner Brust klingt
338 774 1183 835 voller und, im Jauchzen wie im Schluchzen,
338 804 616 875 erschütternder.
419 840 1179 894 Im Naturalismus, den er äusserlich ver¬
340 883 1189 936 lassen hat, ist ein neuer Mann erstanden:
331 934 1185 983 Joseph Ruederer. Fährt er fort, wie er in der
338 973 1189 1018 Fahnenweihe begann, dann wird er bald
340 1012 1189 1059 neben unseren Besten stehen. Dramatisch hat
339 1059 1192 1103 er nicht einmal besondere Vorzüge. Er sieht
338 1093 1179 1134 nicht immer bühnenmässig, er ist anfänger¬
340 1135 1182 1181 haft breit, er hebt nicht scharf heraus. Er
340 1175 1182 1217 differenzirt nicht alle Gestalten. Sein Humor
338 1215 1183 1265 ruht weniger in Einzelcharakteren als in
340 1252 1180 1315 grossen Gesammtverhältnissen. Aber in dieser
339 1298 1180 1346 symphonischen Gestaltung gibt er die wunder¬
349 1337 1179 1382 vollste menschliche Komödie. Er führt Dorf¬
340 1379 1182 1430 bewohner vor, mit Städtern untermischt, und
331 1411 1183 1471 zeigt die schlaue Energie des Menschen¬
340 1460 1175 1507 thieres, das in einem Rahmen von bürger¬
331 1496 1182 1546 lichem Anstand, Gerechtigkeit und Biderbheit
334 1541 1182 1587 gaunerisch-brutal um den Vortheil ringt. Er
333 1583 1177 1625 gibt entkleidete Seelen des irdischen Durch¬
331 1619 1174 1669 schnittes. Das Alles wird ohne Galle ge¬
331 1662 1179 1710 zeichnet. Ueber dem Gewimmel der komischen
343 1702 1183 1743 Bestien sitzt der gesunde Dichter und blickt
331 1743 1179 1790 zwinkernd abwärts: such is life! Die hübsche
334 1781 1180 1826 Posthalterin, die zu einem blöden jungen
334 1821 1189 1878 Protz Beziehungen hat; der naiv schlaue
330 1863 1182 1920 Gatte, der sie erlaubt und ihn schöpft; dieser
339 1903 1182 1940 Gatte, der einen Knecht als zweiten Kost¬
334 1946 1180 1989 gänger der lieben Frau ertappt und rasend
330 1987 1177 2033 ausruft: »Wenn's wahr ist und Du hast mein
334 2020 1181 2075 guten Namen befleckt...«; dieser geruhig
328 2063 1179 2116 priesterliche Phariser, dieser Amtsrichter,
330 2108 1174 2159 dieser Bürgermeister, diese Stadtgäste alle
330 2137 1182 2200 und diese Bauern; ein harmonisches Band
334 2186 1176 2238 umschlingt sie bei einer Fahnenweihe, unter¬
330 2222 777 2289 halb der Fest-Inschrift:
396 2273 904 2326 Nicht viele Worte machen wir,
390 2313 986 2354 Wir heissen Euch willkommen hier,
397 2345 1121 2393 Und geben schlicht, ohne Falsch und Spott,
397 2379 948 2431 Nur unser biederes: Grüss Gott!
408 2419 1180 2468 Es ist überwältigend. Bengalische Be¬
333 2469 1175 2509 leuchtung, Gesang und drei Münchener Frauen¬
334 2509 1178 2553 zimmer als costumirte, palmenschwingende
330 2550 1177 2608 Friedensengel bilden den Höhepunkt. Im
331 2583 1179 2648 Kern dieser lebensechten Komödie steckt
334 2627 914 2677 eine Art von Ewigkeitshumor.
419 2665 1179 2722 Neben Ruederer's derbe Erscheinung tritt
331 2706 1182 2753 die feine Gestalt Arthur Schnitzlers. Er
331 2747 1179 2796 scheint neue Wege einzuschlagen und kam
331 2789 1174 2830 diesmal als Problemdichter. Hier hielt er sich
361 2825 1174 2869 meist in engen Grenzen; doch er gab starke
331 2865 1179 2911 Anregungen. In Freiwilde sind zwei Menschen
324 2910 1173 2956 als lebende Pole des Duellproblems constatirt;
334 2948 1175 2996 ein Officier, ein grollgeladener, verzweifelter,
334 2985 1177 3035 gewaltthätiger Mann, und ein Bürgerlicher,
331 3028 1177 3070 der lebensfroh und unabhängig seine Forde¬
334 3069 1180 3109 rung abweist. Schnitzler zeigt, als guter
334 3104 1180 3156 Seelenkenner, wie auch im Moderneren der
331 3147 1174 3201 Beiden ein Hang zu körperlichen Auskunfts¬
340 3188 1185 3235 mitteln schläft und erwacht: der Schluss
331 3229 1172 3271 sieht die Gegner in einem regellosen physi¬
334 3267 1180 3321 schen Kampf. Wer fällt, ist für das Problem
338 3307 1179 3354 gleichgiltig. Diesmal der Civilist. Im Bewusst
325 3347 1174 3409 sein heutiger Menschen wird nun der Duell¬
338 3389 1183 3443 verweigerer zum Helden; wenn schon des
330 3434 1182 3483 Autors Vornehmheit bemüht war, beiden
338 3470 1179 3516 Theilen gerecht zu sein. Dass dieser Held
334 3505 1182 3557 blos von einer Seite gesehen ist, dass sein
331 3549 1174 3604 Charakter vorwiegend aus Duell verweigerung
334 3590 1177 3639 besteht: darin liegt der Fehler des Stückes.
331 3628 1178 3677 Dennoch ist es das Werk eines besonderen
334 3671 1177 3717 Künstlers, der mehr als ein Problemstück zu
330 3715 1173 3762 geben weiss. Ueberraschend wirkt hier eine
327 3755 1168 3806 fortreissende, ganz ungewöhnliche dramati¬
331 3791 1164 3838 sche Gewalt. Der Aufbau bietet Wunder¬
334 3833 1175 3876 volles. Und aus dem Ganzen strahlt von
330 3868 1177 3927 Neuem die glückliche und feine Schönheit,
334 3915 1175 3961 um derentwillen wir in Deutschland diesen
338 3951 965 3999 Dichter so widerstandslos lieben.
403 3986 1167 4045 sonst Renaissance, oritur, Die
334 4017 1175 4077 officielle Frau und Kaiser Heinrich hatten
340 4068 1175 4115 viel Zulauf. Der abend füllende Todtentanz
1375 390 2003 460 DIE VORNEHME WELT.
1268 510 2099 600 Bevölkerung konnte sich schwer einigen
1268 580 2110 636 welches das tiefste der drei Werke sei. Bis
1269 611 2111 668 heute ist es nicht gelungen. Wildenbruchs
1263 662 2106 723 klirrendes Blechdrama, gab die Fortsetzung
1273 693 2109 744 der Heinrichshistorie. Der Sohn des Canossa-
1269 746 2106 785 gängers stand diesmal in der Mitte, der
1268 781 2106 826 Racher des Vaters. Schwere Strafe brachte
1266 828 2102 873 er ausser dem Papst den Hörern, die sich
1273 858 2103 913 bei einem vierstündigen Gebrüll krümmten.
1274 898 2102 950 Wilhelm der Zweite wohnte diesem Polter¬
1265 932 2096 998 Abend bei. Da er sich die Renaissancepoesie
1273 985 2110 1036 des Dichters Schönthan und des Dichters
1273 1023 2108 1083 Koppel-Elfeld in vierzehn Tagen zweimal
1273 1067 2102 1116 vorspielen liess, verzichte ich tactvoll, sie zu
1263 1100 2099 1149 beurtheilen. Dagegen darf der officiellen Frau
1272 1151 2102 1205 nachgesagt werden, dass sie den höchsten
1266 1186 2109 1243 bisher bekanntgewordenen Schmierenreiz
1269 1224 2102 1272 bietet. Olden, der früher litterarische Ge¬
1269 1269 2099 1315 wissensregungen kannte, hat damit ange¬
1266 1307 2107 1359 kündigt, dass er gewillt ist, ein Bösewicht
1266 1345 1478 1400 zu werden.
1343 1378 2106 1435 Auch Max Dreyer verleugnete in dem
1273 1426 2102 1482 Versschwanz Eine bessere Zeiten. Er be¬
1263 1471 2106 1513 gann als ein Seelenzerleger und endete hier
1263 1508 2103 1558 bei einem stylisirten Spassversuch, ohne rechte
1266 1546 2112 1605 Lustigkeit, mit den fatalen Abrundungen,
1266 1592 2107 1635 die Könnern zweiter Ordnung eigenthümlich
1262 1633 2111 1684 sind. Der betriebsame Rudolf Lothar lieferte
1263 1674 2099 1719 flink ein historisches Lustspiel des Titels
1269 1720 2109 1767 Königsidylle; er schuf es zu Ungarns
1263 1750 2109 1804 Ruhm, in Arien, Terzetten und bauchgrim¬
1263 1799 2106 1838 migen Versen. Requiescat. Die goldene Eva
1265 1842 2112 1894 erfreute sich keines längeren Lebens. Man
1265 1871 2107 1923 hätte sie geduldet, wenn sie nur historischer
1266 1913 2107 1968 Bierulk gewesen wäre; doch sie kam auch
1263 1955 2106 2002 wunniglich. Hartleben wollte humoristisch
1263 1997 2110 2048 und zugleich ein Sittengeissler sein. Man
1263 2037 2106 2081 nahm aber seine Sittliche Forderung nicht
1265 2078 2099 2119 als sittliche Forderung, sondern als Zötchen¬
1266 2118 2109 2172 schwank, als einen, der manchmal fein und
1266 2162 2109 2207 manchmal matt war. In dem Schauspiel »Ein
1265 2199 2101 2250 Ehrenworte bewies er seiner Gemeinde, dass
1266 2235 2097 2281 ihm auch jene Gegend nicht fremd ist, wo
1266 2277 2099 2322 die Kunst aufhört und die schüchterne Spe¬
1263 2320 2103 2376 culation beginnt. Immerhin, er ist Keiner
1266 2365 1693 2413 von den Schlechtesten,
1345 2388 2107 2446 Von der alten Garde kam Paul Lindau
1260 2439 2100 2486 mit dem Abends, einem wehmuthvollen
1257 2480 2092 2532 Schauspiel. Es birgt die Stimmung eines
1266 2519 2102 2561 Bankerotteurs, der sich in der tiefsten Zer¬
1266 2559 2096 2608 knirschung noch nicht entschliessen kann,
1260 2596 2095 2652 echt zu sein. Blumenthal, der grosse Zwi¬
1263 2641 2096 2690 scherer, fiel mit seinem Einmaleins ab.
1263 2678 2094 2721 Dieser alternde Speculant hat jetzt Pech.
1263 2719 2094 2763 Abu Saide machte nichts, wenn schon die
1269 2762 2094 2811 lumigen Epigramme im Augenblick wirkten,
1262 2798 1601 2844 Es geht zu Ende.
1349 2838 2091 2880 Na, und so weiter. Wir müssen es dies¬
1256 2877 2094 2944 mal unterbrechen. Jedenfalls auch wir kochen
1257 2913 1496 2984 mit Wasser.
1362 3329 1471 3410 Berlin.
1883 3337 1985 3406 Fidus.
1569 3446 1785 3519 Concerte.
1331 3496 2102 3561 Die musikalisch reiche Saison hat eine Fülle
1259 3557 2100 3608 interessanter Ereignisse gebracht; bekannte Grössen,
1257 3601 2106 3651 neue Erscheinungen warben um die Gunst des
1262 3631 1445 3697 Publikums.
1334 3679 2100 3724 Man hat Sistermans gehört und Meschaert be¬
1257 3715 2096 3774 wundert. Der Holländer mit seinem Meistersange
1257 3768 2094 3808 gehört zu den bedeutendsten heute lebenden Sanges¬
1260 3806 2097 3851 künstlern. Neben Meschert erregte sein alter go
1257 3837 2098 3889 Röntgen, der seltsame Pianist, grosses Interesse.
1262 3877 2099 3937 Man bejubelte Gura, den tief angelegten Balladen¬
1263 3923 2096 3971 sänger, der einen Kranz herrlicher Werke Löwes,
1250 3969 2097 4019 zur Feier von dessen hundertjährigem Geburtstage,
1260 4001 2096 4049 meisterlich sang. Wir hörten die Sängerin Gulbranson,
1257 4040 2097 4087 welche ihr Concert mit Grieg hätte geben sollen.
1260 4085 2100 4131 Da der nordische Musikdichter erkrankte, sang sie
2262 542 3029 597 Die Philharmoniker setzten mit einer macht-
2190 588 3031 635 vollen Aufführung von Bruckner's E-moll-Symphonie
2186 633 3027 673 ein, deren herrlich schöne Trauermusik, das Adagio,
2189 659 3029 715 Bruckners Todtenweihe gewesen. In ihrem zweiten
2188 701 3029 757 und vierten Concerte hörte man symphonische
2183 737 3031 791 Dichtungen von Dwork. Erfolgreich kamen in dem
2183 785 3031 835 Rahmen ihrer Veranstaltungen der Geiger Achille
2188 830 3030 890 Rivarde und die Pianistin Adele aus der Ohe vor
2189 863 2428 916 das Publikum.
2260 892 3031 948 In zwei Gesellschafts-Concerten brachte man
2191 944 3031 994 Mendelssohn's etwas veraltetes Werk Elias und
2186 986 3032 1031 Haydn's Schöpfung. Edvard Grieg erschien in
2183 1026 3031 1068 einem grossen Orchester-Concerte am Dirigenten¬
2191 1064 3031 1111 pulte und leitete seine Meisterwerke, bei deren Inter¬
2189 1104 3031 1153 pretation ihm der italienische Pianist Ferruccio
2183 1146 3031 1187 Busoni, Sistrans und die Singakademie glänzend
2182 1183 3029 1240 zur Seite standen. Die Streichquartette von Rose,
2183 1226 3035 1273 Hellmesberger, Fitzner fanden reichen Beifall vor
2189 1263 3031 1308 dem getreuen Publikum ihrer Concertabende. Es
2189 1301 3034 1354 hat sich die Nothwendigkeit ergeben, den kleinen
2183 1350 3034 1388 Concertsaal des Musikvereines zu adoptiren. Dort
2191 1387 3029 1431 waltet jetzt vor Allem Rosé mit seinem Quartetto,
2189 1424 3035 1479 der unter anderem das As-dur Quartett von Dorzak
2191 2621 3022 2682 Photogr. Studie von John S. Bergheim (Wien, Cari. Cl.)
2186 2685 3032 2736 glänzend interpretirte. Das bekannte böhmische
2177 2732 3031 2782 Streichquartett veranstaltete drei Abende und brachte
2183 2772 3024 2807 eine Sonate von Nedbal und ein Quartett von Suk.
2186 2806 3027 2867 Beide sind Mitglieder der erfolgreichen Künstler¬
2186 2848 3027 2896 vereinigung. In zwei Soiréen bot das Quartett Joa¬
2183 2895 3031 2931 chin das Vollkommenste auf dem Gebiete der
2185 2926 3029 2972 Kammermusik. Es waren die beiden Abende wirklich
2177 2962 3019 3012 genussreiche Ereignisse der Saison, Unzählige hei¬
2180 3008 3027 3055 mische und ausländische Pianisten, Geiger und
2185 3048 3027 3093 Sänger kämpften weiters um die Palme, ohne sie
2183 3088 3026 3141 völlig erringen zu können. Alfred Grünfeld siegte,
2183 3129 3025 3172 wo er erschien. Die kleine Szalit gab Proben wirklich
2186 3167 3027 3209 grosser Kunst, und die Geigerin Rosa Hochmann
2186 3209 3032 3255 fand vielen Beifall in ihrem Concerte. In einem
2189 3251 3026 3292 Wohlthätigkeitsconcerte erkannte man in der Toch¬
2183 3291 3026 3337 ter des Professors Schrötter eine stark veranlagte
2189 3329 3026 3379 Violinistin und hörte die bekannte Pianistin Fanny
2183 3370 3029 3427 Basch-Mahler mit besonderem Vergnügen, als eine
2186 3406 3027 3468 Meisterin ihrer Kunst. Die Trio Grünfeld-Zajie-Bauer
2186 3455 3029 3489 und Petri-Olsen-Beker erwarben sich viele Freunde.
2177 3484 3020 3540 Die Concertsaison geht mit glänzenden Programmen
2186 3535 3027 3581 welche von den Concertarrangeuren Guttmann, Rosé
2180 3567 3022 3623 etc. geboten werden und das allgemeine Interesse
2183 3606 2711 3676 fesseln müssen, wuchtig weiter.
2255 3668 3022 3722 Zarten Treibhauspflänzchen gleich, die zu früh
2183 3717 3024 3757 versetzt, im Freilande verkümmern, theilen die
2186 3748 3019 3781 edelsten und begabtesten Menschen oft dasselbe
2186 3780 3027 3816 Schicksal, wenn ihr Charakter noch nicht genügend
2186 3808 3022 3845 erstarkt ist, um die scharfe Luft der Oeffentlichkeit
2182 3835 2387 3895 zu ertragen.
2502 3837 2998 3896 laula Baronin Bülowendhausen.
2260 3868 3020 3936 Es sind nicht immer die Bedauernswerthesten,
2183 3917 3022 3962 die mit Jammermieten um Mitleid betteln. Wir gehen
2186 3958 3027 3989 ahnungslos an manchem schwergetroffenen Helden
2189 3985 3026 4018 vorbei, der wie der sterbende Gladiator mit heiterer
2188 4012 2736 4067 Miene den Todesstreich erwartet.
2502 4046 2996 4098 laula Baronin von Wendhaus.
2255 4081 2738 4138 Die Mission der moralische
2937 4095 3019 4136 gkeit
