3436 4448
215 108 739 194 8. Freiwild
912 117 1330 215 box 14/3
2259 861 2952 943 und Die Auff
311 880 1246 955 Beschluß dieses Bezirkslehrervereins zeigt den
1292 873 2225 969 haben eine Giltigkeitsdauer von 20 Tagen und berech¬
2263 897 3201 976 außerdem wurden 170 gefangen genommen, 400
311 947 1254 1002 daß die Lehrerschaft die Worte des Herrn
1285 952 2223 1010 tigen zur je dreimaligen Fahrtunterbrechung auf der
2914 969 3201 1024 In Folge eines
2259 964 2806 1022 deportirt und 2000 verhaftet.
311 986 1244 1043 Kultusministers, die derselbe in der letzten Landtags
1292 990 2235 1043 Hin- und Rückfahrt sowie zum einmaligen freien Besuche
2266 1007 3201 1091 vom General Polavieja erlassenen Aufrufes haben
1292 1038 2225 1084 der Kunst= und Gartenbau=Ausstellung. Der Preis der
311 1031 1254 1113 session gesprochen, bereits wieder vollständig ver¬
2278 1057 2936 1115 sich 2000 Aufständische unterworfen.
1285 1067 2249 1120 selben beträgt einschließlich der Stempelgebühr 45 Lire
311 1081 526 1134 gessen hat.
2270 1136 3201 1187 Weise, daß er mehr als bloße Illusion bot. Kösi¬
1290 1141 2235 1225 die „fixe Idee" seines Gegners von Ehre nicht — und
392 1160 1246 1203 Arthur Schnitzler hat schon in der „Liebelei
2273 1180 3208 1225 lich war Herr Klein=Rhoden als gigerhafter
1299 1191 2237 1242 er bleibt bei seinem „Nein" gegenüber den herzlichen
328 1201 1261 1254 gezeigt, welch ernste Gedanken er durch Bilder aus
2270 1213 3204 1285 Freund, sehr gut wieder Herr Sick als Arzt Wellner.
318 1225 2235 1294 unserm modernen Sitten= und Gesellschaftsleben wach-Bitten des Offiziers, der nun zu Ende ist und mit
2270 1251 3206 1304 Die „Schmiere ward unübertrefflich von ihrem Direktor
1297 1266 2242 1325 einer bedeutungsvollen Warnung scheidet; denn er weiß,
311 1275 1266 1330 zurufen versteht. „So weit kommt's": das ist
2275 1294 3206 1349 Herrn Max Neumann repräsentirt und sein „Per¬
1297 1304 2239 1361 welches Blut in dem Kameraden fließt, und was der
316 1311 1261 1371 das traurige und doch wieder klärende Ergebniß dieser
201 1297 285 1373 rität
2278 1333 3208 1383 sonal“, die Damen Hebbel und Nedauer, die
1297 1342 2232 1402 Zwang der Ehre gebietet. Wohin sich Roennin
321 1354 1266 1400 ernsten Gedanken. „Freiwild“ ist nach dieser
194 1364 289 1414 geübte
2275 1373 3208 1428 Herren Sieder (besonders dieser!), Klinger,
1299 1380 2242 1436 wenden wird, überall folgt ihm der seine Ehre ver¬
318 1390 1266 1440 Richtung hin ein bedeutsames Werk. Was
196 1402 287 1445 der
1297 1407 3206 1476 lierende Offizier: und im Café Garten — eben will Martini und Rippert war in jedem Einzelnen
318 1433 1266 1483 es wiederspiegelt? Eine „einfache Geschichte. Da ist
2270 1445 3213 1498 mustergiltig. Herr Naumann hat gezeigt, daß es nicht
1306 1455 2242 1510 das liebende Paar sich zur Abreise rüsten — erfolgt die
318 1469 1266 1519 in kleinerer Stadt bei Wien ein flores Offizierkorps,
201 1402 287 1546 -
2285 1486 3213 1543 genügt, Kräfte zu engagiren: sie zu leiten und zu lenken
1306 1495 2232 1548 Begegnung. Noch eine Aufforderung von Seiten des
318 1510 1266 1565 untermischt mit leichtlebigem und ernstem Element, in
211 1517 292 1565 also
2270 1531 2639 1593 ist die größere Kunst¬
340 1538 2232 1598 seinen Reihen ein schneidiger, dem Spiele und der Liebe Offiziers: Roenning, wollen Sie sich mit mir schlagen
206 1560 287 1610 offen
2354 1538 3218 1613 Leute verschiedenster Anschauung begegneten sich
1306 1574 2237 1641 Und ein hartes „Nein“ vom Gegner. Da kracht ein
333 1589 1266 1636 huldigender Oberlieutenant, mit hartem Kopf in all
203 1598 294 1651 thur
2278 1608 3213 1656 im Beifalle. Was wir zu tadeln hätten, wäre nur
1297 1615 2251 1663 Schuß. Roenning ist todt. Anna aber, die in die
333 1625 1268 1677 seinen Wünschen, von seiner Ehre Alles, vom Weibe
2270 1644 3213 1703 Eines: daß unsere Verhältnisse, unsere Zeitmoral,
328 1648 2227 1713 besonders dem der Bühne in allen Gestalten, nichts Welt ziehen soll, hat nur eine — eine erschütternde¬
194 1665 287 1723 Beifall.
2270 1691 3220 1742 unsere Zeitzustände solche Episoden gebären, wie hier
1304 1701 1603 1763 Frage: „Wohin?
328 1708 1270 1754 haltend; da ist ein junges, in Ehrbarkeit erzogenes
199 1715 280 1763 der
2282 1720 3218 1773 uns eine geschildert wird, daß ein solches Vernichtungs¬
1376 1699 2237 1785 Das nur in groben Strichen der Thatbestand
328 1744 1261 1799 Mädchen, das um des Brodes willen zur Bühne gin¬
215 1756 297 1802 vor
2275 1763 3146 1833 urtheil geschrieben werden konnte und mußte.
1304 1761 2247 1823 des Stückes, das überreich ist an Charakteren
323 1780 1270 1833 und in einer sommerlichen „Schmiere" jene nied¬
191 1787 292 1842 rziger
1306 1811 2249 1864 und durchaus wahr in jedem kleinsten Zuge aus dem
328 1818 1270 1881 rige Theaterlust athmen soll, die ihre Selbstachtung
215 1833 301 1878 Und
323 1847 2247 1916 gefährdet; sie ist besser wie die Andern modernen Leben, niemals abstoßend durch absichtliche
201 1861 297 1919 blesse
2541 1857 2938 1947 Vermischtes.
1304 1888 2242 1938 Schlüpfrigkeiten, das aus dem Kreise des Offizier¬
194 1904 1273 1957 B. ein und darum wird sie verhöhnt, gehetzt,
1309 1924 2244 1986 standes wie aus jenem des Bürgerthums die
2364 1912 3225 1986 Das National=Gelübde in Frankreich. In
323 1940 1278 1991 als „unbrauchbar für die Anziehungskraft des
199 1950 292 2000 der
1306 1967 2244 2019 verschiedenwerthigsten Elemente vorführt und Licht und
2902 1969 3213 2031 dem die Sühne¬
323 1976 1270 2026 Theaters“, entlassen, falls sie, die der Kriti¬
2285 1959 2869 2031 Wiederholung des Gedankens,
191 1993 294 2041 ur es
1311 2005 2249 2060 Schatten richtig vertheilt. Bürgerthum, Soldatenthum
330 2019 1273 2072 gefiel, nicht mit der halben Gage oder der
2275 2019 3220 2074 Kapelle für die Hinrichtung Ludwigs XVI. in
189 2024 294 2098 lische
1950 2046 2237 2098 „Schmierenthum
1304 2053 1847 2105 und — eine köstliche Einlage!
330 2055 1273 2117 Freundschaft des „Direktors sich begnügen will; da
2287 2055 3218 2117 Paris ihre Entstehung verdankt, hat das katholische
1304 2084 2247 2141 mit ihren recht verschiedenen Ehrencodices greifen
330 2096 1261 2146 ist auch ein achtbarer Mann aus dem reichen Bürger
189 2081 294 2156 sie die
2285 2105 3220 2170 Frankreich zur Sühne für neuere Frevel auf Grund
1311 2129 2244 2201 ineinander und illustriren unsere Zeit mit verblüffenden
330 2134 1270 2184 stande, der das verlorene, verwaiste Mädchen im elter
194 2144 294 2196 ersetzt.
2282 2148 3227 2206 eines „National=Gelübdes" vom Jahre 1872 die
1311 2172 1476 2227 Wahrheit
333 2177 1270 2223 lichen Hause einst kennen lernte und nun ohne jede
189 2189 294 2239 rum
2282 2192 3218 2244 Basilika auf dem Montmatre im nördlichen
1383 2180 2247 2256 Nach Tagen eines närrischen Zustandes, unwürdig
330 2213 1273 2263 Nebenabsicht, aber mit warmer Theilnahme ihren Flug
189 2227 301 2273 ehrere
2282 2237 3216 2292 Paris erbaut. Am 17. Januar sind seit dem Ge¬
1309 2242 2254 2299 einer Bühne, die der Kunst und nicht dem Sinnen¬
323 2263 1273 2302 ins Leben verfolgt. Dieses reine Mädchen glaubt der
187 2263 292 2314 Frage
1311 2282 2251 2335 rausch der Karnevalsorgien dienen soll, hat gestern das
2282 2275 3220 2337 lübde 25 Jahre verflossen und nun ladet der
330 2292 1273 2345 Offizier mürbe zu machen, dieses will er zum Spiel¬
184 2304 294 2347 dinä=
1316 2318 2249 2373 Deutsche Theater einen in seiner Geschichte beispiel¬
2285 2318 3218 2383 Kardinal=Erzbischof von Paris die französischen
330 2330 1275 2400 zeuge wie so viele anderen — und hier prallte
187 2342 299 2395 pricht,
1309 2357 2247 2414 losen Erfolg gehabt. Das Stück und die gan¬
2282 2369 3225 2431 Katholiken zur Erneuerung desselben ein. Es ist
330 2369 1278 2419 ab. Und den in einem Cafegarten anwesenden, über
1306 2397 2251 2457 vorzügliche Aufführung wurden mehrmals mit nicht
342 2409 1275 2464 seine verdemüthigte Wiederkehr von der verschlossenen Thür
2285 2412 3220 2469 hier nicht der Ort, die stilistische Form zu beur¬
191 2421 299 2471 allein
333 2433 2244 2507 der Künstlerin lächelnden Freund des Mädchens fordert er endenwollendem Beifall aufgenommen. In der Auf¬
201 2462 299 2507 will,
2285 2455 3223 2517 theilen, in welcher das Gelübde durch die Mont¬
1318 2476 2254 2529 führung offenbarte sich eine gefestigte Kunstanschauung.
333 2488 1278 2536 mit heftigem Wort heraus und nennt das um ihre
203 2498 299 2548 Fall¬
2285 2498 3220 2558 martre-Kirche gelöst wurde — die Urtheile darüber
1311 2517 2249 2567 Wir fühlten Herrn Victor Naumanns Verständniß
335 2526 1282 2579 sittliche Achtung kämpfende Weib mit einem gemeinen
194 2543 306 2591 ihren
2294 2541 3225 2603 sind sehr verschieden —, es kommt nur darauf an,
1316 2553 2249 2610 heraus. Die Regie des Herrn Stolberg funktionirte
335 2570 1282 2620 Namen. Da wird der erregte Civilist thätlich — und
189 2579 299 2632 gefühl
2294 2584 3220 2653 festzustellen, daß eine neue große katholische Kund¬
1318 2591 2254 2648 wie am Schnürchen. Von den Darstellern erregte in
340 2598 1282 2658 die Katastrophe ist gegeben. Es kommt zur Forderung;
215 2617 299 2668 sehr
2292 2627 3225 2694 gebung in einem Theile des Seinebabels stattfinder,
1318 2634 2256 2684 der Rolle der Anna als Debutantin Fräulein Anna
333 2648 1275 2699 der Civilist nimmt sie nicht an, er will die Züchtig¬
215 2658 304 2704 rede¬
1316 2670 2249 2727 Behrens besonderes Interesse. Die Dame bring
2285 2670 3225 2737 da seine Bevölkerung noch mit zu den gottentfremdetsten
187 2670 1280 2766 marktung, die er einem solchen Schänder weiblicher Ehr¬
1318 2708 2256 2787 von Leipzig und Kassel Routine mit, die nie versagt.
2292 2720 3230 2782 gehört. Nach Departements und durch Gruppen
335 2725 1278 2778 angethan, das bleiben lassen, was sie ist. Und Anna
1313 2749 2259 2804 Aber sie ist auch eine ganze Künstlerin, sie hat Seele.
2292 2761 3227 2821 der verschiedenen Stände will man am 17. d. das
340 2763 1282 2816 die Schauspielerin, kann seiner Liebe ihre Liebe
189 2749 306 2828 Ehren¬
1323 2790 2256 2840 Ein starkes Talent, eine bescheidene Künstlerin. Sie
333 2799 1282 2864 nimmer verbergen. Sie thut Alles, um ein Duell zu
2287 2802 3230 2861 katholische Frankreich auf dem Montmatre vertreten
184 2811 306 2864 an der
1328 2826 2249 2883 spielte vortrefflich. Herr Schmidt-Häßler als de
342 2852 1282 2895 vermeiden. Sie will mit dem Geliebten fort als seine
2285 2845 3225 2914 lassen; an diesem Tage liest der Kardinal=Erzbischof
187 2852 304 2907 Censur
1323 2871 2254 2921 kritische Held des Stückes, als Oberlieutenant
340 2878 1290 2945 Braut — zum Leidwesen der Schmiere, für die sie jetzt
213 2897 306 2945 durch
2292 2890 3230 2950 eine Messe, verbunden mit feierlichen, natürlich, da
1309 2907 2249 2962 Karinski, war wieder ganz an seinem Platze. Mar
342 2921 1285 2981 eine „Zugkraft“ wäre... Beide wollen fort. Doch
189 2921 306 2986 Ehren¬
2287 2926 3230 2998 wir in Frankreich sind, absolut inoffiziellen Gebeten,
1323 2945 2256 3000 lernte ihn von einer neuen Seite kennen. Und einen
345 2962 1287 3017 nun beginnt die Hetze gegen Paul Roenning — der
187 2976 311 3024 ternde
2299 2979 3223 3048 für den Wiederzusammentritt der Kammern. Nach¬
1330 2983 2249 3046 sehr glücklichen Abend hatte Herr von Lenor, de
345 3003 1282 3048 Civilist wird zum Freiwild. Allen Vorstellungen zum
189 3015 313 3065 so sein
2292 3019 3225 3086 mittags findet dann um halb 3 Uhr in der
1323 3024 2254 3079 nicht nur prächtig spielte, der überzeugte: ein
345 3041 1282 3098 Trotze, nichtachtend die ergreifenden Darlegungen der
1323 3060 2247 3120 Offizier von Ehre, Gefühl, Herz. Und flott und fei¬
2287 3060 3232 3149 genannten Kirche die Erneuerung des National¬
342 3077 1292 3134 als Kartellträger fungirenden, endlich als Mensch zum
177 3065 313 3163 Platze
1330 3103 2251 3158 gab Herr Kirsch den Husarenlieutenant: für solch
2287 3115 2565 3189 Gelübdes statt.
345 3115 1282 3175 Menschen redenden und die Ehrenfrage zur Daseins¬
1321 3139 2259 3194 Rollen ist er geschaffen mit Gestalt, Spiel und Organ,
2376 3141 3232 3211 Englisch als Weltsprache. Der Londoner
354 3160 1287 3213 frage erhebenden Offiziers Rohnstedt, verweiger
187 3062 311 3220 .
1323 3180 2256 3239 Die bedeutungsvolle Gestalt des Paul Roenning
345 3196 1287 3256 Rönning auch selbst die Schein=Satisfaktion.
182 3208 316 3271 enntniß
1321 3196 3235 3316 verkörperte Herr Pablau in einer so vollendeten Professor Mahaffy plaidirt in der letzten Nummer
342 3237 1292 3299 Er will keine Komödie, ihn kümmert die Existenz und
340 3450 608 3649 16
