<?xml version="1.0" encoding="UTF-8" standalone="yes"?>
<PcGts xmlns="http://schema.primaresearch.org/PAGE/gts/pagecontent/2013-07-15" xmlns:xsi="http://www.w3.org/2001/XMLSchema-instance" xsi:schemaLocation="http://schema.primaresearch.org/PAGE/gts/pagecontent/2013-07-15 http://schema.primaresearch.org/PAGE/gts/pagecontent/2013-07-15/pagecontent.xsd">
    <Metadata>
        <Creator>prov=READ-COOP:name=PyLaia@TranskribusPlatform:version=2.12.1:model_id=39995:lm=provided:date=28_03_2024_21:32</Creator>
        <Created>2019-10-07T11:47:19.344+02:00</Created>
        <LastChange>2024-03-28T21:32:18.897+01:00</LastChange>
        <TranskribusMetadata docId="223990" pageId="9503971" pageNr="108" tsid="156390182" status="IN_PROGRESS" userId="40391" imgUrl="https://files.transkribus.eu/Get?id=AGSAVDVYSDMWZMEQPDXGHMCT&amp;fileType=view" xmlUrl="https://files.transkribus.eu/Get?id=ZGQJWLPHJISWAQNMCTRFRVTN" imageId="6194185"/>
    </Metadata>
    <Page imageFilename="223990_0108.jpeg" imageWidth="3436" imageHeight="4448">
        <ReadingOrder>
            <OrderedGroup id="ro_1712662607771" caption="Regions reading order">
                <RegionRefIndexed index="0" regionRef="tr_1"/>
            </OrderedGroup>
        </ReadingOrder>
        <TextRegion orientation="0.0" id="tr_1" custom="readingOrder {index:0;}">
            <Coords points="161,248 161,3245 3304,3245 3304,248"/>
            <TextLine id="tr_1_tl_1" custom="readingOrder {index:0;}">
                <Coords points="147,279 288,308 708,296 706,212 471,203 381,231 339,209 274,229 203,206 147,229"/>
                <Baseline points="161,268 188,270 216,271 244,271 272,271 299,271 327,273 355,274 383,274 410,276 438,277 466,277 494,278 521,280 549,280 577,280 605,280 632,278 660,277 688,277 716,274"/>
                <TextEquiv>
                    <Unicode>8. Freiwild</Unicode>
                </TextEquiv>
            </TextLine>
            <TextLine id="tr_1_tl_2" custom="readingOrder {index:1;}">
                <Coords points="819,274 886,299 951,285 977,310 1135,294 1180,313 1202,294 1259,308 1256,200 1214,198 1197,217 1137,200 816,223"/>
                <Baseline points="835,271 860,273 885,274 910,276 936,278 961,279 986,280 1012,280 1037,280 1062,280 1087,282 1113,283 1138,283 1163,283 1189,283 1214,283 1239,283 1265,283"/>
                <TextEquiv>
                    <Unicode>box 14/2</Unicode>
                </TextEquiv>
            </TextLine>
            <TextLine id="tr_1_tl_3" custom="readingOrder {index:2;}">
                <Coords points="1595,1363 2715,1372 2693,1287 1595,1327"/>
                <Baseline points="1609,1355 1664,1359 1720,1361 1775,1361 1831,1361 1887,1361 1942,1361 1998,1361 2054,1364 2109,1362 2165,1364 2221,1362 2276,1364 2332,1364 2388,1364 2443,1364 2499,1364 2555,1364 2610,1364 2666,1364 2722,1364"/>
                <TextEquiv>
                    <Unicode>Abend zu verbringen gedachte, sieht sich durch die Laune</Unicode>
                </TextEquiv>
            </TextLine>
            <TextLine id="tr_1_tl_4" custom="readingOrder {index:3;}">
                <Coords points="2749,1369 2916,1372 2935,1389 3000,1369 3029,1389 3045,1375 3218,1391 3297,1375 3297,1332 2952,1327 2913,1341 2856,1304 2749,1301"/>
                <Baseline points="2764,1364 2790,1366 2817,1367 2844,1367 2871,1367 2898,1367 2925,1367 2951,1367 2978,1367 3005,1368 3032,1370 3059,1370 3086,1370 3113,1370 3139,1370 3166,1370 3193,1370 3220,1370 3247,1370 3274,1370 3301,1370"/>
                <TextEquiv>
                    <Unicode>Karinski über Frauen Riedel</Unicode>
                </TextEquiv>
            </TextLine>
            <TextLine id="tr_1_tl_5" custom="readingOrder {index:4;}">
                <Coords points="1586,1420 2704,1420 2704,1372 2597,1360 1586,1369"/>
                <Baseline points="1603,1403 1658,1403 1713,1403 1769,1403 1824,1403 1879,1403 1935,1403 1990,1405 2045,1403 2101,1403 2156,1405 2211,1405 2267,1403 2322,1406 2377,1406 2433,1406 2488,1408 2543,1406 2599,1409 2654,1409 2710,1409"/>
                <TextEquiv>
                    <Unicode>seiner uniformirten Nachbarschaft dem schwersten Conflic</Unicode>
                </TextEquiv>
            </TextLine>
            <TextLine id="tr_1_tl_6" custom="readingOrder {index:5;}">
                <Coords points="2743,1414 3291,1417 3291,1377 3223,1394 3181,1372 3023,1386 3003,1369 2743,1366"/>
                <Baseline points="2758,1409 2784,1409 2811,1409 2838,1409 2865,1409 2892,1409 2919,1411 2945,1412 2972,1412 2999,1412 3026,1412 3053,1412 3080,1412 3107,1412 3133,1412 3160,1412 3187,1412 3214,1413 3241,1414 3268,1414 3295,1412"/>
                <TextEquiv>
                    <Unicode>lieutenant mit der Hand in</Unicode>
                </TextEquiv>
            </TextLine>
            <TextLine id="tr_1_tl_7" custom="readingOrder {index:6;}">
                <Coords points="723,1451 779,1462 855,1434 1002,1465 1033,1439 1058,1459 1202,1442 1270,1459 1270,1375 1222,1363 1200,1377 926,1355 886,1375 779,1360 723,1377"/>
                <Baseline points="737,1435 764,1430 791,1429 818,1427 845,1426 872,1426 899,1426 926,1426 953,1426 980,1425 1007,1423 1034,1423 1061,1423 1088,1423 1115,1423 1142,1423 1169,1423 1196,1423 1223,1423 1250,1423 1277,1423"/>
                <TextEquiv>
                    <Unicode>Feuilleton.</Unicode>
                </TextEquiv>
            </TextLine>
            <TextLine id="tr_1_tl_8" custom="readingOrder {index:7;}">
                <Coords points="1598,1456 2710,1465 2710,1420 2648,1411 1598,1411"/>
                <Baseline points="1612,1447 1667,1446 1722,1444 1777,1444 1832,1444 1888,1444 1943,1444 1998,1444 2053,1447 2108,1444 2164,1446 2219,1446 2274,1445 2329,1447 2384,1447 2440,1447 2495,1447 2550,1447 2605,1448 2660,1450 2716,1453"/>
                <TextEquiv>
                    <Unicode>gegenüber. Ist er Einer, der sich schlägt, dann kann er kurz</Unicode>
                </TextEquiv>
            </TextLine>
            <TextLine id="tr_1_tl_9" custom="readingOrder {index:8;}">
                <Coords points="2741,1448 2865,1468 2879,1454 3074,1473 3288,1462 3288,1414 2741,1414"/>
                <Baseline points="2755,1447 2781,1449 2808,1451 2835,1452 2862,1453 2889,1453 2916,1453 2942,1453 2969,1453 2996,1453 3023,1453 3050,1455 3077,1455 3104,1454 3130,1454 3157,1456 3184,1454 3211,1454 3238,1455 3265,1455 3292,1453"/>
                <TextEquiv>
                    <Unicode>Schrei fährt der geprügelte O</Unicode>
                </TextEquiv>
            </TextLine>
            <TextLine id="tr_1_tl_10" custom="readingOrder {index:9;}">
                <Coords points="1598,1490 2710,1507 2710,1462 2636,1451 1598,1456"/>
                <Baseline points="1612,1486 1667,1487 1722,1488 1777,1486 1832,1489 1888,1486 1943,1486 1998,1486 2053,1486 2108,1486 2164,1486 2219,1486 2274,1488 2329,1486 2384,1489 2440,1489 2495,1491 2550,1489 2605,1492 2660,1492 2716,1495"/>
                <TextEquiv>
                    <Unicode>weg fordern, dann hat er aber von seiner Abendunterhaltung</Unicode>
                </TextEquiv>
            </TextLine>
            <TextLine id="tr_1_tl_11" custom="readingOrder {index:10;}">
                <Coords points="2749,1504 3288,1510 3288,1462 3074,1473 2983,1454 2966,1468 2749,1454"/>
                <Baseline points="2764,1492 2790,1492 2817,1492 2843,1492 2870,1493 2896,1495 2923,1495 2949,1495 2976,1495 3002,1495 3029,1495 3056,1495 3082,1495 3109,1495 3135,1496 3162,1498 3188,1498 3215,1498 3241,1496 3268,1495 3295,1495"/>
                <TextEquiv>
                    <Unicode>Säbel fehlt, denn man ist auf</Unicode>
                </TextEquiv>
            </TextLine>
            <TextLine id="tr_1_tl_12" custom="readingOrder {index:11;}">
                <Coords points="1598,1544 2712,1538 2546,1493 1598,1493"/>
                <Baseline points="1612,1531 1667,1529 1722,1531 1778,1529 1833,1528 1888,1529 1944,1531 1999,1531 2054,1528 2110,1531 2165,1530 2220,1530 2276,1531 2331,1531 2386,1531 2442,1531 2497,1531 2552,1534 2608,1534 2663,1534 2719,1531"/>
                <TextEquiv>
                    <Unicode>die große Aufregung mit nach Hause genommen und die an¬</Unicode>
                </TextEquiv>
            </TextLine>
            <TextLine id="tr_1_tl_13" custom="readingOrder {index:12;}">
                <Coords points="2743,1547 3088,1538 3226,1558 3297,1544 3297,1510 3232,1499 2743,1507"/>
                <Baseline points="2758,1537 2785,1537 2812,1536 2839,1535 2867,1534 2894,1534 2921,1536 2949,1537 2976,1537 3003,1537 3031,1537 3058,1537 3085,1537 3112,1537 3140,1537 3167,1537 3194,1539 3222,1540 3249,1540 3276,1538 3304,1537"/>
                <TextEquiv>
                    <Unicode>gehen mit leichten Spazierstöck</Unicode>
                </TextEquiv>
            </TextLine>
            <TextLine id="tr_1_tl_14" custom="readingOrder {index:13;}">
                <Coords points="1595,1586 2707,1583 2707,1541 2648,1535 1595,1547"/>
                <Baseline points="1609,1573 1664,1573 1719,1573 1774,1571 1829,1573 1884,1573 1939,1573 1994,1573 2049,1573 2104,1573 2159,1571 2214,1573 2269,1573 2324,1573 2379,1573 2434,1573 2489,1575 2544,1573 2599,1576 2654,1576 2710,1576"/>
                <TextEquiv>
                    <Unicode>genehme Aussicht, in den nächsten achtundvierzig Stunden</Unicode>
                </TextEquiv>
            </TextLine>
            <TextLine id="tr_1_tl_15" custom="readingOrder {index:14;}">
                <Coords points="2732,1578 3189,1595 3218,1589 3215,1547 2729,1547"/>
                <Baseline points="2749,1576 2774,1578 2799,1579 2824,1577 2849,1576 2874,1576 2899,1577 2924,1579 2949,1578 2974,1576 2999,1578 3024,1579 3049,1579 3074,1579 3099,1579 3124,1579 3149,1579 3174,1580 3199,1582 3224,1579"/>
                <TextEquiv>
                    <Unicode>tritt schließt der erste Act.</Unicode>
                </TextEquiv>
            </TextLine>
            <TextLine id="tr_1_tl_16" custom="readingOrder {index:15;}">
                <Coords points="855,1600 886,1592 926,1623 977,1600 988,1612 1039,1614 1137,1598 1143,1521 1112,1521 1098,1504 1050,1516 1025,1499 994,1516 937,1493 861,1507"/>
                <Baseline points="871,1591 896,1587 921,1585 946,1582 971,1579 996,1577 1021,1576 1046,1576 1071,1575 1096,1573 1121,1572 1146,1570"/>
                <TextEquiv>
                    <Unicode>„Freiwild.</Unicode>
                </TextEquiv>
            </TextLine>
            <TextLine id="tr_1_tl_17" custom="readingOrder {index:16;}">
                <Coords points="1586,1614 2707,1631 2707,1581 2670,1578 1586,1589"/>
                <Baseline points="1603,1612 1658,1615 1714,1615 1769,1615 1825,1615 1880,1615 1936,1616 1991,1616 2047,1612 2102,1615 2158,1615 2213,1615 2269,1615 2324,1615 2380,1615 2435,1616 2491,1617 2546,1615 2602,1618 2657,1620 2713,1620"/>
                <TextEquiv>
                    <Unicode>mehr oder minder schwer verwundet zu werden. Will er sich</Unicode>
                </TextEquiv>
            </TextLine>
            <TextLine id="tr_1_tl_18" custom="readingOrder {index:17;}">
                <Coords points="2746,1640 2842,1623 2930,1640 3206,1626 3283,1648 3280,1595 3232,1581 3079,1600 2972,1578 2746,1586"/>
                <Baseline points="2761,1620 2787,1620 2813,1620 2839,1620 2866,1620 2892,1620 2918,1620 2944,1620 2971,1620 2997,1620 3023,1620 3049,1620 3076,1620 3102,1622 3128,1623 3154,1623 3181,1623 3207,1623 3233,1623 3259,1623 3286,1623"/>
                <TextEquiv>
                    <Unicode>die Secundanten Karskis</Unicode>
                </TextEquiv>
            </TextLine>
            <TextLine id="tr_1_tl_19" custom="readingOrder {index:18;}">
                <Coords points="1598,1662 2704,1665 2653,1623 1598,1623"/>
                <Baseline points="1612,1656 1666,1656 1721,1656 1776,1656 1831,1656 1886,1656 1941,1656 1996,1656 2051,1656 2106,1656 2161,1656 2215,1656 2270,1656 2325,1656 2380,1656 2435,1657 2490,1659 2545,1659 2600,1659 2655,1660 2710,1662"/>
                <TextEquiv>
                    <Unicode>nicht duelliren oder kann er das, sei es aus körperlichen oder</Unicode>
                </TextEquiv>
            </TextLine>
            <TextLine id="tr_1_tl_20" custom="readingOrder {index:19;}">
                <Coords points="429,1688 1550,1679 1521,1595 934,1634 858,1589 751,1626 429,1592"/>
                <Baseline points="444,1665 499,1663 555,1665 611,1662 666,1665 722,1665 778,1665 833,1665 889,1665 945,1662 1001,1660 1056,1661 1112,1662 1168,1659 1223,1659 1279,1661 1335,1662 1390,1659 1446,1657 1502,1658 1558,1659"/>
                <TextEquiv>
                    <Unicode>Original-Feuilleton der „Wr. Allg. Zeitung</Unicode>
                </TextEquiv>
            </TextLine>
            <TextLine id="tr_1_tl_21" custom="readingOrder {index:20;}">
                <Coords points="2746,1665 3096,1668 3122,1691 3297,1674 3297,1629 3099,1623 3079,1643 2868,1623 2746,1640"/>
                <Baseline points="2761,1662 2788,1662 2815,1662 2842,1662 2869,1662 2896,1662 2923,1662 2951,1662 2978,1662 3005,1662 3032,1662 3059,1662 3086,1663 3113,1665 3141,1665 3168,1665 3195,1665 3222,1665 3249,1665 3276,1663 3304,1662"/>
                <TextEquiv>
                    <Unicode>sich nicht. Seine Freunde k.</Unicode>
                </TextEquiv>
            </TextLine>
            <TextLine id="tr_1_tl_22" custom="readingOrder {index:21;}">
                <Coords points="1598,1708 2704,1713 2676,1662 1598,1662"/>
                <Baseline points="1612,1698 1666,1698 1721,1698 1776,1698 1831,1698 1886,1698 1941,1698 1996,1698 2051,1698 2106,1698 2161,1699 2215,1700 2270,1698 2325,1698 2380,1701 2435,1701 2490,1703 2545,1704 2600,1704 2655,1703 2710,1698"/>
                <TextEquiv>
                    <Unicode>principiellen Gründen nicht thun, dann ist ihm sein gemüth¬</Unicode>
                </TextEquiv>
            </TextLine>
            <TextLine id="tr_1_tl_23" custom="readingOrder {index:22;}">
                <Coords points="2743,1710 3294,1716 3294,1674 3266,1668 2882,1682 2839,1662 2800,1677 2743,1665"/>
                <Baseline points="2758,1704 2785,1704 2812,1704 2839,1704 2866,1704 2893,1704 2920,1706 2948,1706 2975,1704 3002,1704 3029,1704 3056,1706 3083,1707 3110,1707 3138,1706 3165,1704 3192,1706 3219,1707 3246,1707 3273,1707 3301,1707"/>
                <TextEquiv>
                    <Unicode>Dienste an, er dankt, er brauch</Unicode>
                </TextEquiv>
            </TextLine>
            <TextLine id="tr_1_tl_24" custom="readingOrder {index:23;}">
                <Coords points="996,1725 1225,1730 1248,1747 1431,1716 1524,1736 1524,1677 1479,1665 1191,1685 1112,1668 1056,1693 996,1671"/>
                <Baseline points="1011,1716 1037,1716 1063,1716 1089,1718 1115,1719 1141,1719 1167,1719 1193,1719 1219,1717 1245,1716 1271,1716 1297,1716 1323,1716 1349,1716 1375,1716 1401,1714 1427,1713 1453,1713 1479,1712 1505,1710 1531,1716"/>
                <TextEquiv>
                    <Unicode>Berlin, 4. November 1896.</Unicode>
                </TextEquiv>
            </TextLine>
            <TextLine id="tr_1_tl_25" custom="readingOrder {index:24;}">
                <Coords points="1595,1750 2707,1758 2707,1710 2484,1699 1595,1708"/>
                <Baseline points="1609,1740 1664,1740 1719,1741 1774,1743 1829,1740 1884,1740 1939,1742 1994,1740 2049,1740 2104,1740 2159,1741 2214,1743 2269,1741 2324,1743 2379,1742 2434,1741 2489,1743 2544,1743 2599,1743 2654,1746 2710,1743"/>
                <TextEquiv>
                    <Unicode>licher Abend erst recht verdorben, denn dann bleibt nichts</Unicode>
                </TextEquiv>
            </TextLine>
            <TextLine id="tr_1_tl_26" custom="readingOrder {index:25;}">
                <Coords points="2743,1750 3291,1756 3291,1713 2743,1710"/>
                <Baseline points="2758,1746 2784,1746 2811,1746 2838,1746 2865,1746 2892,1746 2919,1746 2945,1746 2972,1746 2999,1747 3026,1749 3053,1749 3080,1749 3107,1749 3133,1749 3160,1749 3187,1749 3214,1749 3241,1749 3268,1749 3295,1749"/>
                <TextEquiv>
                    <Unicode>keine Lust hat, sich todtschießen</Unicode>
                </TextEquiv>
            </TextLine>
            <TextLine id="tr_1_tl_27" custom="readingOrder {index:26;}">
                <Coords points="519,1792 1471,1812 1555,1784 1555,1736 1428,1716 1248,1747 519,1725"/>
                <Baseline points="534,1782 585,1785 636,1785 688,1785 739,1785 790,1785 842,1785 893,1785 944,1785 996,1784 1047,1782 1098,1782 1150,1782 1201,1785 1252,1782 1304,1782 1355,1782 1406,1782 1458,1780 1509,1779 1561,1782"/>
                <TextEquiv>
                    <Unicode>Der Officier, den ein Civilist beleidigt, zieht den Säbel,</Unicode>
                </TextEquiv>
            </TextLine>
            <TextLine id="tr_1_tl_28" custom="readingOrder {index:27;}">
                <Coords points="1595,1795 2707,1792 2707,1756 2591,1741 1595,1747"/>
                <Baseline points="1609,1782 1664,1783 1719,1784 1774,1782 1829,1782 1885,1782 1940,1783 1995,1785 2050,1782 2105,1785 2161,1785 2216,1783 2271,1782 2326,1782 2381,1785 2437,1785 2492,1787 2547,1785 2602,1788 2657,1788 2713,1788"/>
                <TextEquiv>
                    <Unicode>übrig, als die demüthigende Provocation hinzunehmen, wenn</Unicode>
                </TextEquiv>
            </TextLine>
            <TextLine id="tr_1_tl_29" custom="readingOrder {index:28;}">
                <Coords points="2738,1795 2981,1809 3294,1795 3294,1756 2814,1761 2738,1744"/>
                <Baseline points="2752,1788 2779,1790 2806,1790 2834,1788 2861,1788 2889,1788 2916,1790 2944,1790 2971,1788 2999,1790 3026,1791 3053,1791 3081,1791 3108,1791 3136,1791 3163,1791 3191,1791 3218,1791 3246,1791 3273,1793 3301,1794"/>
                <TextEquiv>
                    <Unicode>Kamerad Karinskis noch ein</Unicode>
                </TextEquiv>
            </TextLine>
            <TextLine id="tr_1_tl_30" custom="readingOrder {index:29;}">
                <Coords points="443,1837 1555,1826 1555,1784 443,1784"/>
                <Baseline points="459,1829 514,1826 569,1829 624,1826 679,1826 734,1826 789,1826 844,1826 899,1826 954,1826 1010,1826 1065,1826 1120,1823 1175,1823 1230,1823 1285,1823 1340,1823 1395,1825 1450,1823 1505,1823 1561,1823"/>
                <TextEquiv>
                    <Unicode>schlägt ihn seinem bürgerlichen Gegner um die Ohren, und</Unicode>
                </TextEquiv>
            </TextLine>
            <TextLine id="tr_1_tl_31" custom="readingOrder {index:30;}">
                <Coords points="1595,1832 2707,1843 2707,1792 2608,1787 1595,1795"/>
                <Baseline points="1609,1826 1664,1824 1719,1826 1774,1826 1829,1826 1884,1826 1939,1826 1994,1828 2049,1826 2104,1826 2159,1828 2214,1826 2269,1826 2324,1826 2379,1829 2434,1828 2489,1826 2544,1829 2599,1829 2654,1829 2710,1829"/>
                <TextEquiv>
                    <Unicode>er nicht riskiren will, sofort zu Boden gefabelt und mit</Unicode>
                </TextEquiv>
            </TextLine>
            <TextLine id="tr_1_tl_32" custom="readingOrder {index:31;}">
                <Coords points="2743,1835 3277,1846 3277,1804 3209,1792 3189,1806 3113,1789 3051,1804 2743,1795"/>
                <Baseline points="2758,1829 2784,1829 2810,1829 2836,1829 2863,1829 2889,1829 2915,1831 2941,1832 2968,1832 2994,1832 3020,1832 3046,1832 3073,1832 3099,1832 3125,1832 3151,1832 3178,1832 3204,1832 3230,1832 3256,1833 3283,1835"/>
                <TextEquiv>
                    <Unicode>Paul reden; als Officier dar¬</Unicode>
                </TextEquiv>
            </TextLine>
            <TextLine id="tr_1_tl_33" custom="readingOrder {index:32;}">
                <Coords points="435,1874 1561,1874 1541,1826 435,1832"/>
                <Baseline points="450,1868 505,1868 561,1868 617,1868 672,1868 728,1865 784,1867 839,1868 895,1868 951,1867 1007,1867 1062,1866 1118,1865 1174,1865 1229,1867 1285,1868 1341,1868 1396,1867 1452,1865 1508,1863 1564,1862"/>
                <TextEquiv>
                    <Unicode>die Sache ist — abgesehen von dem bischen Lärm, den die</Unicode>
                </TextEquiv>
            </TextLine>
            <TextLine id="tr_1_tl_34" custom="readingOrder {index:33;}">
                <Coords points="1595,1874 2707,1880 2707,1843 2648,1832 1595,1832"/>
                <Baseline points="1609,1865 1664,1868 1719,1868 1774,1868 1829,1868 1884,1868 1939,1868 1994,1866 2049,1868 2104,1868 2159,1871 2214,1869 2269,1868 2324,1871 2379,1871 2434,1871 2489,1871 2544,1871 2599,1871 2654,1871 2710,1868"/>
                <TextEquiv>
                    <Unicode>blutendem Schädel davon getragen zu werden. Wenn</Unicode>
                </TextEquiv>
            </TextLine>
            <TextLine id="tr_1_tl_35" custom="readingOrder {index:34;}">
                <Coords points="2732,1885 3288,1885 3285,1849 3212,1837 2876,1846 2729,1829"/>
                <Baseline points="2749,1868 2776,1870 2803,1871 2830,1871 2858,1871 2885,1871 2912,1873 2940,1874 2967,1874 2994,1874 3022,1874 3049,1874 3076,1874 3103,1874 3131,1874 3158,1874 3185,1874 3213,1875 3240,1877 3267,1877 3295,1874"/>
                <TextEquiv>
                    <Unicode>bittet den jungen Maler daru</Unicode>
                </TextEquiv>
            </TextLine>
            <TextLine id="tr_1_tl_36" custom="readingOrder {index:35;}">
                <Coords points="449,1919 1561,1919 1561,1874 1507,1866 449,1874"/>
                <Baseline points="465,1913 522,1911 580,1910 638,1910 696,1910 754,1910 812,1909 869,1908 927,1912 985,1910 1043,1911 1101,1911 1159,1910 1216,1910 1274,1910 1332,1910 1390,1907 1448,1908 1506,1908 1564,1904"/>
                <TextEquiv>
                    <Unicode>Zeitungen machen — vollständig erledigt. Ist aber der</Unicode>
                </TextEquiv>
            </TextLine>
            <TextLine id="tr_1_tl_37" custom="readingOrder {index:36;}">
                <Coords points="1600,1914 2712,1931 2712,1880 2600,1868 1600,1874"/>
                <Baseline points="1615,1907 1670,1910 1725,1910 1780,1910 1835,1910 1890,1910 1945,1910 2000,1908 2055,1910 2110,1910 2165,1912 2220,1910 2275,1910 2330,1913 2385,1912 2440,1910 2495,1912 2550,1913 2605,1913 2660,1913 2716,1913"/>
                <TextEquiv>
                    <Unicode>irgendwo die Klinge eines Officiers aus der Scheide</Unicode>
                </TextEquiv>
            </TextLine>
            <TextLine id="tr_1_tl_38" custom="readingOrder {index:37;}">
                <Coords points="2738,1922 3237,1936 3291,1922 3288,1883 3189,1871 3167,1888 2735,1880"/>
                <Baseline points="2752,1913 2779,1913 2806,1914 2833,1915 2861,1916 2888,1916 2915,1916 2943,1917 2970,1919 2997,1919 3025,1919 3052,1917 3079,1916 3106,1916 3134,1918 3161,1919 3188,1919 3216,1918 3243,1916 3270,1916 3298,1919"/>
                <TextEquiv>
                    <Unicode>Genugthuung zu geben, Karin</Unicode>
                </TextEquiv>
            </TextLine>
            <TextLine id="tr_1_tl_39" custom="readingOrder {index:38;}">
                <Coords points="446,1962 1558,1956 1558,1916 1493,1905 446,1922"/>
                <Baseline points="462,1952 519,1952 577,1955 635,1952 693,1954 751,1955 809,1952 866,1952 924,1952 982,1955 1040,1954 1098,1952 1156,1952 1213,1952 1271,1950 1329,1951 1387,1949 1445,1950 1503,1950 1561,1949"/>
                <TextEquiv>
                    <Unicode>Civilist vom Officier beleidigt, dann muß er seinen Zorn</Unicode>
                </TextEquiv>
            </TextLine>
            <TextLine id="tr_1_tl_40" custom="readingOrder {index:39;}">
                <Coords points="1598,1967 2710,1959 2687,1925 2473,1908 1598,1914"/>
                <Baseline points="1612,1955 1667,1952 1722,1952 1777,1952 1832,1952 1887,1952 1942,1952 1997,1952 2052,1952 2107,1953 2162,1955 2217,1952 2272,1952 2327,1954 2382,1954 2437,1955 2492,1955 2547,1954 2602,1954 2657,1955 2713,1952"/>
                <TextEquiv>
                    <Unicode>fliegt, um einen allzu temperamentvollen Bürger nieder¬</Unicode>
                </TextEquiv>
            </TextLine>
            <TextLine id="tr_1_tl_41" custom="readingOrder {index:40;}">
                <Coords points="2732,1984 2839,1959 3288,1964 3288,1925 3266,1922 3237,1936 2732,1922"/>
                <Baseline points="2749,1955 2776,1955 2803,1955 2830,1955 2858,1956 2885,1958 2912,1958 2940,1958 2967,1958 2994,1958 3022,1958 3049,1958 3076,1958 3103,1958 3131,1958 3158,1958 3185,1958 3213,1958 3240,1958 3267,1960 3295,1958"/>
                <TextEquiv>
                    <Unicode>wäre verloren, wenn dieser S.</Unicode>
                </TextEquiv>
            </TextLine>
            <TextLine id="tr_1_tl_42" custom="readingOrder {index:41;}">
                <Coords points="443,2004 1558,1996 1558,1959 1448,1953 443,1959"/>
                <Baseline points="459,1997 514,1994 569,1994 624,1994 680,1994 735,1994 790,1994 845,1994 901,1996 956,1994 1011,1994 1066,1994 1122,1994 1177,1994 1232,1994 1287,1996 1343,1994 1398,1993 1453,1993 1508,1992 1564,1988"/>
                <TextEquiv>
                    <Unicode>meistern, denn er steht der Uniform wassenlos gegenüber, er</Unicode>
                </TextEquiv>
            </TextLine>
            <TextLine id="tr_1_tl_43" custom="readingOrder {index:42;}">
                <Coords points="1586,2001 2546,2004 2506,1956 1586,1967"/>
                <Baseline points="1603,1994 1650,1994 1697,1994 1745,1994 1792,1991 1840,1989 1887,1994 1935,1994 1982,1994 2030,1994 2077,1994 2124,1995 2172,1997 2219,1997 2267,1997 2314,1999 2362,1998 2409,1997 2457,1994 2504,1994 2552,1991"/>
                <TextEquiv>
                    <Unicode>zustrecken — man nennt das ja wohl „züchtigen</Unicode>
                </TextEquiv>
            </TextLine>
            <TextLine id="tr_1_tl_44" custom="readingOrder {index:43;}">
                <Coords points="2605,2012 2625,2012 2636,2004 2710,2007 2710,1959 2693,1959 2679,1967 2670,1962 2642,1967 2631,1959 2605,1962"/>
                <Baseline points="2621,1997 2652,1997 2684,1997 2716,1997"/>
                <TextEquiv>
                    <Unicode>dann</Unicode>
                </TextEquiv>
            </TextLine>
            <TextLine id="tr_1_tl_45" custom="readingOrder {index:44;}">
                <Coords points="2752,2012 3294,2007 3294,1964 2995,1976 2981,1962 2800,1973 2752,1959"/>
                <Baseline points="2767,1997 2793,1997 2820,1997 2847,1997 2873,1998 2900,2000 2927,1998 2953,1997 2980,1999 3007,2000 3034,2000 3060,2000 3087,2000 3114,2000 3140,2000 3167,2000 3194,2000 3220,2000 3247,2000 3274,2000 3301,2000"/>
                <TextEquiv>
                    <Unicode>Paul beharrt auf seinem Entse</Unicode>
                </TextEquiv>
            </TextLine>
            <TextLine id="tr_1_tl_46" custom="readingOrder {index:45;}">
                <Coords points="443,2043 1558,2041 1541,1996 443,2007"/>
                <Baseline points="459,2038 514,2038 569,2038 624,2035 680,2038 735,2037 790,2037 845,2038 901,2037 956,2036 1011,2036 1066,2035 1122,2035 1177,2035 1232,2035 1287,2035 1343,2035 1398,2032 1453,2032 1508,2032 1564,2032"/>
                <TextEquiv>
                    <Unicode>muß seinem aufwallenden Temperament Gewalt anthun und</Unicode>
                </TextEquiv>
            </TextLine>
            <TextLine id="tr_1_tl_47" custom="readingOrder {index:46;}">
                <Coords points="1598,2043 2704,2049 2704,2004 2540,1990 1598,2001"/>
                <Baseline points="1612,2035 1666,2035 1721,2035 1776,2035 1831,2035 1886,2035 1941,2035 1996,2037 2051,2038 2106,2038 2161,2035 2215,2036 2270,2038 2325,2038 2380,2038 2435,2038 2490,2038 2545,2038 2600,2038 2655,2038 2710,2041"/>
                <TextEquiv>
                    <Unicode>fällt die öffentliche Meinung über den Einzelnen her, da man</Unicode>
                </TextEquiv>
            </TextLine>
            <TextLine id="tr_1_tl_48" custom="readingOrder {index:47;}">
                <Coords points="2732,2046 2808,2041 2865,2063 2885,2043 2933,2060 2952,2046 3294,2055 3294,2004 3085,2021 3068,2004 3006,2021 2964,2004 2732,2004"/>
                <Baseline points="2749,2038 2776,2038 2803,2039 2831,2041 2858,2041 2886,2041 2913,2041 2941,2041 2968,2041 2996,2041 3023,2041 3050,2041 3078,2041 3105,2041 3133,2043 3160,2043 3188,2042 3215,2041 3243,2041 3270,2043 3298,2044"/>
                <TextEquiv>
                    <Unicode>wie ein Bube, und ich hab' ih</Unicode>
                </TextEquiv>
            </TextLine>
            <TextLine id="tr_1_tl_49" custom="readingOrder {index:48;}">
                <Coords points="440,2083 1552,2086 1552,2043 1479,2038 440,2041"/>
                <Baseline points="456,2077 511,2078 566,2079 621,2079 676,2080 731,2080 786,2080 841,2080 896,2080 951,2080 1007,2079 1062,2079 1117,2078 1172,2080 1227,2077 1282,2078 1337,2078 1392,2077 1447,2077 1502,2074 1558,2077"/>
                <TextEquiv>
                    <Unicode>die Beschimpfung für den Augenblick wenigstens einstecken.</Unicode>
                </TextEquiv>
            </TextLine>
            <TextLine id="tr_1_tl_50" custom="readingOrder {index:49;}">
                <Coords points="1586,2083 2123,2120 2190,2083 3285,2100 3254,2043 1586,2038"/>
                <Baseline points="1603,2077 1687,2080 1771,2077 1856,2079 1940,2080 2025,2080 2109,2080 2194,2080 2278,2080 2363,2080 2447,2083 2531,2083 2616,2083 2700,2080 2785,2080 2869,2080 2954,2083 3038,2083 3123,2083 3207,2084 3292,2086"/>
                <TextEquiv>
                    <Unicode>doch gegen das Princip, welches den Säbel dirigirte, kräftige damit ist die Sache erledig</Unicode>
                </TextEquiv>
            </TextLine>
            <TextLine id="tr_1_tl_51" custom="readingOrder {index:50;}">
                <Coords points="435,2131 1550,2131 1550,2086 1389,2077 435,2086"/>
                <Baseline points="450,2122 505,2122 560,2120 616,2122 671,2122 727,2122 782,2122 837,2119 893,2122 948,2122 1004,2120 1059,2122 1114,2119 1170,2120 1225,2120 1281,2121 1336,2122 1391,2119 1447,2119 1502,2117 1558,2116"/>
                <TextEquiv>
                    <Unicode>Das ist aber das schwerste, und die jungen Leute des</Unicode>
                </TextEquiv>
            </TextLine>
            <TextLine id="tr_1_tl_52" custom="readingOrder {index:51;}">
                <Coords points="1586,2131 2021,2131 2021,2091 1996,2086 1928,2083 1908,2097 1829,2083 1764,2097 1688,2080 1586,2083"/>
                <Baseline points="1603,2119 1629,2119 1655,2120 1682,2121 1708,2122 1735,2122 1761,2122 1788,2122 1814,2122 1840,2122 1867,2122 1893,2122 1920,2122 1946,2122 1973,2122 1999,2122 2026,2122"/>
                <TextEquiv>
                    <Unicode>Stellung nehmen sollte.</Unicode>
                </TextEquiv>
            </TextLine>
            <TextLine id="tr_1_tl_53" custom="readingOrder {index:52;}">
                <Coords points="2732,2123 2825,2139 3288,2137 3288,2100 3260,2091 3045,2094 3023,2077 2964,2094 2938,2077 2902,2094 2856,2075 2828,2094 2732,2091"/>
                <Baseline points="2749,2119 2776,2121 2803,2122 2830,2122 2858,2122 2885,2122 2912,2124 2940,2125 2967,2125 2994,2125 3022,2125 3049,2125 3076,2125 3103,2125 3131,2127 3158,2128 3185,2128 3213,2128 3240,2128 3267,2128 3295,2125"/>
                <TextEquiv>
                    <Unicode>dringender, aber Paul entgegen</Unicode>
                </TextEquiv>
            </TextLine>
            <TextLine id="tr_1_tl_54" custom="readingOrder {index:53;}">
                <Coords points="435,2176 1547,2171 1547,2128 1499,2120 435,2131"/>
                <Baseline points="450,2164 505,2164 560,2163 615,2163 671,2164 726,2164 781,2164 836,2164 892,2164 947,2161 1002,2164 1057,2164 1113,2162 1168,2161 1223,2161 1278,2161 1334,2161 1389,2164 1444,2163 1499,2161 1555,2164"/>
                <TextEquiv>
                    <Unicode>civilen Standes, welche ja leicht in die Gelegenheit gerathen</Unicode>
                </TextEquiv>
            </TextLine>
            <TextLine id="tr_1_tl_55" custom="readingOrder {index:54;}">
                <Coords points="1665,2165 2707,2176 2707,2123 2520,2094 1665,2131"/>
                <Baseline points="1680,2161 1731,2161 1783,2161 1834,2161 1886,2161 1937,2163 1989,2164 2040,2164 2092,2164 2143,2163 2195,2162 2246,2164 2298,2162 2349,2164 2401,2167 2452,2167 2504,2167 2555,2169 2607,2170 2658,2167 2710,2161"/>
                <TextEquiv>
                    <Unicode>Das neue Schauspiel von Arthur Schnitzler „Frei¬</Unicode>
                </TextEquiv>
            </TextLine>
            <TextLine id="tr_1_tl_56" custom="readingOrder {index:55;}">
                <Coords points="2735,2185 2890,2168 3291,2179 3288,2148 3246,2134 3054,2125 2938,2142 2732,2123"/>
                <Baseline points="2749,2164 2776,2164 2803,2164 2830,2164 2858,2165 2885,2167 2912,2169 2940,2169 2967,2167 2994,2168 3022,2170 3049,2170 3076,2169 3103,2167 3131,2169 3158,2170 3185,2170 3213,2169 3240,2167 3267,2167 3295,2170"/>
                <TextEquiv>
                    <Unicode>nehmen, wie ich ihm keine ge¬</Unicode>
                </TextEquiv>
            </TextLine>
            <TextLine id="tr_1_tl_57" custom="readingOrder {index:56;}">
                <Coords points="437,2213 2707,2216 2707,2171 437,2176"/>
                <Baseline points="453,2209 565,2206 678,2206 791,2206 904,2206 1017,2206 1130,2204 1242,2206 1355,2206 1468,2203 1581,2203 1694,2204 1807,2203 1920,2206 2032,2206 2145,2206 2258,2206 2371,2208 2484,2206 2597,2207 2710,2203"/>
                <TextEquiv>
                    <Unicode>mit ihren militärischen Altersgenossen zu collidiren, haben wild", welches gestern im „Deutschen Theater" zum ersten¬</Unicode>
                </TextEquiv>
            </TextLine>
            <TextLine id="tr_1_tl_58" custom="readingOrder {index:57;}">
                <Coords points="2732,2207 3274,2224 3297,2218 3294,2179 2890,2168 2729,2185"/>
                <Baseline points="2749,2206 2776,2206 2804,2207 2832,2209 2860,2209 2887,2209 2915,2209 2943,2209 2971,2209 2998,2209 3026,2210 3054,2211 3082,2211 3109,2209 3137,2209 3165,2210 3193,2212 3220,2212 3248,2212 3276,2212 3304,2209"/>
                <TextEquiv>
                    <Unicode>andeutungsweise und voll tiefe</Unicode>
                </TextEquiv>
            </TextLine>
            <TextLine id="tr_1_tl_59" custom="readingOrder {index:58;}">
                <Coords points="435,2261 1561,2252 1519,2207 435,2213"/>
                <Baseline points="450,2250 505,2246 561,2246 617,2247 673,2247 729,2248 785,2248 840,2247 896,2247 952,2249 1008,2247 1064,2247 1120,2247 1176,2245 1231,2247 1287,2247 1343,2247 1399,2246 1455,2244 1511,2244 1567,2244"/>
                <TextEquiv>
                    <Unicode>sich oft schon die Frage vorgelegt: was fange ich an, wenn</Unicode>
                </TextEquiv>
            </TextLine>
            <TextLine id="tr_1_tl_60" custom="readingOrder {index:59;}">
                <Coords points="1589,2252 2704,2255 2704,2216 2588,2204 1589,2216"/>
                <Baseline points="1606,2247 1661,2247 1716,2247 1771,2247 1826,2247 1882,2247 1937,2247 1992,2247 2047,2247 2102,2247 2158,2247 2213,2247 2268,2247 2323,2247 2378,2249 2434,2247 2489,2247 2544,2250 2599,2250 2654,2250 2710,2247"/>
                <TextEquiv>
                    <Unicode>male aufgeführt wurde, behandelt diese Frage mit der nöthigen</Unicode>
                </TextEquiv>
            </TextLine>
            <TextLine id="tr_1_tl_61" custom="readingOrder {index:60;}">
                <Coords points="2732,2247 2772,2264 3285,2264 3285,2224 3246,2216 2913,2224 2732,2204"/>
                <Baseline points="2749,2244 2776,2248 2803,2250 2830,2250 2857,2250 2884,2250 2911,2252 2939,2253 2966,2253 2993,2252 3020,2250 3047,2250 3074,2251 3101,2253 3129,2253 3156,2253 3183,2251 3210,2251 3237,2253 3264,2253 3292,2253"/>
                <TextEquiv>
                    <Unicode>Paul solle keinerlei Gefahr la¬</Unicode>
                </TextEquiv>
            </TextLine>
            <TextLine id="tr_1_tl_62" custom="readingOrder {index:61;}">
                <Coords points="435,2303 1561,2295 1561,2252 1496,2247 435,2261"/>
                <Baseline points="450,2289 505,2290 561,2292 617,2290 673,2289 729,2289 785,2290 840,2290 896,2289 952,2291 1008,2289 1064,2289 1120,2292 1176,2289 1231,2289 1287,2289 1343,2289 1399,2289 1455,2288 1511,2286 1567,2289"/>
                <TextEquiv>
                    <Unicode>ein Officier mich provocirt? Man befindet sich da wirklich in</Unicode>
                </TextEquiv>
            </TextLine>
            <TextLine id="tr_1_tl_63" custom="readingOrder {index:62;}">
                <Coords points="1586,2292 2701,2298 2701,2255 2653,2252 1586,2252"/>
                <Baseline points="1603,2286 1658,2289 1713,2289 1768,2289 1823,2289 1879,2289 1934,2289 1989,2289 2044,2289 2099,2289 2155,2289 2210,2291 2265,2292 2320,2292 2375,2289 2431,2289 2486,2291 2541,2292 2596,2292 2651,2292 2707,2292"/>
                <TextEquiv>
                    <Unicode>künstlerischen Objectivität und dichterischen Lebendigkeit. Ein</Unicode>
                </TextEquiv>
            </TextLine>
            <TextLine id="tr_1_tl_64" custom="readingOrder {index:63;}">
                <Coords points="2727,2309 2958,2295 3045,2312 3130,2295 3291,2312 3291,2264 3240,2255 2944,2269 2727,2252"/>
                <Baseline points="2743,2292 2770,2292 2798,2292 2826,2292 2854,2292 2881,2292 2909,2292 2937,2292 2965,2292 2992,2294 3020,2294 3048,2293 3076,2292 3103,2292 3131,2294 3159,2295 3187,2295 3214,2295 3242,2295 3270,2295 3298,2298"/>
                <TextEquiv>
                    <Unicode>das Duell müsse stattfinde</Unicode>
                </TextEquiv>
            </TextLine>
            <TextLine id="tr_1_tl_65" custom="readingOrder {index:64;}">
                <Coords points="437,2337 1550,2334 1516,2283 437,2303"/>
                <Baseline points="453,2334 508,2331 563,2333 618,2331 674,2331 729,2331 784,2333 839,2331 895,2331 950,2331 1005,2331 1060,2331 1116,2331 1171,2331 1226,2331 1281,2331 1337,2331 1392,2331 1447,2331 1502,2331 1558,2331"/>
                <TextEquiv>
                    <Unicode>einer peinlichen Situation. Es ist nicht Jedermanns Sache,</Unicode>
                </TextEquiv>
            </TextLine>
            <TextLine id="tr_1_tl_66" custom="readingOrder {index:65;}">
                <Coords points="1598,2340 2704,2340 2687,2295 1598,2292"/>
                <Baseline points="1612,2334 1666,2331 1721,2331 1776,2331 1831,2331 1886,2331 1941,2331 1996,2331 2051,2331 2106,2331 2161,2333 2215,2331 2270,2331 2325,2334 2380,2334 2435,2333 2490,2333 2545,2334 2600,2334 2655,2334 2710,2334"/>
                <TextEquiv>
                    <Unicode>junger Maler, Paul Rönning, sucht nach schwerer Krankheit</Unicode>
                </TextEquiv>
            </TextLine>
            <TextLine id="tr_1_tl_67" custom="readingOrder {index:66;}">
                <Coords points="2732,2334 2865,2334 2893,2351 3274,2345 3274,2303 3240,2298 2732,2306"/>
                <Baseline points="2749,2334 2775,2334 2802,2334 2828,2334 2855,2334 2881,2334 2908,2334 2934,2334 2961,2334 2987,2335 3014,2337 3041,2335 3067,2334 3094,2332 3120,2329 3147,2326 3173,2329 3200,2334 3226,2336 3253,2336 3280,2334"/>
                <TextEquiv>
                    <Unicode>gnadigt mich also.“ Die</Unicode>
                </TextEquiv>
            </TextLine>
            <TextLine id="tr_1_tl_68" custom="readingOrder {index:67;}">
                <Coords points="1586,2377 2704,2382 2704,2343 2526,2334 1586,2345"/>
                <Baseline points="1603,2370 1658,2373 1713,2373 1769,2373 1824,2373 1879,2373 1935,2373 1990,2373 2045,2373 2101,2373 2156,2375 2211,2373 2267,2373 2322,2373 2377,2373 2433,2373 2488,2375 2543,2376 2599,2376 2654,2376 2710,2373"/>
                <TextEquiv>
                    <Unicode>Erholung in einem Badeort. An dem kleinen Sommertheater</Unicode>
                </TextEquiv>
            </TextLine>
            <TextLine id="tr_1_tl_69" custom="readingOrder {index:68;}">
                <Coords points="443,2388 1550,2379 1550,2337 1445,2331 443,2337"/>
                <Baseline points="459,2379 516,2376 574,2373 632,2374 690,2374 748,2373 806,2375 863,2373 921,2375 979,2376 1037,2376 1095,2374 1153,2373 1210,2373 1268,2373 1326,2373 1384,2373 1442,2373 1500,2371 1558,2370"/>
                <TextEquiv>
                    <Unicode>sich zu duelliren und dem Waffengeübten Beleidiger mit un¬</Unicode>
                </TextEquiv>
            </TextLine>
            <TextLine id="tr_1_tl_70" custom="readingOrder {index:69;}">
                <Coords points="2738,2382 3277,2385 3274,2345 3246,2340 2893,2351 2859,2331 2738,2351"/>
                <Baseline points="2752,2373 2778,2375 2804,2376 2831,2376 2857,2376 2884,2376 2910,2376 2936,2376 2963,2376 2989,2376 3016,2376 3042,2376 3068,2376 3095,2378 3121,2379 3148,2379 3174,2378 3200,2376 3227,2378 3253,2378 3280,2376"/>
                <TextEquiv>
                    <Unicode>Paul hat mit seiner Freundin</Unicode>
                </TextEquiv>
            </TextLine>
            <TextLine id="tr_1_tl_71" custom="readingOrder {index:70;}">
                <Coords points="1600,2419 2701,2425 2701,2379 1600,2379"/>
                <Baseline points="1617,2412 1671,2415 1726,2416 1780,2416 1835,2415 1889,2415 1944,2415 1998,2416 2053,2416 2107,2415 2162,2415 2216,2416 2271,2416 2325,2417 2380,2415 2434,2418 2489,2418 2543,2420 2598,2418 2652,2418 2707,2418"/>
                <TextEquiv>
                    <Unicode>findet er eine Bekannte aus der Stadt, ein junges, braves</Unicode>
                </TextEquiv>
            </TextLine>
            <TextLine id="tr_1_tl_72" custom="readingOrder {index:71;}">
                <Coords points="437,2433 1550,2427 1550,2377 1510,2374 437,2391"/>
                <Baseline points="453,2421 508,2417 563,2415 618,2418 673,2417 728,2417 783,2418 838,2418 893,2418 948,2418 1004,2418 1059,2415 1114,2415 1169,2413 1224,2415 1279,2415 1334,2415 1389,2415 1444,2413 1499,2414 1555,2415"/>
                <TextEquiv>
                    <Unicode>geschickten Händen entgegenzutreten. Will man diesen Weg</Unicode>
                </TextEquiv>
            </TextLine>
            <TextLine id="tr_1_tl_73" custom="readingOrder {index:72;}">
                <Coords points="2738,2422 3285,2427 3285,2391 3254,2385 3029,2393 2989,2377 2935,2399 2893,2379 2862,2393 2738,2379"/>
                <Baseline points="2752,2415 2778,2417 2805,2418 2832,2418 2859,2418 2886,2418 2913,2418 2939,2418 2966,2418 2993,2418 3020,2418 3047,2418 3074,2419 3101,2420 3127,2420 3154,2418 3181,2420 3208,2421 3235,2421 3262,2420 3289,2418"/>
                <TextEquiv>
                    <Unicode>lassen. Da wird er gewarnt un</Unicode>
                </TextEquiv>
            </TextLine>
            <TextLine id="tr_1_tl_74" custom="readingOrder {index:73;}">
                <Coords points="1589,2464 2701,2464 2701,2427 2656,2422 1589,2416"/>
                <Baseline points="1606,2456 1661,2456 1716,2456 1771,2456 1826,2456 1881,2456 1936,2456 1991,2454 2046,2456 2101,2456 2156,2456 2211,2458 2266,2457 2321,2459 2376,2456 2431,2456 2486,2458 2541,2459 2596,2459 2651,2459 2707,2462"/>
                <TextEquiv>
                    <Unicode>Mädchen, für das er sich interessirt. Die Officiere aber,</Unicode>
                </TextEquiv>
            </TextLine>
            <TextLine id="tr_1_tl_75" custom="readingOrder {index:74;}">
                <Coords points="435,2461 1538,2464 1538,2422 435,2430"/>
                <Baseline points="450,2459 504,2459 559,2459 614,2459 669,2459 724,2459 778,2456 833,2459 888,2457 943,2459 998,2459 1052,2459 1107,2456 1162,2456 1217,2458 1272,2459 1326,2459 1381,2456 1436,2456 1491,2456 1546,2453"/>
                <TextEquiv>
                    <Unicode>nicht einschlagen, dann muß man seinen Zorn hinunter</Unicode>
                </TextEquiv>
            </TextLine>
            <TextLine id="tr_1_tl_76" custom="readingOrder {index:75;}">
                <Coords points="2738,2464 2834,2478 2933,2461 3175,2478 3291,2464 3291,2425 3252,2419 3209,2436 2738,2425"/>
                <Baseline points="2752,2462 2779,2460 2806,2459 2833,2459 2861,2459 2888,2459 2915,2459 2943,2459 2970,2459 2997,2459 3025,2459 3052,2461 3079,2461 3106,2459 3134,2459 3161,2459 3188,2459 3216,2460 3243,2462 3270,2462 3298,2462"/>
                <TextEquiv>
                    <Unicode>werde sich die verweigerte Sat</Unicode>
                </TextEquiv>
            </TextLine>
            <TextLine id="tr_1_tl_77" custom="readingOrder {index:76;}">
                <Coords points="1589,2504 2701,2506 2701,2464 2662,2461 1589,2464"/>
                <Baseline points="1606,2495 1660,2498 1715,2498 1770,2498 1825,2498 1880,2498 1935,2498 1990,2498 2045,2498 2100,2498 2155,2498 2209,2498 2264,2498 2319,2495 2374,2498 2429,2499 2484,2501 2539,2501 2594,2501 2649,2501 2704,2501"/>
                <TextEquiv>
                    <Unicode>welche hier den Urlaub verbringen, betrachten natürlich</Unicode>
                </TextEquiv>
            </TextLine>
            <TextLine id="tr_1_tl_78" custom="readingOrder {index:77;}">
                <Coords points="443,2518 1547,2506 1547,2461 443,2464"/>
                <Baseline points="459,2504 513,2501 568,2501 623,2501 678,2501 733,2501 787,2501 842,2501 897,2501 952,2499 1007,2498 1061,2498 1116,2498 1171,2498 1226,2498 1281,2498 1335,2498 1390,2498 1445,2500 1500,2496 1555,2492"/>
                <TextEquiv>
                    <Unicode>schlucken, muß an das Regimentscommando und an das Bezirks¬</Unicode>
                </TextEquiv>
            </TextLine>
            <TextLine id="tr_1_tl_79" custom="readingOrder {index:78;}">
                <Coords points="2741,2506 3288,2512 3288,2467 2961,2461 2834,2478 2741,2464"/>
                <Baseline points="2755,2498 2782,2500 2809,2500 2836,2499 2863,2499 2890,2501 2917,2501 2944,2501 2971,2501 2998,2501 3025,2501 3052,2503 3079,2504 3106,2504 3133,2504 3160,2504 3187,2504 3214,2504 3241,2504 3268,2504 3295,2504"/>
                <TextEquiv>
                    <Unicode>Nun wäre seine Abreise Flucht</Unicode>
                </TextEquiv>
            </TextLine>
            <TextLine id="tr_1_tl_80" custom="readingOrder {index:79;}">
                <Coords points="1586,2552 2698,2554 2698,2506 1586,2504"/>
                <Baseline points="1603,2537 1658,2540 1713,2540 1768,2540 1823,2540 1878,2540 1933,2540 1988,2540 2043,2540 2098,2540 2153,2540 2208,2540 2263,2540 2318,2540 2373,2543 2428,2543 2483,2545 2538,2546 2593,2546 2648,2543 2704,2543"/>
                <TextEquiv>
                    <Unicode>das Theater als ihr ureigenstes Revier und sind ent¬</Unicode>
                </TextEquiv>
            </TextLine>
            <TextLine id="tr_1_tl_81" custom="readingOrder {index:80;}">
                <Coords points="446,2554 1547,2546 1547,2506 1507,2504 446,2518"/>
                <Baseline points="462,2546 516,2543 571,2543 625,2543 680,2543 735,2543 789,2543 844,2543 899,2543 953,2543 1008,2543 1063,2543 1117,2542 1172,2541 1227,2543 1281,2543 1336,2540 1391,2540 1445,2540 1500,2540 1555,2540"/>
                <TextEquiv>
                    <Unicode>gericht Eingaben verfassen, worauf dann nach langwierigen</Unicode>
                </TextEquiv>
            </TextLine>
            <TextLine id="tr_1_tl_82" custom="readingOrder {index:81;}">
                <Coords points="2732,2554 3294,2552 3294,2515 3263,2509 2732,2506"/>
                <Baseline points="2749,2543 2776,2543 2803,2543 2831,2543 2858,2543 2886,2543 2913,2543 2941,2543 2968,2543 2996,2543 3023,2543 3050,2543 3078,2544 3105,2546 3133,2546 3160,2545 3188,2544 3215,2544 3243,2546 3270,2546 3298,2543"/>
                <TextEquiv>
                    <Unicode>der Abmahnungen des Freunde</Unicode>
                </TextEquiv>
            </TextLine>
            <TextLine id="tr_1_tl_83" custom="readingOrder {index:82;}">
                <Coords points="1586,2585 2701,2594 2701,2554 2625,2540 1586,2552"/>
                <Baseline points="1603,2582 1658,2583 1713,2585 1768,2585 1823,2585 1879,2585 1934,2584 1989,2584 2044,2582 2099,2582 2155,2585 2210,2583 2265,2584 2320,2582 2375,2585 2431,2585 2486,2587 2541,2585 2596,2585 2651,2585 2707,2585"/>
                <TextEquiv>
                    <Unicode>rüstet, daß Fräulein Riedel alle Einladungen zu den</Unicode>
                </TextEquiv>
            </TextLine>
            <TextLine id="tr_1_tl_84" custom="readingOrder {index:83;}">
                <Coords points="2732,2594 3283,2594 3283,2554 3229,2549 2732,2554"/>
                <Baseline points="2749,2585 2776,2585 2803,2585 2830,2585 2857,2585 2884,2585 2911,2587 2938,2588 2965,2586 2992,2585 3019,2585 3046,2585 3073,2585 3100,2585 3127,2584 3154,2582 3181,2584 3208,2585 3235,2585 3262,2583 3289,2579"/>
                <TextEquiv>
                    <Unicode>als Freiwild für den beleidi¬</Unicode>
                </TextEquiv>
            </TextLine>
            <TextLine id="tr_1_tl_85" custom="readingOrder {index:84;}">
                <Coords points="440,2591 1555,2591 1555,2546 1496,2543 440,2552"/>
                <Baseline points="456,2585 511,2585 566,2585 621,2585 677,2585 732,2585 787,2585 842,2585 898,2586 953,2588 1008,2586 1063,2585 1119,2585 1174,2585 1229,2585 1284,2585 1340,2585 1395,2585 1450,2583 1505,2582 1561,2582"/>
                <TextEquiv>
                    <Unicode>Proceduren die Sache mit einer Geldstrafe zahm genug endet.</Unicode>
                </TextEquiv>
            </TextLine>
            <TextLine id="tr_1_tl_86" custom="readingOrder {index:85;}">
                <Coords points="1595,2631 2707,2633 2707,2594 2642,2585 1595,2588"/>
                <Baseline points="1609,2621 1664,2624 1719,2624 1774,2624 1829,2627 1884,2624 1939,2625 1994,2627 2049,2624 2104,2624 2159,2624 2214,2626 2269,2627 2324,2627 2379,2627 2434,2627 2489,2628 2544,2627 2599,2629 2654,2627 2710,2629"/>
                <TextEquiv>
                    <Unicode>flotten Soupers consequent ablehnt. Anna Riedel sieht</Unicode>
                </TextEquiv>
            </TextLine>
            <TextLine id="tr_1_tl_87" custom="readingOrder {index:86;}">
                <Coords points="437,2633 1555,2633 1519,2585 437,2588"/>
                <Baseline points="453,2629 508,2627 563,2627 619,2627 674,2627 730,2627 785,2627 840,2627 896,2627 951,2630 1007,2630 1062,2627 1117,2627 1173,2628 1228,2628 1284,2627 1339,2627 1394,2627 1450,2625 1505,2626 1561,2624"/>
                <TextEquiv>
                    <Unicode>Die Chancen stehen wirklich zu ungleich und wo der ewige</Unicode>
                </TextEquiv>
            </TextLine>
            <TextLine id="tr_1_tl_88" custom="readingOrder {index:87;}">
                <Coords points="2732,2633 3003,2631 3065,2648 3178,2633 3283,2656 3283,2580 3223,2602 2732,2594"/>
                <Baseline points="2749,2627 2776,2627 2803,2627 2830,2627 2857,2627 2884,2627 2911,2627 2938,2627 2965,2627 2992,2627 3019,2627 3046,2628 3073,2629 3100,2627 3127,2628 3154,2629 3181,2631 3208,2631 3235,2629 3262,2629 3289,2629"/>
                <TextEquiv>
                    <Unicode>Act geschieht dann, was gesche</Unicode>
                </TextEquiv>
            </TextLine>
            <TextLine id="tr_1_tl_89" custom="readingOrder {index:88;}">
                <Coords points="1595,2673 2707,2679 2707,2633 2614,2628 1595,2631"/>
                <Baseline points="1609,2662 1664,2667 1719,2666 1774,2668 1829,2665 1884,2665 1939,2668 1994,2668 2049,2668 2104,2665 2159,2665 2214,2665 2269,2667 2324,2665 2379,2668 2434,2669 2489,2669 2544,2671 2599,2668 2654,2670 2710,2671"/>
                <TextEquiv>
                    <Unicode>sich in ihrer Stellung schwer bedroht. Der Director sendet</Unicode>
                </TextEquiv>
            </TextLine>
            <TextLine id="tr_1_tl_90" custom="readingOrder {index:89;}">
                <Coords points="446,2673 1544,2673 1504,2628 446,2631"/>
                <Baseline points="462,2665 516,2669 571,2671 625,2669 680,2668 734,2668 789,2668 843,2668 898,2670 952,2671 1007,2671 1061,2670 1116,2668 1170,2668 1225,2668 1279,2668 1334,2668 1388,2668 1443,2665 1497,2665 1552,2668"/>
                <TextEquiv>
                    <Unicode>Streitpunkt zwischen Männern, das Weib, in Betracht kommt</Unicode>
                </TextEquiv>
            </TextLine>
            <TextLine id="tr_1_tl_91" custom="readingOrder {index:90;}">
                <Coords points="2738,2687 2797,2701 2845,2670 2913,2687 2964,2670 3105,2690 3266,2681 3263,2642 3178,2633 3088,2648 3003,2631 2735,2636"/>
                <Baseline points="2752,2671 2778,2671 2804,2671 2830,2669 2856,2668 2882,2668 2908,2668 2934,2668 2960,2668 2986,2669 3013,2670 3039,2671 3065,2671 3091,2671 3117,2671 3143,2671 3169,2671 3195,2671 3221,2671 3247,2671 3274,2671"/>
                <TextEquiv>
                    <Unicode>unglücklichen Paur zusammen.</Unicode>
                </TextEquiv>
            </TextLine>
            <TextLine id="tr_1_tl_92" custom="readingOrder {index:91;}">
                <Coords points="1589,2721 2704,2721 2676,2673 1589,2673"/>
                <Baseline points="1606,2707 1661,2709 1716,2708 1771,2710 1826,2710 1882,2710 1937,2711 1992,2711 2047,2707 2102,2710 2158,2710 2213,2708 2268,2709 2323,2710 2378,2710 2434,2710 2489,2710 2544,2710 2599,2713 2654,2713 2710,2710"/>
                <TextEquiv>
                    <Unicode>ihr die Kündigung, die Colleginnen ziehen sich von ihr</Unicode>
                </TextEquiv>
            </TextLine>
            <TextLine id="tr_1_tl_93" custom="readingOrder {index:92;}">
                <Coords points="446,2727 1558,2715 1558,2681 1425,2664 446,2676"/>
                <Baseline points="462,2710 519,2712 577,2710 635,2710 693,2710 751,2712 809,2710 866,2710 924,2711 982,2713 1040,2710 1098,2710 1156,2710 1213,2710 1271,2710 1329,2710 1387,2710 1445,2707 1503,2709 1561,2710"/>
                <TextEquiv>
                    <Unicode>ist für den Civilisten eine verzweifelte Zwangslage geschaffen.</Unicode>
                </TextEquiv>
            </TextLine>
            <TextLine id="tr_1_tl_94" custom="readingOrder {index:93;}">
                <Coords points="2808,2715 2913,2712 2950,2729 3009,2718 3040,2732 3071,2715 3280,2721 3280,2684 3229,2676 3105,2690 2972,2667 2913,2690 2893,2676 2808,2679"/>
                <Baseline points="2824,2710 2849,2710 2875,2710 2901,2712 2926,2712 2952,2710 2978,2711 3003,2713 3029,2711 3055,2711 3080,2712 3106,2713 3132,2713 3157,2713 3183,2713 3209,2713 3234,2713 3260,2713 3286,2710"/>
                <TextEquiv>
                    <Unicode>Das Wichtigste und Wert</Unicode>
                </TextEquiv>
            </TextLine>
            <TextLine id="tr_1_tl_95" custom="readingOrder {index:94;}">
                <Coords points="1589,2758 2704,2763 2704,2718 2636,2712 1589,2721"/>
                <Baseline points="1606,2752 1661,2751 1716,2750 1771,2752 1826,2752 1882,2752 1937,2752 1992,2752 2047,2749 2102,2752 2158,2749 2213,2751 2268,2750 2323,2752 2378,2752 2434,2752 2489,2754 2544,2755 2599,2755 2654,2755 2710,2752"/>
                <TextEquiv>
                    <Unicode>zurück. Sie erfährt eben, daß man ein freies Wild wird, für</Unicode>
                </TextEquiv>
            </TextLine>
            <TextLine id="tr_1_tl_96" custom="readingOrder {index:95;}">
                <Coords points="440,2766 1561,2760 1533,2712 440,2729"/>
                <Baseline points="456,2755 511,2755 567,2753 622,2752 678,2752 733,2751 789,2751 844,2752 900,2752 955,2752 1011,2754 1067,2752 1122,2755 1178,2752 1233,2752 1289,2752 1344,2752 1400,2750 1455,2750 1511,2749 1567,2749"/>
                <TextEquiv>
                    <Unicode>Nehme wir an, ein junger Mensch speist mit seiner Gattin</Unicode>
                </TextEquiv>
            </TextLine>
            <TextLine id="tr_1_tl_97" custom="readingOrder {index:96;}">
                <Coords points="2738,2758 3277,2763 3277,2721 3077,2715 3037,2738 3012,2721 2738,2707"/>
                <Baseline points="2752,2752 2778,2754 2805,2754 2831,2753 2858,2752 2884,2752 2911,2752 2937,2752 2964,2752 2990,2753 3017,2755 3044,2755 3070,2755 3097,2755 3123,2755 3150,2755 3176,2755 3203,2755 3229,2755 3256,2754 3283,2752"/>
                <TextEquiv>
                    <Unicode>der Dichter von aller Tendenz</Unicode>
                </TextEquiv>
            </TextLine>
            <TextLine id="tr_1_tl_98" custom="readingOrder {index:97;}">
                <Coords points="1598,2806 2701,2806 2701,2763 2653,2755 1598,2755"/>
                <Baseline points="1612,2788 1666,2791 1721,2792 1776,2794 1831,2794 1885,2794 1940,2794 1995,2794 2050,2794 2104,2794 2159,2792 2214,2794 2269,2794 2323,2794 2378,2794 2433,2795 2488,2797 2542,2797 2597,2797 2652,2797 2707,2797"/>
                <TextEquiv>
                    <Unicode>Jedermanns Jagdlust, wenn man zum Theater geht. Der</Unicode>
                </TextEquiv>
            </TextLine>
            <TextLine id="tr_1_tl_99" custom="readingOrder {index:98;}">
                <Coords points="437,2806 1555,2806 1555,2755 437,2769"/>
                <Baseline points="453,2794 508,2797 563,2797 619,2797 674,2796 730,2794 785,2794 840,2794 896,2794 951,2794 1007,2794 1062,2794 1117,2794 1173,2794 1228,2794 1284,2794 1339,2794 1394,2794 1450,2792 1505,2791 1561,2791"/>
                <TextEquiv>
                    <Unicode>oder mit seinem Mädchen in einem öffentlichen Local und</Unicode>
                </TextEquiv>
            </TextLine>
            <TextLine id="tr_1_tl_100" custom="readingOrder {index:99;}">
                <Coords points="2749,2800 3277,2803 3277,2763 3260,2760 2749,2760"/>
                <Baseline points="2764,2794 2791,2796 2818,2797 2845,2797 2873,2797 2900,2797 2927,2795 2955,2794 2982,2794 3009,2794 3037,2794 3064,2794 3091,2795 3119,2797 3146,2797 3173,2797 3201,2797 3228,2797 3255,2797 3283,2794"/>
                <TextEquiv>
                    <Unicode>sonen in seinem Stücke Recht</Unicode>
                </TextEquiv>
            </TextLine>
            <TextLine id="tr_1_tl_101" custom="readingOrder {index:100;}">
                <Coords points="1586,2842 2704,2851 2704,2806 2625,2794 1586,2803"/>
                <Baseline points="1603,2832 1658,2832 1713,2833 1769,2835 1824,2832 1879,2835 1935,2835 1990,2835 2045,2835 2101,2832 2156,2832 2211,2834 2267,2832 2322,2835 2377,2835 2433,2835 2488,2837 2543,2838 2599,2838 2654,2837 2710,2838"/>
                <TextEquiv>
                    <Unicode>Oberlieutenant Karinski stellt ihr am meisten nach. Er wittert</Unicode>
                </TextEquiv>
            </TextLine>
            <TextLine id="tr_1_tl_102" custom="readingOrder {index:101;}">
                <Coords points="437,2848 1550,2845 1550,2803 1465,2791 437,2806"/>
                <Baseline points="453,2838 508,2838 563,2838 618,2835 674,2837 729,2835 784,2837 839,2838 895,2835 950,2835 1005,2835 1060,2835 1116,2835 1171,2835 1226,2835 1281,2835 1337,2835 1392,2835 1447,2835 1502,2833 1558,2832"/>
                <TextEquiv>
                    <Unicode>vom Nebentisch her fixirt irgend ein übermüthiger Lieute¬</Unicode>
                </TextEquiv>
            </TextLine>
            <TextLine id="tr_1_tl_103" custom="readingOrder {index:102;}">
                <Coords points="2738,2848 2941,2837 3012,2868 3034,2845 3280,2845 3280,2803 3249,2800 3235,2814 3161,2794 3136,2808 2738,2803"/>
                <Baseline points="2752,2841 2778,2839 2805,2838 2832,2838 2858,2838 2885,2838 2912,2838 2938,2837 2965,2836 2992,2836 3019,2838 3045,2838 3072,2838 3099,2838 3125,2838 3152,2838 3179,2838 3205,2837 3232,2836 3259,2835 3286,2835"/>
                <TextEquiv>
                    <Unicode>Recht und auch Karinski, de</Unicode>
                </TextEquiv>
            </TextLine>
            <TextLine id="tr_1_tl_104" custom="readingOrder {index:103;}">
                <Coords points="1589,2879 1837,2913 2704,2902 2704,2845 2659,2842 1589,2839"/>
                <Baseline points="1606,2874 1661,2876 1716,2875 1771,2877 1826,2877 1882,2877 1937,2877 1992,2877 2047,2877 2102,2877 2158,2877 2213,2877 2268,2877 2323,2877 2378,2879 2434,2878 2489,2880 2544,2880 2599,2882 2654,2880 2710,2880"/>
                <TextEquiv>
                    <Unicode>in Paul den Nebenbuhler und provocirt ihm am Kaffee¬</Unicode>
                </TextEquiv>
            </TextLine>
            <TextLine id="tr_1_tl_105" custom="readingOrder {index:104;}">
                <Coords points="437,2887 1550,2882 1550,2842 1445,2837 437,2848"/>
                <Baseline points="453,2877 508,2880 563,2880 618,2880 673,2880 728,2880 783,2880 838,2880 893,2879 948,2877 1004,2877 1059,2877 1114,2877 1169,2877 1224,2877 1279,2877 1334,2877 1389,2877 1444,2877 1499,2877 1555,2871"/>
                <TextEquiv>
                    <Unicode>nant diese Dame mit den bekannten Blicken, die so zu¬</Unicode>
                </TextEquiv>
            </TextLine>
            <TextLine id="tr_1_tl_106" custom="readingOrder {index:105;}">
                <Coords points="2741,2907 2856,2879 3023,2896 3297,2885 3297,2845 3232,2837 3192,2854 2938,2837 2741,2848"/>
                <Baseline points="2755,2880 2782,2880 2809,2879 2837,2877 2864,2877 2892,2877 2919,2879 2947,2880 2974,2880 3002,2880 3029,2880 3056,2880 3084,2880 3111,2880 3139,2882 3166,2882 3194,2881 3221,2880 3249,2880 3276,2880 3304,2880"/>
                <TextEquiv>
                    <Unicode>griffen heraus gar nicht ander</Unicode>
                </TextEquiv>
            </TextLine>
            <TextLine id="tr_1_tl_107" custom="readingOrder {index:106;}">
                <Coords points="1586,2938 1614,2935 1620,2941 1637,2927 1646,2938 1654,2933 1668,2938 1693,2921 1756,2930 1756,2879 1733,2879 1727,2885 1722,2879 1702,2879 1665,2890 1648,2876 1623,2885 1589,2882"/>
                <Baseline points="1606,2922 1632,2919 1658,2919 1685,2919 1711,2919 1737,2918 1764,2916"/>
                <TextEquiv>
                    <Unicode>haustisch</Unicode>
                </TextEquiv>
            </TextLine>
            <TextLine id="tr_1_tl_108" custom="readingOrder {index:107;}">
                <Coords points="440,2930 1552,2930 1552,2885 1499,2876 440,2887"/>
                <Baseline points="456,2922 511,2922 566,2922 621,2922 676,2922 731,2922 786,2922 841,2922 896,2922 951,2922 1007,2922 1062,2922 1117,2922 1172,2922 1227,2920 1282,2919 1337,2919 1392,2919 1447,2919 1502,2917 1558,2916"/>
                <TextEquiv>
                    <Unicode>dringlich für die Frau, als beleidigend für den Mann sein</Unicode>
                </TextEquiv>
            </TextLine>
            <TextLine id="tr_1_tl_109" custom="readingOrder {index:108;}">
                <Coords points="2732,2924 3294,2933 3294,2885 2732,2890"/>
                <Baseline points="2749,2919 2776,2921 2803,2922 2831,2922 2858,2922 2886,2922 2913,2922 2941,2922 2968,2922 2996,2922 3023,2922 3050,2922 3078,2922 3105,2922 3133,2922 3160,2922 3188,2922 3215,2922 3243,2922 3270,2922 3298,2922"/>
                <TextEquiv>
                    <Unicode>lebendigste Figur in dem Stück</Unicode>
                </TextEquiv>
            </TextLine>
            <TextLine id="tr_1_tl_110" custom="readingOrder {index:109;}">
                <Coords points="1671,2997 3291,2997 3268,2927 1671,2921"/>
                <Baseline points="1686,2961 1766,2961 1846,2961 1927,2961 2007,2961 2088,2961 2168,2961 2249,2961 2329,2962 2410,2964 2490,2964 2570,2966 2651,2967 2731,2969 2812,2966 2892,2967 2973,2965 3053,2967 3134,2967 3214,2967 3295,2964"/>
                <TextEquiv>
                    <Unicode>Paul aber schlägt bei dem ersten unfläthigen Wort, das lumpten, durch die Misere elen</Unicode>
                </TextEquiv>
            </TextLine>
            <TextLine id="tr_1_tl_111" custom="readingOrder {index:110;}">
                <Coords points="435,2975 1575,2989 1575,2927 1482,2921 435,2930"/>
                <Baseline points="450,2970 506,2967 563,2967 619,2967 676,2967 733,2966 789,2964 846,2964 902,2964 959,2966 1016,2964 1072,2964 1129,2967 1185,2965 1242,2965 1299,2964 1355,2964 1412,2964 1468,2964 1525,2964 1582,2970"/>
                <TextEquiv>
                    <Unicode>können. Der junge Mensch, der einen harmlosen, vergnügten</Unicode>
                </TextEquiv>
            </TextLine>
            <TextLine id="tr_1_tl_112" custom="readingOrder {index:111;}">
                <Coords points="220,3198 268,3189 358,3240 457,3206 497,3235 706,3229 756,3195 841,3235 968,3232 1010,3229 1010,3147 883,3130 748,3161 686,3119 607,3158 500,3125 217,3130"/>
                <Baseline points="235,3194 274,3191 313,3191 352,3191 391,3190 430,3187 469,3185 508,3185 547,3185 586,3190 626,3191 665,3191 704,3191 743,3191 782,3192 821,3194 860,3194 899,3194 938,3196 977,3199 1017,3203"/>
                <TextEquiv>
                    <Unicode>und</Unicode>
                </TextEquiv>
            </TextLine>
            <TextLine id="tr_1_tl_113" custom="readingOrder {index:112;}">
                <Coords points="1092,3271 1152,3271 1205,3243 1270,3263 1315,3249 1335,3268 1434,3257 1428,3139 1394,3150 1360,3133 1332,3158 1270,3141 1214,3189 1180,3158 1152,3170 1087,3147"/>
                <Baseline points="1104,3209 1129,3217 1155,3224 1181,3226 1206,3227 1232,3227 1258,3228 1283,3230 1309,3230 1335,3230 1360,3232 1386,3233 1412,3233 1438,3235"/>
                <TextEquiv>
                    <Unicode>a</Unicode>
                </TextEquiv>
            </TextLine>
            <TextEquiv>
                <Unicode></Unicode>
            </TextEquiv>
        </TextRegion>
    </Page>
</PcGts>
