3484 4384
207 505 1055 571 anschauungen, als ein heftiges, oft über¬
203 556 1063 622 treibendes Verfechten der persönlichen An¬
209 615 1064 670 schauungen! Hat dann das Neue schliesslich
209 657 1063 722 den Sieg errungen, so werden ganz von selbst
205 705 1067 780 allmählich die Geister sich beruhigen und in
212 764 1062 834 geklärter Ruhe reifere und ästhetisch schönere
221 815 1067 877 Werke liefern. Ob sie dann nationaler sein
221 869 1064 930 werden in dem Sinne, wie es jene Litteratur¬
211 913 1067 983 freunde wollen, können wir heute so wenig
217 961 1074 1020 wissen, wie wir in anderen Dingen die Zukunft
226 1023 1069 1081 vorherzusagen vermögen. Sollte aber eintreten,
226 1063 1069 1133 was jene wünschen und erstreben, sollten die
226 1118 1075 1180 Nationen in Politik und Leben wieder schroffer
217 1179 1075 1234 einander gegenübertreten, was wir weder
221 1225 1080 1289 glauben noch wünschen möchten, so würde
223 1274 1079 1338 wohl auch in der Litteratur ganz von selbst
226 1313 1076 1375 das Nationale wieder mehr in den Vorder¬
228 1376 1076 1440 grund treten. Würde aber das Gegentheil ein¬
226 1419 1078 1488 treten, so muss auch das allgemein Mensch¬
223 1477 1086 1553 liche in der Litteratur immer mehr an Boden
223 1516 1084 1596 gewinnen. Mit Wünschen und Gewaltmass¬
229 1563 1086 1635 regeln aber lässt sich der Lauf der Welt¬
226 1619 1092 1687 geschichte nicht dauernd beeinflussen und
237 1668 1089 1734 lenken. Darum warten wir ab und gönnen
238 1727 1081 1787 wir vor allem unseren Dichtern und Denkern
229 1776 874 1837 Freiheit in jeglichem Sinne.
316 1914 1091 1981 In der „Fortightly Review gibt W. K.
238 1944 1090 2011 Johnson ein äusserst sympathisches Bild Katho¬
241 1992 1093 2049 rinas der Grossen von Russland. — Mrs. Virginia
244 2036 1094 2085 Crawford veröffentlicht eine interessante Studie
244 2084 1100 2128 über den belgischen Dichter Emile Verhaeren.
241 2113 1094 2165 — Sir Francis Gallon will versuchen, eine
247 2151 1095 2207 Verbindung zwischen den Bewohnern des Mars und
241 2208 1103 2251 unseres Planeten herzustellen. Zu diesem Zwecke
244 2238 1104 2297 schlägt er Riesenhieroglyphen vor, welche die Mars¬
241 2271 1099 2342 bewohner wahrscheinlich leicht entziffern werden,
253 2318 1096 2386 vorausgesetzt, dass sie wissenschaftlich ebenso
245 2359 1102 2414 weit vorgeschritten seien wie wir, was allerdings
249 2405 654 2476 noch nicht bewiesen ist.
325 2458 1103 2529 In der polnischen Zeitschrift „Przegląd Polski
250 2504 1103 2573 beleuchtet E. Lipnicki in seiner Studie über
253 2542 1101 2600 Ungarn und seine Au tellung die Dienste, welche
245 2591 1106 2647 dem Lande von den Habsburgern erwiesen worden
252 2626 1105 2687 seien. Die Regierung Franz Josephs I. wird in der
250 2666 1102 2729 Geschichte Ungarns als das goldene Zeitalter be¬
256 2723 543 2778 zeichnet werden.
334 2776 1102 2837 „Cobue“ ist der Name einer rumänischen Zeit¬
262 2826 1107 2882 schrift, in welcher unter dem Titel „Philologische
265 2858 1103 2918 Notizen eine originelle Besprechung der Hunde¬
262 2899 1107 2955 namen zu finden ist. Die Christen, sagt der Autor,
260 2944 1112 3002 geben dem Freund des Menschen die Namen heid¬
260 2984 1112 3035 nischer Gottheiten, wie Diana, Castor; die Franzosen
261 3018 1116 3075 taufen sie: Bismarck, Crispi, während die Deutschen
262 3055 1114 3118 die Namen Napoleon und Franzos wählen. Im
262 3095 1114 3155 Banat und in der Marmaros hört man die Hirten ihre
260 3149 1117 3194 Hunde Piru, Zagurta, Cimbru rufen, in welchen
260 3178 1114 3250 Namen man leicht Pyrrhus, Jugurtha, Cimber,
268 3218 1119 3284 erkennen könne, welche im Volksmunde noch
260 3260 1116 3327 2500 Jahre nach dem Verschwinden der Helden, die
271 3300 1121 3364 diese Namen trugen, fortleben. Ueber das Warum?
265 3337 1120 3396 klärt der Dichter die Leser nicht auf, sondern über¬
265 3384 908 3458 lässt diese Aufgabe dem Prychologen.
349 3455 1123 3513 Henri Beranger liefert in der „Vie Contem¬
270 3486 1129 3556 poraine“ eine schneidende Analyse der Pariser
274 3528 1130 3589 Kritiker. Paris habe zuviel Vice-Brunetières und
277 3566 1135 3630 keinen einzigen Saint-Beuve. Beranger schreibt
277 3606 1126 3676 die Schuld daran der Universität zu, die mehr
270 3661 1131 3715 Professoren erzeugt, als sie Stellen zu vergeben
277 3701 1135 3753 hat; die Stellenlosen werden dann, des Wartens
280 3736 1129 3794 müde, zu Kritikern. Sie reden dann eine Sprache,
280 3775 1135 3833 die weder Philosophie, noch Litteratur, noch
285 3811 1130 3878 Kunst sei. An Stelle von Werken machen sie
280 3854 1139 3929 Formeln und schaffen bis in's Unzählige Schulen
283 3902 695 3970 und Wörter auf vismus.
361 3965 1143 4033 Die Sprache der Blumen ist Manchem unklar,
277 4029 1096 4081 jene der Dornen aber versteht Jeder, Gräfin,
370 4084 1143 4139 Je langsamer die Schritte werden, um so
1239 343 1866 424 DIE VORNEHME WEET.
2156 496 2789 556 Berliner Bühnenwinter.
2272 590 2676 651 Alfred Kerr (Berlin).
2135 643 2906 700 Haltet fest an der Demuth, denn Gott
2057 682 2905 737 widerstehet den Hoffärtigen. Die Mahnung
2055 724 2902 780 des heiligen Peter hat ihre grossen Vorzüge.
2060 767 2903 823 Aber das heidnische Goethe-Wort vom Be¬
2057 803 2910 855 scheidensein der Lumpe ist auch nicht schlecht.
2055 847 2905 901 Eine kleine Zahl von Leuten, die ich ungern
2057 882 2905 940 als ganz dumm herstellen möchte, weil ich
2057 936 2906 979 dazu gehöre, hegt die bestimmte Ansicht,
2066 967 2905 1016 dass die Hauptstadt der Deutschen heut die
2063 999 2906 1055 Hauptstadt des europäischen Dramas ist. Ein
2072 1053 2912 1099 Vergleich mit Paris (Österreichische Leser
2070 1091 2913 1141 werden verzeihen, wenn diesmal blos diese
2062 1128 2914 1193 Stadt in Betracht gezogen wird) ergibt eins,
2063 1169 2783 1221 zwei, drei die Ueberlegenheit Berlins.
2159 1215 2308 1264 Warum?
2150 1241 2915 1303 Darum. Was in Paris Wesentliches er¬
2070 1285 2920 1341 scheint, wird auch an der Spree gespielt.
2070 1329 2915 1384 Aber zugleich ist Berlin die älteste und
2078 1368 2912 1423 reifste Ibsenstadt Europas. Zugleich ist Berlin
2075 1421 2918 1463 für Gerhart Hauptmann's mattstrahlende
2078 1460 2911 1505 Kunst die Wiege und die wichtigste Pflege¬
2077 1487 2917 1544 stätte. Zugleich gibt Berlin vom weltlittera¬
2075 1531 2920 1581 risch Guten der Vergangenheit die anstän¬
2084 1562 2918 1623 digste Auswahl. Zugleich wird hier die
2090 1615 2917 1672 Operette, als das Musikdrama der Mikro-
2084 1648 2924 1703 cephalen, auf den kleinsten Raum verdrängt.
2081 1690 2926 1742 Zugleich ist man hier frei von schwach¬
2081 1725 2924 1798 sinniger Mimenverehrung. Das Alles ist nicht
2082 1779 2470 1832 oft genug zu sagen.
2159 1805 2927 1869 Immerhin auch wir kochen mit Wasser.
2084 1850 2929 1905 Neben dem Grossen und Keimfähigen, was
2084 1891 2927 1949 dieser Boden hochtreibt, wuchert die übel¬
2081 1932 2932 1987 riechende Masse der klebrigen Dramenhändler.
2090 1973 2933 2037 Die miserrima plebs der Schwindler, der Po¬
2090 2010 2930 2067 seure, der Krüppel, der Petrefakten. Nur sind
2097 2063 2710 2108 sie anderswo mächtiger als hier.
2164 2080 2937 2150 Beide Richtungen kamen in diesem Winter
2087 2135 2326 2211 zum Worte.
2171 2240 2944 2302 Um einen Augenblick bei den Franzosen
2093 2299 2937 2347 zu bleiben: Hervieu und Prévost wurden ge¬
2102 2331 2944 2400 spielt, neben dem Possenkram, und beide
2102 2372 2941 2432 mit Hohngelächter verabschiedet. Bei den
2105 2410 2941 2471 Demi-Vierges war das unauffällig; sie hatten
2101 2452 2947 2514 schon daheim kein gutes Schicksal. Der
2099 2498 2942 2558 Roman enthielt eine einzige dramatische
2095 2540 2949 2598 Scene in der Wohnung des Helden. Und
2099 2571 2949 2631 so dramatisch diese Scene ist, so unmöglich
2102 2621 2954 2670 schien sie für keusche Augen auf der Bühne.
2099 2657 2952 2714 Dam fiel auch das Letzte weg. Hervious
2108 2691 2943 2766 »Te illes wurden in Frankreich sehr ernst
2110 2741 2949 2803 gen amen. In Berlin begriff man sofort, dass
2108 2772 2953 2832 diese Feindseligkeit einer ehelichen Sphäre
2108 2817 2953 2873 in den Oberflächen erschaut war, wo neue
2108 2854 2946 2905 deutsche Dramen, nicht blos das Friedens¬
2110 2901 2954 2959 fest, an tiefer packende Wesensschilderung
2114 2936 2954 2996 gewöhnt hatten. Man lachte kopfschüttelnd
2108 2976 2651 3033 über diese Unzulänglichkeit.
2197 3000 2951 3065 Von deutschen Werken war Hauptmann's
2111 3048 2954 3109 »Versunkene Glocke, das Grösste, was die
2114 3088 2957 3159 erste Winterhälfte gegeben hat. Die zweite
2113 3128 2953 3194 wird nichts Grösseres bringen. Eine strahlende,
2110 3182 2954 3235 naturmächtige Zauberwelt voll hinreissender
2119 3223 2958 3272 sinnlicher Pracht lebt in diesem tragischen
2117 3255 2955 3312 Märchen. Der schmerzenstiefe, gramgewaltige
2117 3299 2960 3355 Reiz und die verklingende Sehnsucht geben
2110 3331 2957 3394 das Erlebteste aus Gerhart Hauptmann's
2117 3369 2956 3432 ganzem Bereich Ein Künstler eine Elfe
2126 3408 2960 3470 liebend: der Flug zum Uebermenschlichen und
2126 3461 2959 3516 der ewige Traum von bürgerlicher Befreiung
2122 3496 2964 3556 erhalten Gestalt. Dieser Glockengiesser,
2122 3531 2968 3601 der in Rautendelein's luftigen Kreis geräth
2126 3582 2964 3628 und mit der Einzigen die irdische Niederung
2128 3611 2969 3672 verlässt; diese Beiden, die in heidnischem
2122 3650 2967 3712 Schöpferdrang und heidnischer Sinnenselig¬
2132 3702 2972 3756 keit auf den Höhen leben; die drückenden
2132 3742 2966 3797 Erdenmächte, die allmälig nachkommen; Er¬
2132 3766 2971 3834 innerung des Gewissens und Schaffensqual,
2129 3821 2972 3874 die den verstiegenen Mann in dämmernde
2137 3849 2969 3917 Vernichtung ziehen: es ist nutzlos nach Ideen
2132 3901 2966 3966 zu suchen, wo nackte und greifbare Ereig¬
2135 3934 2971 3997 nisse so unwiderstehlich wirken. Der süsseste
2132 3983 2979 4044 Zauber des deutschen Märchen fliesst um
2138 4011 2979 4073 die melancholischen und grotesken Gestalten
2141 4051 2987 4116 dieses Wunderwerkes. Nicht blos an das
2305 4089 2978 4143 knüpft Hauptmann an, nicht blos
