3392 4256
211 178 346 283 8.
918 171 1332 266 box 14/4
376 176 743 258 Freiwild
630 223 748 294 .
376 243 459 304 an
1651 544 2622 640 impfte, in seiner Existenz bedrohte Offizier schießt
1651 632 2629 682 naler dann nieder, an dessen Leiche Anna
1651 662 2629 740 iedel — die Schauspielerin — verzweifelt, da
1653 712 2629 773 aul es gewesen wäre, der sie aus der jammer¬
1658 750 2629 815 ollen Existenz einer tugendhaften und deshalb ver¬
1653 808 2632 861 gten Schauspielerin herausgehoben hätte. Es war
1651 843 2634 901 ie gesagt ein geradezu sensationeller Erfolg. An
1653 881 2632 948 emselben gebührt neben dem Dichter einer junge
1658 928 2634 993 heaternovice aber ein großes Talent, Frl. Martha
1646 976 2637 1039 zer der Löwenantheil. Frl. Verö kommt direkt
1646 1019 2634 1081 us der Theaterschule. Sie spielte die Schauspielerin
1653 1069 2644 1126 Anna Riedl mit so künstlerischen Empfinden und
1653 1111 2637 1179 eingefühl, daß man sofort sah, hier sei der un¬
1116 1136 1500 1222 holm, St. Petersburg,
1651 1164 2637 1209 arischen Darstellungskunst ein großes Talent er¬
640 1164 838 1247 Roi, Sa
833 1164 1199 1272 Malaga und
1648 1194 2637 1272 fanden, daß zu den höchsten Höhen derselben heran¬
1237 1197 1500 1292 ras-
1653 1244 2642 1297 eifen und heranreichen werde. In schrankenlosem
625 1229 1380 1360 hattester Sonn¬
1646 1289 2642 1345 Applaus kam denn auch der große Beifall zum
1648 1330 2644 1392 Ausdruck den das Publikum der jungen kaum
702 1337 951 1425 13 113
1651 1372 2644 1435 8jährigen Dame spendete. Den „Offizier spielte
1651 1422 2639 1485 Herr Csortos, den Maler Röning Herr
1643 1465 2649 1528 Törzs. Beige waren ja ausgezeichnet, nur sah
918 1498 1347 1578 Ungarischen Theater
1636 1505 2649 1578 Herr Csortos viel eleganter aus als Herr Törz
1643 1550 2647 1613 Her Törz hingegen stand künstlerisch weit höher.
642 1535 1613 1623 Arthur Schni: „Freiwild“ (Préda)
652 1593 2652 1668 das war ein wahrer, ein großer Erfolg für den In kleinen Rollen thaten sich hervor vor Allem
1648 1641 2647 1703 Frl. Haraßthias „Fischer Pepi" und die
655 1656 1618 1711 dichter sowohl für die Darstellung. Der Inhalt des
2371 1683 2652 1749 Molnár,
647 1688 2235 1756 Stückes ist kurz erzählt. Ein Offizier verliebt sich in eine Herren Sebestyen,
1658 1696 2521 1804 Pago, Kertés und Tarnai.
652 1741 1628 1809 Schauspielerin. Für dieses Mädchen interessiert sich
1766 1756 2647 1829 Drei Premieren an einem Abend, alle drei
645 1786 1636 1841 der Maler Röning mit keuschen Empfindungen. Als
642 1816 2652 1897 dann der Offizier vor Zeugen das Mädchen durch vor ausverkauften Häusern, drei große Erfolge. Da
1661 1859 2652 1927 sage man noch Budapest sei keine Theaterstadt. Nur
642 1869 1628 1932 verdächtigende Reden beschimpft, ohrfeigt Röning
1648 1909 2657 1964 die „judenreine Königl. Oper war trotz Verdis
637 1922 1626 1984 den Offizier und verweigert die ritterliche Genug
640 1949 2652 2060 thuung Er schlägt sich nicht, da er es nicht ver= 100jährigem Geburtstage und trotz Neubesetzung
640 1999 1749 2075 dienen würde, für eine Züchtigung sein Leben hin¬ leer.
2406 2010 2622 2127 F. E. R.
640 2055 1658 2150 zugeben, die der Offizier verdient hat. Der be¬
1836 2296 2732 2401 Ausschnitt ausburger Tagblat
1992 2388 2268 2469 7. 11. 1913
1851 2428 2017 2486 vom
1864 2529 2785 2647 Theater, Musik und Kunst.
1939 2622 2852 2709 „A préda". (Freiwild.) Schauspiel in
1846 2694 2855 2780 3 Aufzügen von Arthur Schnitzler über¬
1849 2747 2852 2815 setzt von E. Salgo. Ein altes Stück Schnitz¬
1849 2802 2855 2852 lers, aus der Zeit, da die Militärstücke auf der
1841 2850 2862 2915 Tagesordnung waren. Heute ist so das Stück
1841 2895 2862 2955 als literarisches Produkt, wie auch das darin
1849 2945 2862 3003 behandelte Problem überwunden. Schnitz¬
1849 3000 2862 3048 ler hat die breite Landstraße der schablonen¬
1846 3048 2855 3103 haften dramatischen Probleme verlassen und
1841 3088 2860 3148 wandelt einsamere, aber interessantere Wege
1849 3146 2862 3204 und Stege. Das Problem, welches das Leit¬
1851 3191 2865 3246 motiv des Werkes bildet, ist seit fünfzehn Jah¬
1851 3244 2870 3289 ren auch schon in die Rumpelkammer abgeleg¬
1856 3289 2870 3352 ter theatralischer Requisiten gelangt. Es ist
1854 3334 2868 3417 nämlich das Duell, welches zum wiederhol¬
1859 3387 2873 3507 tenmale dramatisch behandelt wird. Natür¬
1867 3487 2873 3560 lich entsteht diese sogenannte Ehrenaffäre zwi¬
1867 3535 2870 3600 schen Zivil und Militär, denn so ist der Kon¬
1861 3588 2873 3668 trast schärfer, auch kann das Stück so auf die
1859 3635 2862 3705 Sympathie der Zivil= wie auch der Militär¬
1861 3680 2862 3758 kreise rechnen. Das ist nur so möglich, daß
1914 3733 2860 3801 Verfasser das Problem ungelöst läßt, wie
1854 3788 2862 3843 dasselbe auch derzeit bei uns nicht durch Bel¬
1864 3833 2868 3899 letristen, sondern einzig und allein durch un¬
1867 3879 2868 3936 sere Armeeleitung gelöst werden kann. „Frei¬
1851 3939 2868 4006 wild" heißt das Stück, weil der Ausgangs¬
1864 3976 2860 4042 punkt der Handlung eine Schauspielerin ist,
1859 4027 2862 4089 die als solche von gewissen Kreisen als mo¬
1854 4079 2862 4144 ralisches Freiwild betrachtet wird. Mit diesem
1874 4119 2015 4180 Motiv
