3436 4224
156 163 246 273 8.
291 159 443 270 Fre
848 145 1263 256 box 14/2
509 152 685 239 wild
2986 924 3315 1028 .
637 941 1003 1041 Regen
543 927 2861 1076 dem Abendblatte; Verhandlung über die Gewerbe=Novelle.) betrifft, so anerkenne ich die Wichtigten einer weneen wuotenan¬
540 955 3315 1111 Abg. Bohaty verweist darauf, daß zu vielen Gewerben der Zuzug tung der Arbeiterschutz=Gesetzgebung, glaube mich aber nommen werden, so die
2893 1028 3322 1086 kreises derselben, eine Ver¬
1723 1048 2861 1114 in Uebereinstimmung mit dem Hause zu befinden, wenn ich von der
2893 1076 3325 1131 Nachweises, eine Ingeren
543 1086 1695 1145 von Lehrlingen beinahe aufgehört habe. Die Lehrlinge meiden Ge¬
1723 1083 2861 1149 Ansicht ausgehe, daß die Revision dieser Partie unserer Gewerbe¬
2893 1111 3325 1169 die Ausübung eines Ge¬
547 1107 1688 1187 werbe, bei denen sie großen körperlichen Anstrengungen ausgesetzt sind
1720 1118 2861 1190 Ordnung dem durch die Vertretung der zunächst dabei
2893 1145 3332 1208 zirks- und Landesverbände
547 1152 1695 1228 und solche, die nur einen Theil des Jahres betrieben werden. Auch
1733 1156 2865 1228 interessirten Wählerkreise erweiterten Hause
547 1194 1699 1263 über den Mangel an tüchtigen Gehilfen werde vielfach Klage geführt.
550 1183 3325 1311 Das komme von der Specialisirung der Gewerbe in den großen vorbehalten bleiben sollte. (Zustimmung.) Von diesen Gesichts-gatorischer Genossenschaft¬
2896 1280 3329 1342 geht zugleich von ei¬
561 1291 2872 1405 in Versen. Bei „Renaissance“ und der „Goldenen Eva" ist Ceremoniel des Duells, wie sie sich von jenseits der Pyrenäen
2899 1318 3322 1398 Majestätsbegriffes und
1730 1336 2872 1415 im siebzehnten und achtzehnten Jahrhundert über Frankreich
550 1353 1702 1450 der Grundgedanke der gleiche, dort wird eine blondhaarige
1737 1363 3325 1457 und das übrige Europa verbreitet haben. Weit in das alte deutsche des Ehrbegriffes aus
2903 1419 3315 1477 Auf der einen Seite
561 1426 1706 1502 Marches Gennara di Sansavelli von einem schönen Maler
1737 1429 2875 1509 Recht reicht der Gebrauch des Zweikampfes zurück; aber
2903 1474 3332 1533 das bloße Verlangen
561 1464 1706 1536 Silvio da Feltre von Trauer und Schwermuth zu Froh¬
1730 1467 2879 1554 während noch das Gesetz der Longobarden den Zwei¬
2910 1512 3332 1574 daß nur der Tod der
567 1505 1702 1592 sinn und Liebe bekehrt, hier die reiche Augsburger Gold¬
1737 1526 2872 1602 kämpfern den Stock als Waffe vorschreibt, ließ das Gesetz
2906 1560 3342 1626 auf der anderen soll
567 1557 1709 1650 schmiedswitwe, die goldene Eva, von der Großmannssucht,
1737 1567 2879 1647 Ludwig's des Frommen, als Zusatz für das salische Gesetz
2913 1605 3342 1668 kein Unrecht, auch nie
564 1602 1706 1688 einen Adeligen zu heiraten, gleichfalls durch einen jungen
1737 1616 2879 1695 des Jahres 819 gegeben, bereits die Wahl zwischen dem
2917 1657 3297 1720 fühnt werden darf.
564 1647 1709 1737 wälschen Meister curirt. Von irgend einem Eingehen in den
1733 1664 2872 1747 Stock und dem Degen. Der Degen blieb später nur den
2910 1688 3342 1765 Drama von solcher K
564 1699 1706 1778 Geist der geschilderten Zeiten ist nicht die Rede, es gilt nur
1740 1706 2868 1789 adeligen Zweikämpfern vorbehalten, die Unfreien mußter
2913 1747 3342 1816 muth in den beschauli
571 1744 1713 1827 in die magere Handlung das nöthige Quankuin Scherze
1747 1754 2875 1844 sich mit dem Stocke bekämpfen. Ueberhaupt galten seit alter
2910 1792 3342 1868 Wiedergewinnung für
578 1799 1720 1875 einzustreuen. Das wird in „Renaissance" durch den losen
1744 1803 2879 1889 Zeit Stockstreiche für die Deutschen als entehrend, was bei
2917 1837 3339 1910 begrüßen kann. Wen
578 1837 1709 1920 Sohn der schönen Witwe, Vittorino, besorgt, eine sehr dankbar
1740 1844 2875 1934 den Römern nicht der Fall war. Der bis in unsere Tage
2913 1879 3339 1962 stellt sich mit Verleu
578 1889 1713 1969 Hosenrolle, welche hier von Frau Prasch=Grevenberg, der Gattin
1747 1910 2882 1979 erhaltene Zweikampf ist also ein gerader Abkömmling aus
2917 1938 3322 2000 in einen vergangenen
571 1931 1720 2017 des Directors Prasch, einer vielseitigen, gewandten Künst¬
1744 1945 2879 2031 der Ritterzeit. Er hat zwei Quellen, die beide noch heute
2913 1986 3346 2052 Schulung des historisch
585 1983 1720 2062 lerin, sehr flott gespielt wurde; dazu kommt ein pedantscher
1754 1993 2893 2073 wie ehedem Blut fließen machen: den Unterschied der
2917 2031 3346 2097 auf unbefangene Be¬
585 2024 1716 2111 Schulmeister, dem der vornehme Schüler auf der Nase
1754 2041 2896 2118 Stände und den Kampf um die Frau, der, aus der Zeit
2913 2066 3353 2149 Gegenwart zurückwirke
581 2073 1723 2159 herumtanzt, bis er und der Lehrer die Liebe kennen lernen,
1751 2086 2882 2159 der Kreuzzüge stammend, neben dem Ritterthum die Ritter¬
3014 2128 3339 2197 Graf Garcia von
585 2121 1727 2214 ein gutmüthiger Klosterbruder, ein römisches Malermodell,
1761 2131 2886 2218 lichkeit und die Galanterie erzeugte. Aus dem Wunsche, zu
574 2169 1727 2252 eine kokette Zofe, und das heitere Potpourri ist fertig. In
2920 2152 3342 2246 kleid mit seiner jung
1758 2183 2882 2284 gefallen, entsprang, wie Montesquien sagt, die Galanterie
2920 2228 3360 2284 heit lebende Sohn eine
581 2211 1723 2297 der „Goldenen Eva“ ist das erheiternde Element durch zwei
1761 2228 2889 2329 qui n'est point l'amour, mais le délicat, mais le léger,
578 2273 1737 2349 verlumpte, trink= und pumpfeste Junker vertreten, im
2920 2273 3356 2342 Granden, hat den Ad
1758 2287 2595 2360 mais le perpétuel mensonge de l'amour.
585 2304 1727 2394 Uebrigen sind Kochrecept und Speise die gleichen. An komischer
2920 2315 3339 2387 er, während dieser,
1848 2308 2886 2422 Auf unseren Theatern konnten wir in diesen Wochen
2924 2363 3356 2436 dem Könige Hilfe ver=
588 2356 1702 2453 Kraft steht die „Goldene Eva“ über „Comtesse Gucker
1758 2384 2903 2457 die anregendsten vergleichenden Studien über die Ehre
2931 2415 3346 2488 den Krieg gegen die
588 2401 1730 2484 und besonders über „Renaissance". Die Autoren treten
588 2429 2906 2533 manchmal keck aus dem Butzenscheiben=Rahmen heraus und machen; sie erschien in verschiedenen Formen: als Ehre
2934 2460 3349 2529 den hochherzigen Man
1778 2470 2903 2557 schlechtweg, als beleidigte Gatten- und Frauenehre und end¬
2924 2505 3356 2578 von einem alten Gön¬
585 2505 1737 2592 machen sich mit Kuitteiversen von stark modernen Anklängen
1768 2519 2893 2602 lich als Ehre nach den Satzungen verschiedener Schichten
2931 2553 3360 2637 angekündigt wird. Du
592 2560 1408 2633 über den gewählten Mummenschanz lustig.
1765 2574 2899 2650 der Gesellschaft, mit und ohne Zweikampf, aber nie ohne
2938 2598 3353 2668 den mit einem könig
695 2571 1730 2682 Am meisten aber beschäftigte unser Theater-Publicum
1761 2633 2055 2713 blutige Sühne
2938 2650 3356 2716 Mendo für den Kö=
595 2647 1737 2737 während der letzten Wochen eine Reihe von Dramen, welche
1868 2643 2906 2747 Den Spaniern, denen in der Entwicklung des heutigen
2931 2699 3353 2768 Empfanges erweist, un
602 2699 1733 2782 die Ehre zum Gegenstand hatten, einen sittlichen und
1782 2709 2906 2796 Ehrbegriffes eine große Rolle zukommt, sei der Vorrang
2944 2740 3349 2806 sich die ganze Wuth
612 2747 1737 2837 socialen Begriff, der, seit Sudermann den glücklichen Wür¬
1775 2765 2906 2837 eingeräumt und zuerst der „Graf von Castañar" genannt,
2938 2792 3353 2858 Blanca, ihm zu verste
606 2789 1747 2875 mit der „Ehre" that, immer lebhafter auf der Bühne und im
1768 2806 2910 2893 das Schauspiel des Francisco de Rojas, geboren 1607,
2944 2841 3360 2903 In ohnmächtigem, wa
599 2834 1740 2938 Leben erörtert und durch aufregende Vorgänge der Tages¬
1775 2854 2910 2931 welches der Hofschauspieler Adalbert Matkowsky, wie es
2938 2879 3360 2955 er den Lüstling Nacht
606 2882 1747 2979 geschichte vielleicht schärfer als durch die wirthschaftlichen Kämpfe
1785 2906 2913 2986 heißt, durch Eindrücke bewogen, die er in Spanien ge¬
2955 2931 3356 3000 Frau ertappt. So sehr
612 2931 1754 3021 in den Vordergrund gerückt wird. Dieser Streit um die Ehre
1775 2948 2910 3031 wonnen, für die deutsche Bühne bearbeitete, nach¬
2944 2979 3329 3062 nichts unternehmen,
612 2976 1744 3059 und die Formen ihrer Vertheidigung ist die eigentliche
1778 2989 2913 3076 dem übrigens eine gute deutsche Uebersetzung von
2944 3028 3356 3093 Weib zu tödten, da
609 3024 1751 3117 Romantik unserer Tage. Nicht erst spanischen Ursprungs ist,
1782 3048 2917 3124 Dohrn seit 1844 vorlag. Dieses Stück stellt starke,
612 3076 1754 3156 wie ein Gelehrter neuerdings behauptet, der Zweikampf,
1785 3069 3353 3214 prehende Zumutungen an unser moderne Empfinden, eine Departe¬
609 3131 1754 3259 sondern höchstens die Verfeinerung des Ehrbegriffs und das
