3436 4224
197 121 618 259 8. Freiw.
393 141 624 262 -
894 138 1311 245 box 14/3
583 966 1052 1049 „Wir werden in einer
2636 994 2843 1090 .
2656 1052 3360 1142 Schönfeld ausersehen sei. Wohl so
586 1049 2622 1138 damit ist die Sache für mich abgethan / und seien ente beraus durchaus logisch handelnden Mann einnehmen
1618 1128 3357 1180 könnte, wenn er nicht nach der That die Sühne verheißen¬ „besonders gut Informirte zu erzählen,
590 1138 1587 1194 setzten Intimen, die ihm vorhalten, man werde finden, da
2650 1173 3357 1232 eine „Ueberraschung sein werde, die „In
1625 1180 2622 1249 der Worte sprechen würde, er habe immer gewußt, was
586 1180 1587 1235 er sein Leben sehr lieb habe, antwortet er beiter: „Ma¬
2646 1228 3353 1294 nun überrascht sein — der Würdigste ist
1622 1228 1922 1294 er zu thun habe.
590 1228 1590 1280 wird sehr recht damit haben, ich finde es so schön, jedenfall¬
2746 1266 3357 1325 Johann Freiherr v. Waldstät
1715 1259 2625 1325 Einen reinen Eindruck, wie ein echtes Kunstwerk,
586 1280 1584 1328 viel zu schön, um es aus einem solchen Grunde zu riskiren.
2656 1314 3360 1366 Sohn eines Feldmarschall=Lieutenants a
1618 1301 2622 1370 erzeugt „Freiwild" also nicht. Aber es wirkt sehr stark
586 1321 1594 1394 Die Lebensfreude, nichts als die Lebensfreude bestimm¬
2646 1359 3357 1418 zu Gospie geboren, kam am 25. Septem
1618 1359 2622 1418 weil es ausgezeichnet gemacht ist. In dichterischer Be¬
586 1366 1590 1425 ihn, allem Herkommen zu trotzen. Er weiß, daß Karinsky
2650 1411 3357 1463 Neustädter Militärakademie und wurde a
1622 1418 2622 1477 ziehung gegen die „Liebele" zurücktreten, bedeutet e¬
590 1414 1594 1477 schimpflich quittiren muß, wenn er ihm nicht Satisfaktion
586 1449 3360 1521 gibt, er weiß, daß Dieser das nicht überleben wird, er technisch einen großen Fortschritt Schnitzler's. Die als Lieutenant zum Infanterie=Regimen
2646 1508 3357 1566 gemustert. Am 1. Dezember 1851 zum Pi¬
1622 1504 2622 1559 Handlung ist sehr dünn, das merkt man kaum, sie setz
590 1508 1590 1559 weigert sich, auf ein Scheinduell einzugehen, er nimmt die
2650 1552 3346 1601 ferirt, avancirte er in demselben am 1.
1618 1549 2622 1608 mit einer hochgespannten Situation ein und steigert sich
590 1556 1590 1611 Mißachtung seiner Freunde und die Verachtung de
2646 1590 3343 1649 Oberlieutenant. Vom Jahre 1853 bis
590 1594 2622 1653 Anderen lächelnd auf sich, im selbstherrlichen Drange, sich ohne sichtbare Vorgänge trotzdem ununterbrochen, der
2656 1635 3350 1701 Freiherr v. Waldstätten die Krieg
586 1635 2622 1697 fruf auszuleben. Und dennoch verschiebt er seine lange vor¬ zweite Akt enthält fast nur Gespräche theoretisirender Art
2656 1690 3346 1739 sodann am 4. November zum
1618 1690 2622 1749 man lauscht in erregter Aufmerksamkeit, Alles wird, wie
586 1690 1594 1756 ber beschlossene Abreise und bleibt an dem Orte, der ihm
2653 1739 3329 1801 Generalstabe ernannt. Im
1625 1732 2622 1791 es überhaupt Schnitzler's sorgfältige Gewohnheit ist
586 1742 1587 1794 verleidet ist, er, der inzwischen der Bräutigam, ja mehr
2650 1777 3336 1846 in der Brigade Hartung als General
1625 1777 2622 1839 doppelt unterstrichen und zweifach untermalt, ma¬
586 1791 1594 1846 der Beschirmer und Beschützer Anna Riedel's geworden ist
590 1815 3357 1891 bleibt, weil er Karinsky nicht ausweichen mag, dem Ver¬ empfindet es nicht als zu viel, man geht mit, unbedingt Schlacht Magenta durch beson¬
1618 1877 3357 1932 mit, bis der Vorhang fällt. Sogar darüber täuscht der Tüchtigkeit aus, wofür er mit
597 1884 1594 1946 zweifelten, der ihm auf der Straße auflauert, um ihn zu
2653 1918 3364 1977 eisernen Krone dritter Klasse dekorn
1622 1922 2622 1977 Moment hinweg, daß die Schauspielerszenen keinerle
583 1925 790 1998 überfallen.
2653 1960 3364 2036 seine Tapferkeit, welche er in der
683 1939 2622 2036 Das ist menschlich ganz glaubhaft, aber hier ist es organischen Zusammenhang mit dem Ganzen haben, das
2653 2008 3343 2063 Solferino bewiesen, wurde er
1618 2011 2622 2073 sie nur so eingestreut sind, um amüsant die Zwischen
586 2011 1594 2077 unklug und inkonsequent. Führe Paul mit seiner Geliebter
2646 2060 3353 2118 mit dem Militär=Verdienstkreuz ausgezei=
1622 2063 2622 2118 räume zu füllen. Später fällt Einem das allerdings auf
593 2070 1594 2122 davon, lebenslustig dem neuen Glücke entgegen, es würde
2646 2111 3357 2163 1864 kam Baron Waldstätten als
1618 2104 2615 2167 Daß Anna Riedel die Naive einer Provinzschmiere ist, i
586 2111 1594 2174 ihm wahrscheinlich den Vorwurf körperlicher Feigheit zu¬
2656 2153 3343 2211 Zentral=Kavallerieschule, avancirte im
1618 2149 2615 2215 nur ein Zufälliges, Willkürliches. Sie könnte ebenso gu
593 2167 1594 2218 ziehen, so ist er seelisch feig, nicht im Stande, der zu
1622 2194 3312 2256 Brunnennymphe, Blumenmädchen, Probirmamsell, Kom¬ Major und veröffentlichte in dieser
586 2215 1594 2270 bleiben, als den er sich Anfangs stellte, er wird unver¬
1618 2239 3346 2308 ptoiristin oder sonst was sein, am Wesen des Stückes militärische Werke, darunter „Die Taktik
590 2260 1590 2312 nünftig, eigensinnig und damit unsympathisch. Und noch
2650 2294 3336 2360 dienst". Im Feldzuge gegen Pre¬
1618 2287 2625 2356 würde das nicht ändern. Das Heranziehen neben der
593 2294 1590 2360 ein anderes unangenehmes Gefühl gesellt sich hinzu. Pau
2646 2332 3357 2398 1866, erwarb er sich durch seine hervo
1628 2336 2619 2401 Handlung gebender altbekannter Figuren aus der Theater
593 2349 1594 2412 hat sich auf das Zusammentreffen mit Karinsky gerüstet
1625 2384 3357 2446 welt wäre dann aber durch nichts gerechtfertigt. Und man Leistungen das Ritterkreuz des Leopo
586 2401 1590 2453 er trägt einen Revolver im Sack. Aller Voraussetzung nach
2650 2429 3340 2487 29. Mai 1837 als Oberstlieutenant in
1625 2436 2625 2491 denkt: Ueberflüssiges, wenn es auch im Augenblicke ge¬
593 2446 1594 2501 wird der Lieutenant von seiner gewöhnlichen Waffe, den
2653 2481 3374 2539 Regiment Nr. 12 eingetheilt, wird er a¬
1622 2477 2622 2539 fällt, ist, künstlerisch genommen — mehr als überflüssig
593 2487 1590 2543 Säbel, Gebrauch machen, Paul wird also mit dem gefähr
2646 2522 3360 2598 zum Obersten im Generalstabe befördert
1625 2532 2622 2588 Aber gerade in diesen Szenen offenbart sich die ganze
590 2539 1594 2591 licheren Revolver im Vortheil sein und sich überdies in
1625 2584 3340 2636 Liebenswürdigkeit des Schnitzlerischen Talents. Man tember desselben Jahres zum Professor
593 2584 1597 2636 Stadium der erkundirenden Nothwehr befinden . . . Daß
2650 2615 3357 2677 schule und am 26. April 1871 zum G
597 2622 2622 2684 Karinsky am Schluß schießt, schneller schießt wie Paul, ist möchte sie nicht missen, denn sie eröffnen eine freundlich¬
2639 2656 3353 2715 ernannt. Am 23. Oktober 1875 auf eigen¬
1618 2670 2432 2753 Perspektive auf ein künftiges Wiener Lustspiel.
597 2674 1594 2732 für Alle eine Ueberraschung. Und das wäre vielleicht das
2632 2705 3353 2794 Professur an der Kriegsschule enthoben,
2253 2712 2594 2798 Hans Koppel.
593 2726 1618 2801 Einzige, daß Einen gegen diesen aus seinen Anschauungen
