3484 4256
310 154 836 269 8. Freiwild
1004 149 1405 247 box 14/4
1925 66 2799 136 natürlich, seine Erinnerungen auskramt.
1924 113 2790 185 Vor einundzwanzig Jahren war das:
1918 158 2791 234 Korff hat mitgewirkt und Hubert Reusch,
1925 223 2794 280 und Rudolf Schildkraut, der damals weder
1925 259 2803 329 entdeckt, noch berühmt gewesen ist, hat den
1931 313 2794 370 Theaterkassier gespielt, eine Rolle, die es
1925 358 2706 418 dem Darsteller nicht einmal gestattet,
1931 389 2780 474 ganzer Person aufzutreten. „Freiwild
1924 447 2791 514 wurde natürlich sofort von der Zensur ver¬
1927 499 2802 563 boten. Aber zum Glück hat doch der Direktor
1933 548 2797 614 Jauner seine guten Beziehungen gehabt.
1925 591 2790 657 Wo doch sein Bruder bekanntlich ein ganz
1925 656 2799 717 hohes Tier bei der Polizei oder im Ministe¬
2393 688 2797 754 Kurz — er hat das
1925 700 2274 769 rium gewesen ist
1933 728 2796 803 Stück frei gekriegt. Allerdings mußten
1939 786 2793 859 ganz besondere Weisungen befolgt werden.
1933 834 2793 903 Weil doch die Herren Offiziere auf die
1931 889 2794 946 Bühne kommen sollten. Vor allem wurden
1929 930 2794 998 die Rosetten verboten, die bisher an Stelle
1936 982 2790 1048 der Sterne auf den Uniformkragen pranger
1931 1032 2799 1098 durften. Aber auch sonst waren noch ein¬
1945 1082 2802 1151 schneidende Aenderungen anbefohlen wor¬
1931 1126 2802 1188 den. Die uniformierten Schauspieler wurden
1931 1175 2810 1246 teils mit krummen Türkensäbeln, teils mit
1936 1234 2694 1299 malayischen Dolchmessern ausgestattet.
1933 1272 2806 1351 mit papageiengrünen Portepees geschmückt
1931 1323 2810 1389 waren; die Waffenröcke waren schottisch
1936 1372 2805 1459 karriert, die Hosen karmesinrot. Die Kopfbe¬
1931 1427 2806 1481 deckung hielt die Mitte zwischen einer
1939 1469 2803 1549 Portiermütze und einem Briefträgerkäppi.
1936 1529 2805 1585 Also ausgestattet, konnte man die „Offi¬
1931 1580 2805 1640 ziere" für indianische Medizinmänner oder
1931 1613 2800 1671 venezuelanische Gardereiter halten. Trotz¬
1936 1658 2812 1724 dem stand auf dem Theaterzettel: Baden bei
1932 1712 2805 1793 Wien, und nach dem letzten Vorhangfallen
1933 1771 2553 1856 gab es einen Sensationserfolg.
2029 1816 2808 1891 Diesmal paradierte eine blütenweiße
1936 1876 2810 1936 Sommerbluse mit rotem Aufschlag auf der
1939 1917 2805 1991 Szene, daneben schimmerte eine herrlich
1941 1963 2808 2025 echt mit Gold verschnürte Husarenattila
1941 2017 2814 2073 und vorschriftsmäßig ergänzten auf allen
1936 2066 2808 2128 Kragen die Sterne, silbern klirrten die
1941 2113 2808 2173 Sporen ... Aber trotzdem — oder eben
1941 2173 2813 2224 darum — war einem zumute, als ob von
1939 2217 2813 2278 einer Schachtel der Deckel abgenommen
1939 2261 2808 2332 worden wäre, die über zwanzig Jahre lang
1941 2312 2802 2365 im Winkel gestanden hatte. Spielzeug, ver¬
1948 2361 2808 2427 staubt and entseelt eigentlich, kraftlos ge¬
1941 2408 2810 2466 wordene Aufrichtigkeiten und Verlogen¬
1951 2455 2808 2526 heiten. Was sich nicht verändert hat, ist,
1941 2508 2812 2566 wenn man vom Substanziellen absicht, das
1941 2557 2814 2608 eben inzwischen zerbröselt ist; die elegante
1948 2604 2815 2668 Form, die Meisterschaft, einen wirklich
1951 2667 2815 2734 natürlichen Dialog zu führen, die Artur
1948 2694 2812 2758 Schnitzler immer und auch damals
1948 2753 2818 2819 schon besessen und die er ja seither noch um
1941 2801 2781 2873 ein Bedeutendes zu steigern vermocht hat.
2041 2847 2810 2906 Die Aufführung durchaus ansprechend,
1947 2899 2817 2959 in ihrem Mittelpunkt diesmal von Herrn
1951 2949 2824 3013 Strobl belebt, der den Oberleutnant mit
1957 2998 2820 3059 famosen Strichen zeichnete; man kann die
1948 3042 2820 3102 ekelhafte Schneidigkeit des Stänkerers von
1957 3093 2814 3158 Beruf, den Hergottsdünkel eines Niemands,
1954 3142 2815 3206 der Katzenjammer mit Melancholie zu ver¬
1951 3194 2814 3254 wechseln beliebt, nicht überzeugender dar¬
1951 3239 2820 3300 stellen. Herr Ze da, in seiner angenehm
1936 3291 2817 3379 arischen Gerasheit durchaus sympathisch,
2095 3457 2462 3580 en
1931 3643 2804 3705 die Her Richter und Norfolk sehr
1936 3691 2803 3751 verdienstlich, Frl. Rosenquist ohne alle
1936 3738 2803 3806 Süßlichkeiten, mit einem nicht alltäglichen
1939 3793 2797 3876 Fends an Gemüt und Herzlichkeit ausge¬
1936 3847 2078 3928 stattet.
