3484 4256
865 151 1283 263 box 14/4
172 155 700 263 8. Freiwild
2424 932 3164 1057 Wien teien. Einmal wird er die
165 983 2868 1131 den dürfen. Wohl verstanden: Der die Brechstange hat, um österreichische Minister zu stürzen. Antwort auf seine Frage bekommen müssen.
155 1070 2006 1161 gt das ganze pragmatische Budget. So grotesk es klingt, Oesterreich wird dann parlamentarische
2326 1168 3164 1232 seines gediegensten und besten Stückes ge¬
2016 1178 2303 1239 wartete Erfolg
838 1171 1996 1239 Bauern, Wirthe, Fleischer, Kellner und Stiefelputzer eines
165 1198 357 1272 enthält:
2026 1219 3161 1276 stört, weil der Hauptdarsteller Herr Sauer, der mit treuestem
838 1229 1986 1303 Alpenhotels zu Schauspielern gedrillt, welch treuer Chef und
158 1232 811 1333 Zeitung“: „v. Haymerle
2020 1272 3161 1320 Eifer trotz schwerer Krankheit bis zum vorletzten Abend
845 1272 1989 1350 nachsichtiger Freund er ihnen bis zum heutigen Tage ist, wie
2026 1316 3168 1370 ausgehalten, zusammenbrach. Ungeachtet dieses traurigen
842 1320 1986 1404 energisch er ihre körperliche Kraft bei allem Nebendienst des
158 1309 801 1414 ing des weiblichen Fach¬
2030 1363 3164 1441 Zwischenfalls hat das Deutsche Theater an dreißig Abenden
845 1370 1989 1434 Theaters zu verwerthen weiß, und wie das Kunstverhältnis
219 1387 811 1471 r. „Nachklänge zum
2023 1407 2653 1488 zehn Neu-Aufführungen gebracht.
845 1417 1986 1481 dieser Bauern an die schöne Poesie der theatralischen Baga¬
155 1441 821 1538 tionalen Orientalisten-
845 1461 1993 1525 bundenzeit gemahnt. Trotzdem wirkt — von den Ausnahmen,
2107 1441 3164 1522 Vier von ihnen waren Ibsen gewidmet,
845 1511 1989 1572 die der komische Terofal und die herb anmuthige
2013 1495 3161 1579 dessen tiefsinnige Mischung von Dichtung und Wahrheit,
151 1515 808 1623 ofessor J. Kirste. Mis¬
1744 1559 1993 1616 ihre Kunst
845 1559 1639 1646 Anna Dengg zu bieten pflegen
2023 1572 3164 1629 Größe und Dürftigkeit in lebendig fesselnder Darstellung
845 1606 1993 1680 immer dünner, ihre Literatur immer ermüdender. Diese
2030 1619 3164 1676 zu verkörpern, der Ehrgeiz des Deutschen Theaters ist. In
852 1653 1993 1720 Einsicht konnte vielleicht längst schon durch die Erinnerung an
2020 1666 3171 1724 den vielen Fahnen=, Partei- und Systemwechseln der letzten
158 1643 818 1794 des Romans „Abendkinder
845 1697 1989 1761 Anzengruber bewirkt werden, sie kam erst heuer, unmittelbar
2026 1713 3168 1771 Literaturjahre hat es dem düster ernsten nordischen Poeten
845 1747 1989 1814 nach dem Gastspiel des Deutschen Theaters, dessen vollwerthig
2023 1757 3171 1814 volle Treue bewahrt. Trotzdem erfuhr sein von persön¬
162 1754 586 1831 Bülow; Seite 14.
848 1798 1989 1858 Darbietungen eine viel zu gefährliche Nachbarschaft für die
2023 1804 3174 1868 lichen Einflüssen des Autors inspirirter Ibsenstyl, dem
848 1841 1754 1925 harmlos unbedeutenden Dorfschauspieler waren.
2020 1858 3168 1922 Berliner Richter den Werth einer Mitarbeiterschaft bei¬
939 1858 1996 1959 Man dankt dem Director unseres Volkstheaters die
2030 1909 3171 1969 messen, hier Anfechtung. Der letzte große Aesthetiker des
158 1865 448 1986 tilleton.
848 1919 1989 2006 Anregung, daß dieses für kurze Zeit den Schauplatz seine
2030 1949 3171 2010 neunzehnten Jahrhunderts fand, daß in der theatralischen
852 1986 1996 2057 Thätigkeit mit dem des Deutschen Theaters vertauschte.
158 1966 552 2064 Volkstheater.
2030 2000 3178 2053 Gewalt Schiller's ein zurückgehaltener Redner, in der selbst¬
852 2026 1993 2094 Während die Wiener ohne ausreichendes Repertoire
165 2010 788 2101 bei zum Gastspiele des Deutschen Theaters.)
2037 2043 3171 2121 ständigen Meisterschaft Goethe's ein unterdrückter Maler,
855 2080 2000 2148 mit Zurücklassung ihrer bedeutendsten Schauspielkräfte, viel¬
2033 2097 3181 2154 in den stürmisch wogenden Musikdramen Wagners ein ge¬
172 2097 811 2171 sind jetzt die Schlierseer wieder
858 2127 1993 2195 leicht auch mit zu viel Selbstgenügsamkeit und Leichtmut
2030 2141 3188 2205 borener Schauspieler zur Wirkung kommt; aus der Poesie
165 2151 828 2212 ung zwischen dem Wiener und dem
855 2175 1996 2245 in die Fremde zogen, gewann das Berliner Theater seinen
2033 2195 3174 2276 Ibsen's spricht die kluge Sicherheit eines Arithmetikers.
165 2195 821 2255 immer vertrauter. Im Vorjahr¬
855 2222 1996 2289 Erfolg durch den Ernst und die Sorgfalt, mit denen es sich
2026 2242 3184 2309 Die Anfänge seiner Kunst, die den alten romantischen
158 2245 821 2303 nen Don Carlos, der allerdings
868 2279 2000 2346 für Wien vorbereitete. Als gelte es, eine Niederlage abzu¬
2033 2292 3178 2366 Zauberwald erklingen ließen, seine spätere Entwicklung,
158 2292 828 2360 he Rhetorik bei Alexander Strakosch
858 2309 1989 2387 wehren, verstärkte es sein Personal, sicherte es seinem Reper
2026 2333 3171 2393 welche Probleme bekannter Meister in neue, bedeutungs¬
168 2340 828 2397 der Schlierseer heuer schließt sich
855 2363 1996 2447 toire die Werke junger Autoren, die man hier zu hochmüthig
2030 2383 3174 2447 volle Formen brachte, seine volle Reife und Selbstständig¬
172 2383 828 2447 Berufsschauspieler dem ländlichen
855 2410 1996 2488 angesehen, suchte es noch zuallerletzt der Wiener Litera
2037 2434 3188 2488 keit zeigen den nämlichen Zug einer scharf rechnenden
178 2437 831 2508 die Zuschauer, welche früher im
1750 2454 2003 2542 Schnitzler,
862 2461 1717 2528 tur einen Sieg zu erringen. Arthur
178 2478 831 2555 Schuhplattler so viel Naturlaute
865 2484 3195 2575 der dramatischeste in unserem literarischen Nachwuchs, Natur. Die Illusionen, der schwärmerische Funke, das
165 2528 838 2592 diese Künstler doch zu oft ihre
2033 2525 3178 2589 blendende Colorit seiner Vorgänger, Alles, was als
868 2555 2003 2629 sollte mit seinem „Freiwild“ zur Wirkung kom¬
168 2575 828 2629 der unsicheren des Theaters ver¬
2037 2568 3188 2646 Pathos oder als Resultat der Erregung zu erscheinen ver¬
168 2592 1993 2686 Schlierseern wie den Dauern, die men. Dies Stück treibt keinen übermäßigen. Auf
2037 2622 3188 2686 möchte, ist ihn fremd. Die peinliche Behandlung seiner
858 2643 2000 2720 wand an Tendenz, es wiederholt in schärferer
172 2666 828 2730 tionen geistlicher Führer das alt
2037 2669 3184 2747 Figuren, ihre gleichmäßige Führung, die scheinbar volle
862 2696 2006 2760 moderner Charakteristik die Moral, welche Sedaine
182 2713 828 2784 um dann die fromme theatralisch¬
2033 2713 3181 2787 Richtigkeit, in der sie alle Stadien menschlicher Empfin¬
865 2733 2003 2821 in seinem berühmten Sittendrama „Le philosophe sans le
172 2767 828 2831 räglichen Berufe zu machen. Aeußer
2033 2764 3181 2828 dungen vor unserem Auge zurücklegen, die langsame, von
862 2791 2010 2858 savoir den duellsüchtigen Officieren Ludwig's XV. vorhielt.
168 2814 838 2871 ursprünglich naive Auffassung, und
2037 2814 3188 2882 den früheren dramatischen Plötzlichkeiten so gründlich ab¬
865 2841 2010 2908 Die muthige und doch durchaus zulässige Art, in welcher
165 2858 835 2929 dlichen Kunststyl gesehen, erkannte
2033 2851 3184 2925 weichende Wendung seiner Situationen, die ironischen
868 2885 2003 2952 der junge Wiener Dramatiker für seine Ueberzeugung ein¬
168 2908 838 2969 n Dilettantismus. Kaum anders
2047 2908 3195 2993 Scherze, die zeitweilig wie eine Selbstversiflage auftauchen
868 2935 2010 3006 trat, nahm die Censur zum Anlaß, das Stück zu unter¬
168 2952 838 3030 darstellungsvermögen der Schlier¬
2104 2956 3188 3026 diese gesammte verblüffende Vermengung einer bald
872 2979 2000 3053 drücken. Die Jagd auf das arme „Freiwild" erfolgte au¬
172 3009 838 3067 in ihre Geschichte von Anfang
2037 3006 3188 3067 kühn ausgreifenden, bald ängstlich zurückhaltenden, bald
872 3030 2003 3097 heimlichem Versteck. Der eine unserer Directoren verweigert
690 3053 838 3107 lebendig
219 3046 663 3121 Münchener Künstlern
2037 3043 3188 3121 doppelsinnig verwirrenden, bald lichtvollklaren Darstellung
172 3070 2000 3154 Wir wissen, mit welchem Fleiß der die Aufführung, weil er Officier gewesen, der andere unter
2037 3097 3198 3208 ist die Frucht eines Talentes, das die Poesie wie ein
868 3117 2013 3198 brach rücksichtsvoll die Darstellungen; und nun wurde dem
175 3154 838 3225 sen Humor die Sorge deutschen
2033 3158 2538 3255 Rechenexempel behandelt,
165 3181 2016 3292 tentaten wiederholt weggelächelt, Dichter auch während des Gastspieles der Berliner der er¬
