3436 4256
201 139 311 229 8.
414 137 655 243 reiwi
893 133 1293 236 box 14/3
2240 123 2586 210 Telefon 19801.
1956 210 2842 290 Unternehmen für Zeitungs-Ausschnitte
2933 256 3110 318 Ausschnitt
2917 314 3016 407 Nr.
2126 314 2670 412 OBSERVER
1691 403 3110 490 1. österr. behördl. concess. Bureau für Zeitungsberichte und Personalnachrichten
1989 467 2814 563 Wien, IX/ Türkenstrasse 17.
1718 556 2881 625 — Filiale in Budapest: „Figyelö", VIII. Josefsring 31 a.
2268 650 2920 831 list, Wiener Stadt.
1691 709 2133 789 Ausschnitt aus:
2275 817 2659 965 4.
1998 883 2132 957 vom
2123 1052 2538 1149 Theaterzeitung.
1972 1119 2831 1187 Carltheater. Und wieder erhielt Herr Reusch von
1846 1174 2833 1224 Herrn Klein eine Ohrfeige und wieder wurde Herr Klein
1853 1219 2831 1272 von Herrn Reusch erschossen! Und doch ein anderes
1858 1259 2833 1309 Stück. Wir sprechen von Arthur Schnitzler's Schau¬
1858 1298 2828 1357 spiel „Freiwild", das nach einer langen glücklichen
1858 1345 2833 1409 Fahrt durch die deutsche Theaterwelt erst gestern in Wien
1849 1385 2833 1451 anlangte, in der Stadt, wo es geboren. Der Erfolg blieb
1849 1425 2833 1480 auch hier dem interessanten Werke tren. Der Dichter
1849 1467 2842 1522 wurde nach allen Actschlüssen stürmisch vor die Rampe
1854 1508 2833 1572 gerufen. Er tritt diesmal gestiefelt und gespornt als Dra¬
1854 1558 2842 1606 matiker auf, der nicht den Seelenständen nachspürt, sondern
1858 1595 2842 1647 einen äußerlichen Conflict mit sicherer Hand für das
1854 1631 2840 1689 Theater verwerthet. Aber auch bei dieser Arbeit lassen
1854 1673 2838 1728 ihn sein künstlerischer Sinn und sein literarischer Geschmack
1858 1721 2837 1771 nicht im Stiche. Das Schauspiel behandelt die Duellfrage,
1858 1764 2842 1810 die just in den letzten Tagen traurige Actualität
1862 1808 2846 1858 gewann. Der Stoff ist auf dem Theater heimisch, aber er
1858 1847 2842 1909 bleibt ewig neu. Als ein Mann des objectiven Ver¬
1862 1890 2840 1945 fahrens packt ihn der Verfasser an. Das Für
1865 1934 2846 1991 wird ebenso vernünftig erörtert, wie das Wiber.
1870 1970 2837 2034 Die Sache ist auf eine Ohrfeige gestellt und wird mit
1870 2014 2846 2078 einem Pistolenschusse erledigt. Der Vorgang ist ungeheuer
1870 2060 2842 2116 einfach und doch so wirksam. Ein Officier beleidigt eine
1870 2107 2847 2160 Schauspielerin, deren Tugend er nicht für waschecht
1867 2147 2842 2199 hält. Ein junger Mann, der das Mädchen liebt, gibt
1783 2187 2842 2240 50 dem Officier eine Ohrfeige. Das Ereigniß spielt
1771 2227 2846 2282 100 in einem Badeorte auf dem Platze zwischen dem Theater
2911 2235 3064 2295 inclusive
2929 2279 3039 2316 Porto.
1766 2281 2840 2325 200 und einem Kaffeehause. Der Officier, der keine Waffe be¬
2924 2306 3055 2348 Zahlbar
1716 2314 2846 2375 „ 500 sich trägt, ist nicht in der Lage, den Attentäter sofort
2894 2322 3087 2391 im Voraus.
1716 2357 2860 2412 „ 1000 niederzuschlagen. Der junge Mann wird zum Duell ge¬
1801 2394 3110 2465 Im fordert, aber er verweigert starrsinnig die Genug-hnitte ist das
1695 2453 3119 2517 Abonnemethuung. Als man ihn ersucht, auf seine Ehren steht es den
1695 2492 3016 2561 Abonnent bedacht zu sein, erwidert er kalt: „Nicht auf ändern.
1867 2528 2851 2592 das, was uns geschieht, auf das, was wir thun, kommt
1874 2570 2853 2631 es an." Und einem Rittmeister, der als Cartelltra, er bei
1876 2615 2856 2671 ihm erscheint, setzt er die Situation wie folgt aus¬
1874 2654 2854 2711 einander: „Für einen Schlag, den er verdient hat, soll
1883 2700 2860 2751 ich den Tod erleiden, denn ich nicht verdiene? Das
1879 2741 2858 2799 scheint mir nicht das richtige Verhältniß." Der
1883 2780 2858 2837 Cartellträger, der überflüssigerweise zum Bittsteller wird,
1879 2833 2853 2878 sucht ihm mit nicht minder guten Gegengründen beizu¬
1876 2865 2851 2920 kommen. Sie sind für ein Pistolenduell trefflich und für
1879 2899 2872 2973 ein Säbelduell stichhältig. Der Rittmeister, der sogar zum
1879 2945 2854 3014 zweiten Male bei dem Civilisten erscheint und ihm über¬
1879 2991 2851 3039 dies ein Scheinduell vorschlägt, mehr aus der Phantasie
1879 3034 2858 3092 des Dichters, als aus dem Soldatenleben gegriffen. So
1885 3075 2856 3137 einen Officier gibt es nicht auf unserem Planeten,
1892 3126 2854 3178 möglicherweise existirt er auf dem Mars. In beneidens¬
1888 3165 2849 3229 werther Selbsterkenntniß sagt er zwar: „Was kein andere
1888 3197 2862 3268 meiner Kameraden thäte, das ihne ich, aber er wird
1892 3259 2854 3313 dadurch nicht glaubwürdiger. Das ist höchstens ein Ein¬
1897 3297 2863 3357 geständniß der Schwäche — des Schauspieles. Alle Welt
1892 3343 2858 3393 räth nun dem Duellverweigerer, der Rache des Be¬
1885 3386 2860 3441 leidigten durch eine schleunige Abreise zu entfliehen, aber
1893 3425 2851 3499 er bleibt jetzt erst recht, um zu zeigen, daß es
1893 3460 2860 3517 ihm nicht an Muth fehle. Ja, er hat noch die
1885 3512 2860 3563 Ruhe, sich mit der tugendhaften Schauspielerin zu
1888 3558 2860 3608 verloben. Doch rasch tritt ihn die Rache an. Auf dem¬
1885 3586 2819 3650 selben Platze, wo die Ohrfeige gefallen war, sie
1883 3634 2849 3684 Officier den Mann zur Rede und schießt ihn über den
1883 3682 2842 3732 Haufen. Das sind die Hauptgeschehnisse, an denen sich
1888 3719 2846 3769 löstliche Episoden aus der sommerlichen Provinzheaterwelt
1883 3760 2851 3815 pig emportanten. Der endliche Director, der eifersüchtige
1883 3807 2851 3854 Komite, und die locker haben mit dem Auge
1879 3846 2862 3910 eines Humoristen geschaut und meisterlich geschildert. Mit
1883 3890 2849 3941 dem Spiele der Hauptdarsteller weren wir höchlich zu¬
1890 3933 2849 3991 frieden. Bürger und Officier, Herr Klein und Herr Reusch,
1897 3979 2854 4029 schlugen stammende Wirkungen aus ihren Rollen. Keiner will
1879 4021 2849 4075 besser sein als der Andere sind darum kann man von
1917 4064 2753 4110 edes sagen: Einer ist besser als der
