3436 4256
182 197 1293 288 8. Freiwild box 14/3
1887 1260 3286 1355 ung an zu retten, besonders da wohl Maßnahmen sich
2889 1340 3267 1413 bestand bekanntlich
390 1300 2867 1402 aber angenomen, alles das, was in Preußen gefordert wird, die meisten höheren Verwaltungsämter in Preußen im Besi
1635 1384 3296 1457 einer einzigen sozialen Klasse, nämlich des Kleinadels sind diejenigen Genossen
390 1399 1570 1461 wäre thatsächlich in jenen süddeutschen Staaten Rechtens,
1635 1490 3326 1555 die rechtslos ihre Ehre preisgeben müssen, wenn sie es zu seinem hche Sch
2899 1544 3333 1614 schaulich ins Herz gel
1646 1544 2870 1606 etwas bringen wollen. Bin ich etwa dazu da, meine Schau
728 1552 1297 1683 eller
1646 1588 3271 1665 pielerinnen zu ernähren? frägt der Theaterdirektor mit erwärmen können
2889 1643 3089 1730 Vers zu
1654 1643 2870 1716 naivem Sarkasmus. Also müssen sie sonst zusehen, wie sie si¬
3133 1657 3318 1737 Moden
1646 1701 1971 1759 etwas verdienen.
816 1668 1220 1774 Residenztheater.
3118 1716 3326 1781 Aus dem
1745 1716 2870 1803 Diesem trübseligen „Freiwild" eines gut geschilderte
3122 1767 3318 1818 Was abe
484 1730 1632 1825 Der liebe Herrgott hat für die Direktion dieser Bühne
3122 1803 3326 1861 Wenn er
393 1767 2885 1869 bisher das Aeußerste gethan in diesem sogenannten Sommer, Schmierentheaters steht als edleres Freiwild ein junger Mann
2990 1836 3340 1923 Ebensowenig in
390 1832 2874 1934 Der total verregnete Mai füllt nicht nur nach der Bauernregel gegenüber, welcher noch an die Ehrbarkeit der Schauspielerinnen
1654 1887 2870 1949 glaubt, und einen rabiaten sittenlosen Offizier öffentlich ohrfeigt
2892 1887 3326 1960 Stellung ein. Er
390 1920 1628 1978 „Scheuer und Faß, sondern er hat dem Theater volle Häuser
1646 1938 2867 1989 der von einer anständigen Naiden verächtlich spricht. Da¬
2889 1938 3322 2014 Leben wieder zu hab
393 1952 1628 2018 gebracht. Einigemale im Sommer freilich wird doch am End¬
1646 1985 3326 2047 Duell lehnt Herr Paul Rönning ab. Er hat (so philosophirt Arbeiten mag er ni
393 1996 1628 2065 die Sonne scheinen, und da dies merkwürdigerweise gester¬
2899 2040 3322 2102 sein Vater starb, gab
397 2025 2867 2138 der Fall war, nahm ein halbleeres Haus Schnitzlers) den Oberlieutenant Karinski „nicht beleidigt", sondern ver
1646 2087 3318 2142 dienter Maßen gezüchtigt; und dafür sich todtschießen richtig pietätlos se
401 2087 1621 2167 „Freiwild" entgegen. Es war außerhalb des Theaters
393 2127 3315 2215 herrlich, daß man Niemandem zürnen kann, wenn er den dus lassen will er nicht. Aber das Vorurtheil ist stärker als die Sohn brennenden
2889 2186 3311 2251 Bummler. Er liebt
390 2175 2863 2277 tenden Flieder der Schauspielatmosphäre vorzog. Eine Operette, Vernunft. Alle ziehen sich von Paul Rönning zurück, auch
1646 2226 2867 2284 Diejenigen, welche den Offizier verdammen. Denn er wus
2892 2229 3307 2298 sie liebt ihn nicht (s.
390 2247 1628 2313 eine Posse, das paßt allenfalls in den Sommer. Der Titel
1650 2277 2867 2331 sich schlagen. So wird der junge Mann zum Fre wild eine
2892 2280 3282 2349 dern", zu beschützen,
401 2287 1621 2360 „Schauspiel schreckt ab. Früher hat das Residenztheater un
1646 2324 3326 2393 Vorurtheils, und schließlich außerhalb des Duells von dem lebt. Für einen 25jä
397 2338 1621 2408 diese Zet pausirt. Jetzt spielt man (aus sehr stichhaltigen
1646 2382 3304 2430 erbitterten verzweifelten Lieutenant niedergeschossen. Nach dem ter Ton, und als es
390 2393 1625 2459 Gründen) durch, hatte bisher ein unbegreifliches Wetterglück
1643 2422 2681 2499 Mord fällt der Vorhang. Das Trauerspiel ist aus¬
2892 2426 3329 2488 rant zu einer bespektir
393 2448 1577 2521 und muß und kann nun einige heiße leere Häuser ertragen.
1734 2462 3304 2535 Der Fehler des Dramas ist aber nicht nur, daß es keinen Schütz kommt, findet
492 2491 1625 2550 Das Stück ist ein Tendenztrauerspiel und handelt von
390 2499 3307 2608 Duellzwang. Vor einem halben Jahre war das einmal wieder leitenden Gesichtspunkt bietet, sondern daß es zu unwerthige mindestens überflüssig
2881 2579 3296 2641 tim keinen Anspruch,
390 2575 2863 2655 eine brennende Frage. Broschüren, Zeitungspolemiken und Charaktere zu Trägern wichtiger Ideen macht. Rönnnig stirbt
2896 2623 3329 2685 Es ist viel Unreise in
1643 2626 2867 2688 gut. Er stirbt, weil er aus Ritterlichkeit einem Buben ein
393 2630 1617 2695 Reichstagsreden besprachen den Duellung leidenschaftlich
1646 2666 3322 2736 Ohrfeige gegeben; gut. Aber nun sehe man sich die drei eine Dosis Idealismu
397 2685 1621 2750 Der junge Herr Schnitzler, der Sohn des berühmten Wiene
1646 2728 3286 2816 Hauptfiguren einmal genauer an: das Mädchen, Rönning und aufgebaute Vorgang
393 2739 1625 2801 Halsarztes und selbst Med ziner, hat die Sache dramatisch be¬
2881 2761 3322 2830 Liebe zwischen den be¬
397 2779 1898 2845 handelt, aber dilatorisch; er hat sie nicht gelöst, so wenig wie den Offizier.
1741 2794 3311 2885 Schon das Milieu ist fatal, eine Theatergeschichte niederster erst entwickelt, schon
393 2823 1628 2903 Kaiser und Reich sie bisher haben lösen können. Sein Stück
2987 2863 3315 2939 Für den Dritten
404 2845 2867 2943 ist außerordentlich talentvoll, aber, in durchaus wohlgemeinem Art. Wohl hebt der Dichter die kleine Liebhaberin, um die
1450 2907 3322 2983 angebliches sich handelt, moralisch etwas heraus. Sie ist nicht so noch weniger empfin¬
393 2932 1391 2998 Sinne unreif, der Dialog stockend unbeholfen
1646 2958 3311 3031 gemein wie die Anderen. Sie soupirt nicht Nachts allein mit Miltärs zu diesem S
397 2965 1625 3067 veristisch — und der Schluß beweislos. Die szenische Wirkung
1643 3012 3318 3074 den Offizieren und hat keine Nebeneinnahmen. Soweit brauchte es ist denn doch trau¬
393 3038 962 3114 aber ist manchmal sehr stark
503 3034 3315 3136 Es scheint als ob der Titel schon doppelsinnig sein soll, der Dichter eine halbwegs anständige weibliche Motiv-Figur, und dem Obersten we
2885 3103 3318 3191 halb preisgegebener à
401 3107 2859 3187 „Freiwild“ können die Damen des Theaters genannt werden, Aber im Uebrigen ist sie doch sehr schwankend, unschlüssig un
393 3158 3322 3289 denen in unsittlichster Weise Jeder den Hof machen darf und sehr uninteressant. Wäre Schnitzler nicht Verist und hätte hin wird quittiren
