3484 4192
216 136 714 222 8. Freiwil¬
380 196 489 258 ne
907 127 1309 230 box 14/4
922 407 2192 491 (Deutsches Volkstheater.) Schnitzlers Schauspie
814 462 2190 543 „Freiwild“ ist dem Wiener Publikum vom Carl-Theater her
814 532 2190 591 bereits bekannt. Im Volkstheater hat es gestern eine entschieden
821 579 2185 644 günstige Aufnahme gefunden, bei der die tendenziös ausgeprägten
821 620 2181 675 Aeußerungen des Helden mit der trefflichen Bühnentechnik zusammen¬
826 673 2193 732 gewirkt haben. Die grundsätzliche Verurteilung des Duells, die der
818 714 2195 773 Autor seinem Paul Rönning in den Mund legt, geht nicht in die
821 763 2186 821 Tiefen des persönlichen Ehrempfindens, und wenn man diese
818 811 2181 871 dialektischen Exerzitien anhört, gelangt man zu der Wahrnehmung,
818 862 2181 914 daß es nicht bloß eine mechanische Weltanschauung, sondern auch
821 905 2193 962 eine anspruchsvolle mechanische Ehrauffassung gibt, die ihres Beifall
826 950 2181 1017 spendenden Parterres sicher sein kann. Mit der genügsamen Beweis¬
821 1001 2181 1058 methode Rönnings meistert der Verfasser zwar nicht die tragischen
818 1049 2174 1110 Konflikte, denen der Ehrbegriff zugrunde liegt, aber er schafft sich
818 1097 2181 1156 mit sicherem Theaterblick wirksame Kontraste. Schnitzlers Bühnentalent
821 1137 2185 1206 zeigt sich namentlich in dem ausgezeichnet geführten ersten Akt, der
814 1183 2186 1242 mit steter Steigerung und Spannung bis zur großen Schlußszene
821 1237 2178 1293 emporwächst. Die gestrige Aufführung bot zwar nicht das erfreuliche
812 1278 2185 1336 Bild einer fertigen Leistung, aber gute und amüsante Einzelheiten.
821 1329 2181 1384 Herr Kutschera gab sich mit dem Paul Rönning alle erdenkliche
821 1379 2181 1438 Mühe, freilich ist aus der konstruierten und nicht künstlerisch
821 1426 2181 1480 empfundenen Gestalt nur wenig herauszuholen. Glücklicher war Herr
821 1467 2181 1527 Kramer mit seinem ruinierten Kavallerieoffizier. Die prächtigen
821 1518 2181 1577 Episodenfiguren des Stückes gelangten durch Frau Glöckner und die
818 1565 2186 1621 Herren Jensen, Tewele und Höfer zu verdienter Wirkung. Herr
821 1613 2185 1666 Richter Roland hatte ein paar gute Momente im zweiten Akt.
821 1661 2185 1707 Aus dem Fenster der Theaterkassa grüßte die Stammgäste des
821 1702 2193 1760 Volkstheaters seine rasch erkannte und gewürdigte Maske. Das
821 1748 2190 1834 Publikum bewies sich sehr beifallslustig und rief den Autor wie die
824 1805 1510 1889 Darsteller zu wiederholten Malen.
1288 2226 1664 2332 Telephon 12801.
927 2308 2025 2392 Alex. Weigls Unternehmen für Zeitungs-Ausschnitto
1122 2386 1843 2523 E R
931 2492 2023 2583 Lösterr. behördl. konz. Bureau für Zeitungsberichte u. Personalnachrichten
1118 2569 1846 2672 Wien, I., Concordiaplatz 4.
1348 2643 1608 2721 Vertretungen
939 2660 2020 2746 in Berlin, Budapest, Chicago, Genf, London, New-York,
934 2731 2023 2808 Paris, Rom, Mailand, Stockholm, Christiania, St. Petersburg.
1214 2781 1750 2868 (Quellenangabe ohne Gewähr.)
936 2856 1388 2959 Ausschnitt aus:
1465 2896 2109 2999 denblatt, Wien
1280 2918 1475 3035 29
946 2978 1099 3052 vom
867 3026 2240 3112 ist um 10 — non
864 3104 2231 3160 nig unten zu von
859 3153 2231 3207 dia el no simi¬
862 3195 2233 3256 in
859 3246 2234 3310 noch un¬
1017 3337 2229 3408 ti , che si
859 3387 2123 3445 not
867 3404 2236 3493 chor von und mello o nim cum tot
876 3523 2234 3595 it is in in man nach
