3484 4256
878 213 1291 324 box 14/4
181 232 688 321 8. Freiwil
795 1254 1160 1363 Telephon 1129.
436 1329 1530 1430 Alex. Weigls Unternehmen für Zeitungs-Ausschnitte
662 1414 1359 1549 E R
431 1544 1529 1633 Lösterr. behördl. konz. Bureau für Zeitungsberichte u. Personalnachrichten
625 1611 1358 1708 Wien, I., Concordiaplatz 4.
857 1672 1120 1749 Vertretungen
436 1722 1523 1787 in Berlin, Budapest, Chicago, Genf, London, New-York,
443 1770 1529 1834 Paris, Rom, Mailand, Stockholm, Christiania, St. Petersburg.
718 1820 1259 1894 (Quellenangabe ohne Gewähr.)
440 1890 1480 2054 Ausschnitt aus Die Bombe, Wien
714 1994 890 2087 el
446 2020 615 2091 vom
793 2178 1071 2286 Theater.
526 2273 1484 2349 Deutsches Volkstheater. Zum ersten Male:
418 2323 1482 2408 „Freiwild"; Schauspiel in drei Aufzügen von Arthur
409 2394 1489 2468 Schnitzler. Es wurde stellenweise demonstrativ
412 2503 1499 2582 applaudiert, zum Schlusse jubelten zahlreiche Freunde
418 2542 1496 2641 den beliebten Autor hers — also ein recht schöner
845 2589 1496 2665 es kann nicht geleugnet werden:
429 2620 814 2695 Erfolg. Und doch
431 2653 1507 2727 dank einer heiklen Zensur kam das Stück post festum,
427 2701 1504 2791 nach „Rosenmontag und „Zapfenstreich"! — Das
424 2738 1502 2824 will was bedeuten! Dem Dichter ist bitter unrecht
436 2787 1512 2887 geschehen. Seine Philippika gegen das Duell ist durchaus
433 2833 1512 2932 nicht so aufrührerisch. Ein Genuß war die vorzügliche
433 2890 1510 2983 Darstellung. Man müßte den ganzen Zettel abschreiben,
433 2946 1514 3032 wollte man allen Schauspielern gerecht werden. Einer
438 2978 1515 3080 aber sei doch genannt: Herr Höfer (Leutnant Vogel).
438 3034 1523 3170 In den Künster seit ganz das Eigenes Bitus
421 3096 963 3215 war sein Armeedeutsch.
2225 1335 2580 1444 Telephon 1791.
1846 1436 2936 1530 tex. Weigls Unternehmen für Zeitungs-Ausschnitte
2032 1517 2765 1642 „OBSERVER
1849 1631 2941 1698 Lösterr. behördl. konz. Bureau für Zeitungsberichte u. Personalnachrichten
2033 1701 2777 1780 Wien, I., Concordiaplatz 4.
2263 1755 2535 1826 Vortretungen
1854 1811 2933 1872 in Berlin, Budapest, Chicago, Genf, London, New-York,
1852 1858 2933 1925 Paris, Rom, Mailand, Stockholm, Christiania, St. Petersburg.
2125 1901 2616 1983 (Quellenangabe ohne Gewal
1849 1947 2913 2081 Ausschnitt Salzburger Volksblatt
2036 2057 2300 2157 31. 1. 1915
1854 2095 2005 2167 vom
1771 2195 2775 2289 — Im Deutschen Volkstheater wurde am Sams¬
1753 2278 2779 2358 tag Arthur Schnitzlers „Freiwild“ zum ersten¬
1753 2319 2776 2389 male gegeben. Es hatte starken Beifall, der bei
1761 2374 2780 2434 dem Erscheinen des Dichters und an mehreren
1756 2410 2788 2489 gegen das Duell gerichteten Stellen geradezu de¬
1759 2466 2148 2554 monstrativ wurde.
