3344 4352
268 154 381 246 8.
974 135 1371 233 box 14/5
415 141 784 227 Freiwild
2663 457 2766 557 561
1358 477 1754 569 RADIO-WIEN
341 618 795 692 Zur Aufführung am
1239 608 1865 725 Artur Schnitzler
338 670 848 758 Sonntag, den 26. Mai
1254 698 1865 763 Von Dr. Oskar Bendiener
1182 758 1924 823 (Hiezu eine Inhaltsangabe auf Seite 564)
1579 789 2757 875 Szenenreihe „Reigen“, nahe dem Jahrhundertende
382 808 1533 901 Als Sohn eines berühmten Mediziners am 15. Mai
1591 857 2749 928 geschrieben und vorerst nur als Privatdruck ver¬
471 867 1527 922 1862 in Wien geboren, wendete sich Artur
1579 910 2759 983 breitet, gelangte erst in der Nachkriegszeit auf die
353 915 1524 975 4 Schnitzler zunächst gleichfalls der ärzt¬
2132 955 2749 1020 der Beatrice, ein farben¬
1582 953 2101 1026 Bretter, „Der Schleier
344 967 1531 1030 lichen Wissenschaft zu, um jedoch schon in jüngeren
1579 1002 2756 1073 prächtiges Renaissancegemälde, psychologisch unge¬
344 1017 1528 1070 Jahren mit seinem ersten Buch so bedeutsam hervor¬
1579 1044 2752 1109 wöhnlich interessant, scheint nur — für den Durch¬
344 1063 1530 1122 zutreten, daß er sich bald darauf der Literatur als
2144 1104 2757 1177 Charakteren und Begeben¬
1574 1109 1960 1170 schnittszuschauer
344 1109 1528 1171 seinem eigentlichen Lebenszwecke ergab. Dieser be¬
1579 1156 2276 1226 heiten etwas zu feingesponnen.
341 1153 1530 1220 merkenswerte Erstling hieß „Anatol, Ausschnitt
1646 1193 2760 1257 Nach 1900 wird der Dramatiker Artur Schnitz¬
344 1205 1533 1262 aus dem Leben der Wiener jungen Leute einer be¬
1582 1247 2763 1309 ler immer gedämpfter. Im „Einsamen Weg (1903)
347 1254 1533 1331 stimmten glückgesegneten gesellschaftlichen Schichte
2108 1294 2753 1367 beschäftigt ihn das Todesrät-
412 1308 1011 1380 ungefähr um die Jahrhun¬
2305 1346 2759 1410 neben dem Liebes¬
350 1358 1004 1419 dertwende — und verriet, ob¬
2105 1392 2765 1474 und Spielmotiv durchgehends
353 1408 1001 1477 wohl noch von neueren Fran¬
2108 1445 2763 1518 eines seiner Hauptthemen
344 1456 1010 1515 zosen beeinflußt, des jungen
2185 1490 2763 1555 der „Marionetten-Zyklus
353 1506 1001 1574 Autors markante künstleri¬
2114 1528 2760 1625 „Der Puppenspieler“, „Der
350 1560 995 1606 sche Physiognomie, seine zärt¬
2111 1586 2757 1652 tapfere Cassian, „Zum gro¬
350 1603 1008 1663 liche Anmut, seinen geistreich
2108 1637 2763 1693 ßen Wurstel") grübelt den
356 1654 995 1709 funkelnden Witz, seine ver¬
2108 1690 2765 1743 Möglichkeiten seelischer Be¬
359 1696 1007 1766 blüffende Dialogbeherrschung,
2114 1730 2757 1789 einflussung nach, indes „Der
356 1757 1010 1807 seine unbarmherzig-bohrende
2107 1782 2759 1843 Ruf des Lebens (1905) mit
359 1801 1010 1864 Seelenkunde, seine genaue
2114 1828 2757 1904 grellen Mitteln Fragen (pri¬
359 1850 1017 1902 Kenntnis des dargestellten
2108 1880 2765 1941 mitiver) Erotik und (difficiler)
359 1902 1014 1961 Milieus. Dazu seine schon zu
2113 1932 2760 1987 Berufsehre durcheinander wir¬
356 1948 1014 2004 Beginn stark angedeutete
2105 1979 2763 2038 belt. „Komtesse Mizzi (Der
350 1994 1008 2059 ironisch-melancholische Welt¬
2114 2027 2760 2101 Familientag) — 1907 — zeigt
356 2046 1001 2110 anschauung, den skeptisch¬
2114 2077 2757 2148 Schnitzler als über¬
359 2098 1017 2156 pessimistischen Unterton, den
2114 2118 2765 2182 legenen Kenner und Schil¬
356 2144 1014 2199 bis zur bitteren Aufrichtig¬
2114 2178 2765 2231 derer der aristokratischen
353 2197 1014 2252 keit forcierten Wahrheits¬
2111 2221 2765 2282 Sphäre, der schon technisch
359 2240 1010 2307 und Gerechtigkeitsdrang. Ge¬
2547 2273 2760 2336 personen¬
2111 2264 2473 2328 beachtenste,
359 2290 981 2353 müts-, Leidenschaftswerte
2108 2317 2759 2375 reiche Medardus bie¬
356 2330 1010 2402 unter steter unbestechliche
2111 2362 2757 2427 tet einen imposanten drama¬
359 2390 1014 2443 Kontrolle eines überwachen
2111 2418 2763 2491 tischen Querschnitt durch die
359 2437 1014 2491 Intellekts — verkennt der
2114 2470 2766 2538 napoleonische Epoche, ohne
356 2485 1014 2550 Dichter keineswegs, rückt
2117 2514 2763 2574 Napoleon selbst auf die
359 2529 1007 2588 sie vielmehr sehr nachdrück¬
2117 2557 2765 2631 Bühne zu bringen. Im „Wei¬
362 2578 1020 2648 lich in den Mittelpunkt. Er
2117 2612 2768 2680 ten Land" (1910) erwächst
356 2634 1017 2686 faßt die Dinge hart mit der
2117 2664 2771 2729 aus vielgestaltigem Gewirr
1405 2664 1724 2732 Artur Schnitzler
356 2683 1010 2737 Sonde des Arztes an, betrach¬
1376 2714 1752 2787 (Aufnahme Franz Löwy)
2117 2713 2772 2787 menschlicher Beziehungen ein
356 2731 1021 2803 tet sie völlig illusionslos, läßt
2120 2772 2765 2833 düster resignierender Ab¬
365 2781 1023 2849 Weniges — und das nur für
1589 2808 2768 2872 schluß. Eminent geistige Probleme traktieren „Pro¬
356 2814 1543 2885 kurze Frist — dies freilich in unerhörter Intensität
1600 2857 2766 2923 fessor Bernhardi und die Einakter „Komödie der
365 2880 513 2950 gelten.
1600 2910 2774 2975 Worte. Die „Komödie der Verführung hingegen
427 2918 1545 2978 Bezeichnend für Schnitzlers Nachdenklichkeit,
1597 2958 2771 3017 sowie „Der Gang zum Weiher" (Früchte der letzten
360 2969 1531 3036 daß schon seine zweite Arbeit, das Drama „Ein Mär¬
1600 3005 2771 3070 Nachkriegsjahre) nehmen das erotische Fundamental¬
362 3026 1542 3087 chen (1891) — damals ziemlich kühn — ein heikles
1597 3047 2771 3124 thema des Jünglings und Mannes Artur Schnitzler
362 3067 1542 3125 Problem aufgreift, für die Frau mit Vorleben Ver¬
1594 3106 2602 3174 in gereifter herbstlicher Weisheit wieder auf.
354 3113 1545 3189 ständnis und Schonung fordert. Der große Wurf indes
1666 3143 2771 3213 Nicht minder bedeutend und fruchtbar ist
365 3167 1542 3227 war erst die Wiener Komödie „Liebelei" (1894), die
1600 3205 2771 3263 Schnitzler als Erzähler. Schon die frühe Skizze
359 3224 1545 3279 mit bis dahin nie gesehener Naturtreue die Welt der
1611 3262 2765 3318 Sterben" (1892) war ein realistisches Meisterwerk.
371 3266 1536 3340 jungen Lebemänner aus begütertem Haus und die der
1601 3300 2772 3370 Von der großen Anzahl seiner späteren Geschichten
365 3318 1540 3380 süßen kleinen Vorstadtmädeln kontrastierte, und die
1597 3347 2766 3414 seien „Die Toten schweigen, „Frau Berta Garlan,
365 3376 1539 3432 einfache, aber meisterhaft geführte Handlung zu er¬
1598 3390 2771 3462 „Lieutnant Gustl“, „Geronimus und sein Bruder“, „Die
363 3407 1549 3478 schütternder Tragik emporführt. 1896 erschien „Frei¬
1597 3447 2771 3516 Hirtenflöte" hervorgehoben. In den jüngst verflossenen
371 3465 1546 3522 wild, theatralisch überaus stark. Ein Spiel, das wegen
1597 3505 2772 3555 Jahren gesellen sich hiezu noch „Badearzt Dr. Gräs-
362 3511 1546 3576 seiner gegen Duell-Unfug und gewisse Theatersitten
1600 3543 2769 3616 ler, das „Spiel im Morgengrauen, die psychoanaly¬
371 3568 1552 3632 gerichteten Tendenz großes Aufsehen erregte. Zu
1600 3601 2775 3659 tisch angehauchte „Traumnovelle, das keck-mitleids¬
365 3605 1549 3671 seinen wuchtigsten Bühneneingebungen zählen die
1597 3641 2771 3700 volle Gesellschaftsbild „Fräulein Else, der ergreifend¬
368 3653 1548 3734 Einakterzyklen „Paracelsus", „Die Gefährtin", „Der
1597 3691 2771 3757 sachliche Leidensweg einer Erzieherin „Therese
371 3700 1551 3777 grüne Kakadu (Bild aus der französischen Revolu¬
1603 3743 2777 3809 „Buch der Sprüche und Bedenken bringt in knapp¬
371 3754 1551 3813 tion) sowie „Lebendige Stunden mit der unvergeß¬
1597 3792 2771 3852 epigrammatischer Form tiefgründig endgültige Er¬
371 3812 1552 3863 lichen Spitalsszene, „Die letzten Masken und der
1600 3850 1846 3927 kenntnisse.
368 3850 1557 3942 bissigen Metiersatire „Literatur. Die derb-erotische
