3484 4224
258 165 351 245 8.
396 165 686 272 Freiwi
961 169 1375 272 box 14/3
703 162 799 289 1
648 682 1288 789 schaft um sich — but on rion.
651 730 1709 837 höchst ungeschliffene Gesellen. Da wurde also, in dieser Gezeu¬
1805 785 2139 878 reichischen St.
651 799 1785 878 eine Sprache geführt — also — das ist nicht zum sagen. Diese
1809 816 2666 916 der orientalischen Bahnen in Uestus war.
655 868 1771 927 alten Kerle redeten ja, als ob sie — nein, bei einem Genossen des
1805 899 2604 944 goldene Verdienstkreuz mit der Krone verlichen
2952 878 3211 954 Frauen.
644 903 1774 989 Herrn Pippich waren sie doch nicht in die Schule gegangen. Si¬
1909 903 2921 992 Olga Dworschak k. Heute um halb 7 Uhr Morgens
2956 923 3386 996 beiden Vicepräsidenten
651 951 1771 1020 haben ja nur so theatralisch politisirt und über ganz mittel
1805 978 2921 1023 ist die Soubrette des Josephstädter Theaters, Fräulein Olga
2956 982 3411 1040 Helene Oertl und dem V
651 1006 1774 1068 alterliche Angelegenheiten. Herr Pippich und Genossen agirer
1809 1023 2914 1078 Dworschak, einem längeren Siechthum erlegen. Fräulein
2949 1023 3417 1099 Bruck, Franz Hochedlinge
644 1054 1774 1120 aber gewiß nicht theatralisch und kümmern sich ja nur um die
1809 1065 2918 1120 Dworschak begann ihre künstlerische Laufbahn am Badener
2952 1071 3407 1133 empfangen. Erzherzogin
655 1099 1764 1161 Gegenwart. Allerdings haben diese Herren im „Burggräfler
1809 1109 3414 1164 Stadttheater. Nach kurzen Engagements in Berlin und im über das Treiben in
1805 1164 3411 1254 eben in der „correcten, landläufigen Weise dem Säbel wäre verloren, wenn die
909 1206 1526 1295 Feuilleton.
1816 1237 2918 1292 seines Gegners zur Verfügung. Schlägt er sich aus körper¬
2952 1244 3411 1306 Paul beharrt auf seinem
1809 1282 2925 1337 lichen oder principiellen Gründen nicht, dann muß er die
2959 1288 3404 1354 wie ein Bube, und ich
1805 1323 2921 1375 demüthigende Provocation in seinen besten Empfindungen
2959 1323 3411 1385 damit ist die Sache er
1047 1313 1402 1416 Carl-Theater.
1809 1371 2921 1419 wühlen lassen. Reißt ihn aber die Entrüstung fort, dann kann
2952 1368 3414 1430 dringender, aber Paul en
641 1357 1771 1471 (Freitag den 4. Februar 1898 zum erstenmale: „Freiwild“, Schau¬
1809 1409 2925 1464 er sicher sein, mit blutendem Schädel in irgend eine Ecke zu
2956 1412 3411 1471 nehmen, wie ich ihm kein
806 1443 1616 1492 spiel in drei Acten von Arthur Schnitzler.)
1809 1450 2918 1502 taumeln. Wenn irgendwo die Klinge eines Officiers aus der
2956 1454 3417 1519 stedt, andeutungsweise un
741 1454 1771 1533 Der Officier, den ein Civilist beleidigt, zieht den Säbel,
1798 1492 2918 1547 Scheide fliegt, um einen allzu temperamentvollen Bürger
2949 1499 3411 1554 vor. Paul solle keinerle
655 1499 2918 1588 schlägt ihn seinem bürgerlichen Gegner um die Ohren und die niederzustrecken — man nennt das jawohl „züchtigen" — dann
2952 1540 3417 1605 Aber das Duell müsse si¬
651 1567 1774 1623 Sache ist, abgesehen von dem bischen Lärm, den die Zeitungen
1809 1574 2918 1633 fällt die öffentliche Meinung über den Einzelnen her, da
2952 1581 3366 1640 begnadigt mich also
648 1612 1774 1667 machen, vollständig erledigt. Wird aber der Civilist vom
1802 1619 2918 1688 man doch gegen das Princip, welches den Säbel dirigirte,
2952 1619 3414 1685 Paul hat mit seiner Frei
644 1650 1771 1726 Officier insultirt, dann muß er seinen Zorn meistern, denn er
1798 1664 2384 1733 kräftige Stellung nehmen sollte.
2945 1660 3411 1726 lassen. Da wird er gewa
655 1691 1771 1754 steht der Uniform waffenlos gegenüber. Er muß seinem auf¬
2952 1716 3414 1760 werde sich die verweigert
1884 1691 2918 1771 Das Schauspiel von Arthur Schnitzler „Freiwild“
644 1736 1767 1809 wallenden Temperament Gewalt anthun und die Beleidigung,
2956 1750 3400 1809 Nun wäre seine Abreise
1798 1736 2914 1819 behandelt diese Frage mit der nöthigen künstlerischen Objectivi¬
665 1774 1757 1829 für den Augenblick wenigstens, einstecken. Das ist aber da¬
2949 1791 3411 1840 der Abmahnungen des
1798 1809 2914 1857 tät und mit dichterischer Lebendigkeit. Ein junger Maler,
651 1819 1767 1874 schwerste und die jungen Leute des civilen Standes, welche
2945 1829 3411 1895 als Freiwild für den be¬
1798 1850 2918 1905 Paul Rönning, sucht nach schwerer Krankheit Erholung in
644 1857 1764 1912 ja leicht in die Gelegenheit gerathen, mit ihren mili¬
2949 1878 3404 1926 Act geschieht dann, was
1798 1895 2914 1943 einem Badeort. An dem kleinen Sommertheater findet er eine
648 1905 1767 1967 tärischen Altersgenossen zu collidiren, haben sich oft
2949 1915 3414 1984 unglücklichen Paul zusam¬
1802 1940 2921 1988 Bekannte aus der Stadt, ein junges, braves Mädchen, für
655 1946 1771 2002 schon die Frage vorgelegt: Was fange ich an, wenn
3035 1967 3411 2022 Die lebendigste Fi¬
1802 1977 2918 2029 das er sich interessirt. Die Officiere aber, welche hier den
648 1991 1767 2046 ein Officier mich provocirt? Man befindet sich da
2952 1998 3414 2070 dem alle Theile Recht be¬
1802 2015 2918 2070 Urlaub verbringen, betrachten natürlich das Theater als ihr
641 2029 1764 2091 wirklich in einer peinlichen Situation. Will man dem
2945 2043 3407 2095 Typus des verlumpten,
1795 2064 2911 2115 ureigenstes Revier und sind entrüstet, daß Fräulein Riede
648 2074 1767 2126 wassengeübten Beleidiger mit ungeschickten Händen gegenüber¬
2945 2088 3411 2153 nester zu tollen Aussch
1802 2105 2908 2160 alle Einladungen zu den flotten Soupers consequent ablehnt,
648 2115 1764 2174 treten, dann hat man wenig Chance, den Muthwilligen für
2945 2132 3411 2194 im Grunde ein guter K.
1802 2146 2908 2198 Anna Riedel sieht sich in ihrer Stellung schwer bedroht. Der
648 2157 1767 2212 seine Büberei zu strafen. Begibt man sich aber nicht auf den
2949 2170 3411 2236 esperado wird. Fast in
1802 2191 2911 2243 Director sendet ihr die Kündigung, die Colleginnen ziehen
644 2205 1754 2253 Kampfplatz, dann muß man seinen Zorn hinunterschlucken
2949 2205 3397 2270 solche Existenzen. Ihr
1798 2232 2914 2284 sich von ihr zurück. Sie erfährt eben, daß man ein freies
648 2246 1757 2298 muß an das Regimentscommando und an das Bezirksgerich
2939 2256 3411 2312 aller besseren und vorzüg
1802 2274 2908 2325 Wild wird, für Jedermanns Jagdlust, wenn man zum Theater
655 2287 1760 2336 Eingaben verfassen, worauf dann nach langwierigen Pro¬
2939 2294 3421 2367 eine permanente Gefahr
1798 2318 2901 2370 geht. Der Lieutenant Karinski stellt ihr am meisten nach. E
648 2332 1754 2384 ceduren die Sache mit einer Geldbuße zahm genug endigt
2945 2343 3411 2394 ihres Standes, übermüth
1791 2363 2911 2436 wittert in Paul den Nebenbuhler und provocirt ihn am
637 2377 1757 2439 ohne daß man aus all' den Schreibereien und Redereien da¬
2949 2384 3414 2446 stete Bewaffnung sind die
1791 2398 2084 2470 Kaffeehaustisch.
651 2415 1760 2467 Gefühl der Genugthuung mit davon nehmen könnte. Die
2945 2425 3404 2474 schwangeren Atmosphäre
648 2453 1757 2515 Chancen stehen wirklich zu ungleich, und wo der ewig
1881 2436 2911 2515 Paul aber schlägt bei dem ersten unstäthigen Wort, das
2939 2467 3417 2529 Kraft hat Schnitzler gezeigt
648 2494 1767 2549 Streitpunkt zwischen Männern, das Weib, in Betracht kommt,
1791 2498 3411 2563 Karinski über Fräulein Riedel gebraucht, dem Herrn werden, die dann lediglic
644 2532 1760 2587 ist für den Civilisten eine verzweifelte Zwangslage ge¬
1788 2549 2911 2598 Lieutenant mit der Haud ins Gesicht. Mit einem lauten
2939 2553 3411 2611 einen anderen als den ty
648 2584 1757 2635 schaffen. Nehmen wir an, ein junger Mensch speist mi
1791 2587 2856 2642 Schrei fährt der geprügelte Officier nach seiner Linken
2942 2598 3386 2653 ungemein feiner Zug,
648 2618 1757 2677 seiner Gattin oder mit seinem Mädchen in einem öffentlichen
1798 2629 2914 2680 der Säbel fehlt, denn man ist auf dem Lande und die
2942 2632 3411 2694 Principienser, noch ein p.
648 2666 1764 2718 Locale, und vom Nebentisch her fixirt irgend ein übermüthiger
1795 2673 2911 2725 Officiere gehen mit leichten Spazierstöckchen umher. Mit
2945 2680 3411 2735 ist. Er will ein Mensch
648 2708 1757 2756 Lieutenant die Dame mit den gewissen Blicken, die so zu¬
1791 2718 2908 2773 diesem Auftritt schließt der erste Act. Im zweiten Aufzuge
2942 2725 3411 2784 weder durch die Karin
648 2746 1764 2801 dringlich für die Frau, als beleidigend für den Mann sein
1798 2756 2904 2815 hat Paul die Secundanten Karinski's abgewiesen — er schlägt
2939 2763 3417 2825 darin hindern lassen. De
644 2790 1767 2846 können. Der junge Mensch, der einen harmlosen, vergnügten
1798 2797 2904 2852 sich nicht. Seine Freunde kommen und bieten ihm ihre
2949 2801 3414 2866 scenten darstellt, als ein
644 2828 1764 2887 Abend zu verbringen gedachte, sieht sich durch die Laune
1795 2835 2904 2894 Dienste an, er dankt, er braucht diese Dienste nicht, weil er
2935 2842 3407 2904 und nun erst recht den
648 2873 1767 2928 seiner uniformirten Nachbarschaft dem schwersten Conflict
1791 2880 3411 2939 keine Lust hat, sich erschießen zu lassen. Da kommt ein hat, macht ihn uns begre
648 2921 3411 2976 gegenüber. Wenn es der Frechheit in zweifarbigen Tuch gerade Kamerad Karinski's noch einmal. Er will als Mensch mit Lieutenant Karinski geohr
634 2963 1757 3014 behagt, muß er mit seinem Blute oder mit seiner Ehre bereit sein
1795 2970 3414 3025 Paul reden; als Officier darf er es ja nicht mehr, und er Privatsalon, überall geth¬
644 3001 1760 3052 dem Herrn Vaterlandsvertheidiger aufzuwarten. Schlägt sich
1791 3007 2911 3063 bittet den jungen Maler darum, Karinski die verweigerte
2932 3018 3400 3073 nicht zur Hand hat, aber
644 3035 3380 3118 der junge Mann und fordert also kurzweg, dann stellt er sich Genugthuung zu geben, Karinski damit zu retten, denn er hätte. Wäre Karinski
