3436 4256
178 196 1278 290 8. Freiwild box 14/3
2795 169 3013 224 tigen Tages
2784 207 3024 266 der Redekunst
1513 180 2653 277 eine weite Verbreitung der Seuche verhütet werden wird.
2789 246 3048 303 haben, ein W.
2780 285 3048 336 eine vollständ¬
1926 288 2440 358 Kunst und Wissenschaft.
2786 331 3045 378 verbunden, un
1664 332 3045 404 Residenztheater. Nichts spricht so sehr für den ge¬ haben, wie Kir¬
1592 380 2754 448 ringen dichterischen Gehalt der meisten modernen Dramen, als der
2784 400 3045 457 den Ergebnisse
1587 428 2753 483 Umstand, daß ihre Autoren — wenigstens zum weitaus größten
2784 439 3039 488 gebracht sein.
1594 463 3035 534 Theil — in den Mittelpunkt der Fabel irgend eine mehr oder minder unterziehen.
1592 501 3037 560 aktuelle Frage stellen müssen, um ihren Geisteskindern eine mit dem Buch
1601 536 3033 595 freilich nur allzu oft recht flüchtige Lebensdauer zu sichern. Die haben. Es me
1587 573 2747 637 künstlerische Verdichtung, die allein den echten Poeten macht und
2784 588 3030 637 fluß einer ge¬
1587 619 3030 672 machen kann, kommt dabei — wie das vollends bei der Behand=Uebersiedelung
1588 648 3024 701 lung von sensationellen Stoffen immer mehr einreißt — oft so kurz die Kirchbach
1585 689 3028 751 weg, daß man von einer Dichtung kaum mehr reden kann. Be¬ zur Entstehun¬
1579 720 2747 784 dauern muß dies die Kritik dann auf das Lebhafteste, wenn auch
2776 734 3028 784 kommt, daß es
1579 766 3024 819 ein Schriftsteller vom Range Arthur Schnitzler's, der in bach sich nicht
1585 795 2743 863 seinem dramatischen Erstlingswerk „Liebelei“ zu großen Hoffnungen
2868 808 2982 856 Die
1577 835 2991 891 berechtigte und namentlich in seiner österreichischen Heimath mit v. Gaudy
1587 869 2742 931 jauchzenden Evos begrüßt wurde, in diesen Fehler verfällt. Sein
2798 880 3021 933 Nr. 363) unt
1587 914 3010 970 jüngstes Opus „Freiwild, das vorgestern im Residenztheater und Novellen
1579 938 3019 1003 seine Première erleben durfte, behandelt auch eine der „Fragen, aller der Kur¬
1572 975 3015 1048 die den für nach Stoff suchende Schriftsteller bedauerlichen Vorzug ders lieben
1579 1015 2738 1076 haben, manchen ewig neu und interessant zu sein, die Frage nach
2775 1028 3022 1082 schiedene wie
1577 1056 3004 1118 der Berechtigung des Duells. Der Dichter Schnitzler giebt sich, lich vorgetrag
1579 1091 3013 1149 so vor Allem im Titel, zwar alle Mühe, uns glauben zu machen, neue Dichtig
1570 1140 2729 1190 daß ihm ein anderer Konflikt — eine Ehrenrettungsgeschichte de
2881 1144 3013 1192 Bei C.
1570 1166 3019 1227 Schauspielerstands, der ein „Freiwild für alle möglichen spitz¬ Die Künstlern
1572 1197 3010 1269 bübischen Gesellen sein soll — mehr am Herzen liegt, aber nach dem nimmt an B
1568 1239 2734 1302 ausgezeichneten ersten Akt kommt der Schriftsteller Schnitzleris.
2870 1252 3011 1306 Der K.
1577 1271 2997 1335 heftig in den Strudel der verschiedenen pro und contra=Erörter, die ihm von
1570 1320 2731 1379 ungen, daß ihm das Freiwild und seine Schicksale ganz gleichgiltig
2762 1328 3010 1381 position eine
1577 1357 2991 1410 werden, und es nur noch über das Duell in liebenswürdigen dem Roman
1583 1390 2997 1449 Feuilletonstil plaudert, ohne hierin seine Vorgänger in der drama¬ Kreisen deut¬
1579 1430 2997 1487 tischen Ausbeutung dieser Frage, so z. B. den leider zu früh verstorbenen Vertonung ei=
1581 1465 2995 1528 Alexander Roberts, dessen Schauspiel „Satisfaktion" vielleicht anvertraut w
1530 1504 2969 1559 Manchem noch in Erinnerung ist, nur halbwegs zu erreichen, bisher nur
1572 1552 2734 1601 „Grau, lieber Freund, ist alle Theorie, vollends auf der Bühne,
2767 1553 2997 1599 sich Leoncava
1574 1579 2964 1632 wo man rasch pulsirendes Leben und nicht langathmige Aus= Unterbleibt
1568 1620 2991 1676 einandersetzungen über Sujets hören will, die höchstens noch rede die Wahrung
1568 1651 2991 1715 seligen Reichstagsmitgliedern Stoff zum Phrasendreschen geben maßgebenden
1570 1693 2997 1748 Dabei ist natürlich die Frage ganz und gar nicht gelöst; auf die Din
1568 1733 2729 1785 es wird zwar immer an ihr herumgedeutet und um sie herum¬
2758 1735 2977 1787 bereit, dem
1568 1768 2995 1827 geredet, aber der Autor hütet sich, allzu entschieden Stellung zu würdigeren
1564 1805 2988 1856 nehmen; er fürchtet sich jedenfalls, grob und unhöflich werden zu scenischen un
1568 1842 2732 1897 müssen und möchte nicht gern dem Offizierstand auf den
2762 1849 2872 1897 stellen
1568 1871 2729 1934 Fuß treten. Auch wird viel zu sehr mit ungleichen Waffen ge¬
2758 1877 2986 1939 Skizzen wirk¬
1563 1910 2723 1967 kämpft, und besonders von Rönning als Mensch wissen wir zu
2872 1923 2966 1989 In
1566 1952 2719 2013 wenig, um uns intensiv für ihn zu interessiren. Der Schlu¬
2756 1948 2984 2016 Plessy, 78
1570 1989 2973 2049 ist dazu recht bequem für Schnitzler, und das Ganze wird welcher auch
1563 2025 2988 2082 dadurch in den Stil eines besseren Zeitungsberichts erhoben, letztes Auftre
1563 2062 2986 2115 Oberleutnant Karinski beleidigt in unflätiger Weise in einer sie kontrakte¬
1568 2104 2977 2152 größeren Gesellschaft die Naive eines Sommertheaters, ein durchaus dem dramat
1564 2139 2719 2192 anständiges Mädchen, und wird dafür in handgreiflicher Weise von
2753 2147 2982 2198 längeren erst
1568 2172 2929 2233 Paul Ronning, einem ganz gewöhnlichen, der reichen und ehr wurde sie
1561 2209 2938 2271 lichen Civilisten, zurechtgewiesen. Karinski der Rönning, dieser und ihrer
1564 2244 2723 2304 lehnt ab, da er sich mit einem Lumpen nicht schießen will; der
2753 2260 2944 2310 Sie nahm
1564 2286 2973 2358 Offizier, der eine Genugthuung haben muß, stellt Rönning auf eine außeror¬
1553 2321 2977 2378 der Promenade, und da dieser auch hier bei seiner Weigerung bleibt, vorstellung
1553 2354 2973 2420 wird er von dem Ehrenmann in Uniform einfach niedergeknallt, hierauf neue
1559 2393 2962 2450 Vorhang — Schluß. Die Musen verhüllen pflichtschuldigst ihr Pensionärin
1550 2440 2982 2499 Haupt, und auch der äußere Erfolg, der ja so manches Mittel zum von ihr creir
1563 2481 2723 2527 Zweck für den Dichter von heute heiligt, will diesem Werke allem
2831 2484 2958 2529 Das
1550 2508 2973 2551 Anschein nach — es ist schon mehrfach abgelehnt worden dücher un
2753 2545 2980 2598 (Inhaber Geo¬
1588 2547 2719 2620 nicht blühen. Und das ist schade, denn die Charak¬
2753 2584 2967 2626 gegeben. Da
1552 2576 2719 2650 teristik einzelner Figuren, wie die Milienschilderung im ersten
2753 2609 2977 2659 besten Reisebu
1553 2624 2980 2705 Akte, in dem Schnitzler das Leben und Treiben einer kleinen Einleitung ein
1498 2666 2973 2743 Sommerbühne mit rücksichtsloser Schärfe kritisirt, ist ganz vorzüg¬ eine eingehend
2530 2734 2727 2859 /
1601 2751 2453 2896 ber die
1416 2980 2663 3037 innlich; auch die Exposition ist frisch und sicher geführt, und wenn
1383 3021 1471 3068 egen
1500 3019 2664 3070 der Dichter in dem Ton geblieben wäre, den er im ersten Akte
1383 3059 2670 3109 lechte angeschlagen hat, und besonders das Verhältniß Paul Rönning's
1381 3098 2670 3151 rholt zu der Schauspielerin Anna Riedel mehr in den Vordergrund des
1381 3145 2663 3195 i den Interesses gestellt und weiter ausgeführt hätte, so wäre es anders
1383 3180 2657 3224 tsche gekommen, als vorgestern Abend, wo Einen schließlich nur noch
1383 3213 2661 3256 sung die gute Aufführung, und das Stück gar nicht fesselte. Das
1386 3246 2672 3296 Nach Ensemble war außerordentlich flott und bei Laune und spielte das
1375 3283 2663 3335 marz Schauspiel — einige textliche Entgleisungen abgerechnet — voll¬
1383 3318 1473 3364 durch
1502 3314 2663 3370 ständig im Styl des Dichters. Tadellos in der Charakteristik, in
1383 3360 2661 3406 tzung Haltung und Ton ihrer Typen waren die Herren Witt als Ober¬
1495 3393 2663 3441 leutnant Karinski, reptow als Oberleutnant Rohnstedt, Martini
1379 3417 2666 3482 dent als Leutnant Vogel, Friese als Poldi Grehlinger — ein echtes
1379 3474 2666 3520 Der Wiener Giger — und Burmester als Civilist Rönning. Von den
1366 3502 2661 3564 te an Damen konnte nur Frl. Garnow bescheidene Proben ihres Talents
1372 3549 2657 3595 ig der geben, während unter den Trägerinnen der Nebenvollen Frl.
1374 3584 2663 3632 eiden Stehle als freche Pepi und Frl. Lührssen als recht verliebte zweite
1374 3621 2666 3665 preche. Liebhaberin nicht immer angenehm ausfielen. Gute Figuren schufen
1372 3663 2664 3706 , in die Herren Dr. Manning als Dr. Wellner und Herr Sturm als
1497 3695 2657 3739 Heldendarsteller Balduin. — Die Regie des Herrn Rotter hatte
1500 3729 2657 3779 für eine lebens- und stimmungsvolle Inscene gesorgt, die des
1374 3729 1463 3783 an
1368 3772 2663 3821 Süden reichen Beifalls würdig war; nur die allzu realistischen elektri¬
1491 3801 2666 3851 schen Bogenlampen auf der Kurpromenade mit ihren Lichtfluthen
1495 3841 2659 3887 möchte die Kritik beanstanden, die sonst die Aufführung des
1362 3873 2664 3931 statt Schnitzler'schen „Freiwild" als eine theatralische Sehenswürdigkeit
1353 3911 2147 3985 wähnt, mit bestem Gewissen empfehlen kann.
2310 3913 2580 3974 P. A. Wolff.
1563 3930 2655 4003 Im Königl. Hofopernhause gelangt heute „Der fliegende
1362 3972 2652 4040 de von Holländer zur Aufführung. Die Senta singt Frl. Burckard
1364 3996 1467 4047 eitern
1362 4040 2657 4095 plan¬ a. G. Das Königl. Hofschauspiel giebt „Gräfin Fritzin. Die
1486 4064 2137 4126 Vorstellungen beginnen halb 8 Uhr.
1566 4097 1732 4165 Mitte
