3436 4192
209 207 305 284 3.
434 194 714 290 wild
863 165 1284 276 box 14/2
1341 829 1796 896 FELIX POPPENBERG.
806 842 909 906 1232
927 929 2339 1011 Und doch: nicht nur Hartlebens Gestalten wären leicht überzeugender
808 1000 2341 1053 ausgefallen, auch der ganze Ton dieses Ritterstückes wäre ihm ad quater
814 1042 2339 1109 gewesen, wenn er von seinem Cynismus gerade hier ein Quantehen gegeben
802 1086 2347 1161 hätte. Er hätte dann spielend zu dem letzten Schluss kommen können, zu
814 1128 2157 1188 dem alle Guten kommen und den er schon im Kommersbuch fand :
1163 1195 1986 1261 Gekränkt an der Ehre, verläumdet, verkannt,
1165 1247 1809 1293 Behandelt mit schneidendem Hohne
1169 1286 1861 1345 Was wirft, von edlem Zorn entbrannt,
1159 1326 1819 1385 Der Mann der Welt an die Krone ?
1222 1360 1923 1416 Es sind vier Worte in stolzestem Ton,
1222 1410 1829 1474 Und ruhig zieht der Edle davon.
1291 1819 1888 1919 BERLINER SUITE.
1357 1996 1819 2080 FELIX POPPENBERG.
948 2124 2360 2220 Nachts, wenn die Klingeln der Pferdebahnen, das Donnern und Sausen
823 2205 2364 2260 der Stadtbahn schweigt, wenn das grellscharfe Licht der elektrischen Monde
823 2237 2356 2299 dem schummerigen Flackergaslicht einer schlafenden Kleinstadt gewichen,
833 2279 2362 2347 dann ist die Zeit, das alte Berlin sich aufzusuchen. Tags wirds zu hell über¬
831 2324 2356 2406 flutet und übertönt, der Gegenwartsrhythmus schlägt brausend darüber hinweg.
948 2368 2360 2433 Aber Nachts schweigt, trotz aller Weltstadtillusion, vom langen Minne¬
838 2420 2364 2489 pfad der Friedrichstrasse abgesehn, das hastende Treiben. Und die neuste Er¬
831 2450 2366 2517 rungenschaft, der Nachtomnibus in seiner monströsen schwerhinschwankenden
837 2508 2093 2588 Archenform, stimmt zu den alten Bildern, die wir suchen, gut.
948 2542 2366 2606 Als Gefährte wandelt neben uns E. Th. A. Hoffmann, mit hastig
833 2604 2360 2652 trippelnden Schritten; das bizarre Gesicht zuckt in tausend Fältchen, possir-
833 2633 2366 2698 lich und unheimlich zugleich. Und er, der im nüchtern nikolaitischen Berlin
837 2679 2366 2746 das Spukhafte entdeckt, die Geister die unter der Hülle schlummern, führt
835 2732 1263 2798 uns durch die Nacht.
963 2736 2366 2836 In die alte Königsstadt geht es über die Kurfürstenbrücke, wo er einst
833 2807 2368 2869 den armen Geheimen Kanzleisekretär Tusmann zum grossen Friedrich Wilhelm
833 2853 2368 2920 auf das mächtige Ross gehext. Wie düster liegen die schwarzen Mauern des
838 2895 2368 2976 Königschlosses an dem trüben Wasser, mit seinen stumm-trägen Kähnen. Nur
838 2941 2366 3009 wenige Minuten und wir sind im berlinischen Griechenland, auf der Museums¬
838 2989 2364 3049 insel mit ihren südlichen Arkaden, ihren überragenden Säulentempeln, so ver¬
838 3032 2364 3093 wunschen hineingestellt in die nordische Nebelwelt, und über dem Wasser
838 3068 2368 3135 bizarr kontrastvoll schimmert die zopfige Gartenmauer von Schloss Monbijou.
959 3118 2368 3189 Es ist pikant, wie sich die Städte das Land der Griechen mit der Seele
842 3162 2373 3227 suchten und ihr eigenes Wesen mit dem Fremden keck und skrupellos amalga¬
848 3202 2379 3273 mirten. In München eint sich wie zum Fastnachtsscherz Griechentum und
838 3252 2372 3318 Bierphilisterium. Hier die Propyläenweit mit ihren edlen Säulenbauten in
838 3298 2375 3360 stiller heller Ruhe. Durchschreitet man das erhabene Thor, so kommen schnell
838 3341 2373 3406 derbfrische Biergärten mit grünen Tischen unter überhängenden Bäumen, mit
848 3396 1664 3467 polternden Masskrügen und Radiweibern.
965 3412 2373 3494 In Berlin aber reckt in die festlich heitere Feierpracht hellenischer
846 3475 2381 3557 Architektur eine eisengeschiente Riesenhand sich hinein. Wie im zweiten Faust
