3484 4000
909 177 1306 275 box 14/4
211 177 533 287 8. Frei
735 1112 1876 1177 Wiener und des Deutschen Theaters. Jenes bevorzugt die
190 1128 699 1209 unbestimmten und räth¬
742 1164 1877 1228 Persönlichkeit, dieses strebt nach einem tieferen Totaleindruck.
197 1178 703 1254 tig zu erbitten. „Seid ihr
745 1217 1871 1278 Ein solches, mit zähem Eifer festgehaltenes Ziel fördert
207 1237 706 1299 Dichter auf die schlichten
749 1258 1870 1331 freilich die Darstellung des Fesselnden und Blendenden viel
207 1278 703 1349 ich in seiner verletzenden
739 1305 1878 1365 weniger als die des Ueberzeugenden und Wahren. Schröder,
197 1326 703 1403 t dies olympische Urtheil
747 1346 1870 1412 der Reformator der deutschen Schauspielkunst, meinte: „Eine
241 1371 702 1441 Commentatoren. Auch
742 1411 1883 1473 gute Aufführung muß jeder Rolle geben, was ihr gehört,
215 1428 707 1480 das Scherzspiel wittert,
742 1443 1874 1535 nicht mehr und nicht weniger, dadurch werde jede, was
207 1470 706 1545 schen Schrecken. „Hedda
750 1506 1886 1560 keine neben ihr sein kann. In einem ähnlichen Geiste
384 1518 702 1602 ist die gnaden¬
201 1526 331 1592 hetiker.
750 1539 1877 1603 kräftigt sich die Einheitlichkeit des Deutschen Theaters.
197 1570 610 1626 elche Nora predigt,
747 1587 1880 1650 Natürlich hat diese Richtung keinen Raum für die Launen
203 1622 709 1683 lektik Ibsen's findet, das
750 1633 1883 1699 des Virtuosen, der auf Kosten seiner Umgebung und des Stückes
198 1667 705 1739 rovinz=Amazone sei nur
747 1682 1880 1740 in den Vordergrund tritt, natürlich duldet sie keine aus ruchs¬
194 1710 707 1777 eldin einer Tragödie des
747 1731 1881 1791 volle Rollenbegehrlichkeit des Schauspielers. In den Be¬
194 1760 700 1831 all diesen fabelhaften Er¬
762 1771 1884 1843 setzungen der Berliner gibt es keine großen und kleinen,
207 1808 706 1880 gen die Berliner Schau¬
753 1834 1880 1883 keine untergeordneten und undankbaren Aufgaben, ihr künst¬
214 1856 707 1928 Ja, sie fügen noch aus
752 1870 1886 1971 lerisches System fordert die gleiche Hingebung Aller an eine
215 1907 715 1978 zu, wenn ihrem künstler¬
756 1924 1198 1991 gemeinsame Auffassung.
203 1955 697 2028 Meisters nicht ganz zuläng
851 1948 1884 2035 Zu seinem Vortheile besitzt das Deutsche Theater die
197 2004 717 2068 in diese die Unmittelbar¬
764 2010 1880 2082 freieste Entwicklungsfähigkeit. Es braucht keine Vor= und
200 2050 717 2115 i Dingen der Kunst wirkt
756 2071 1893 2124 Rücksicht für eine höhere Aufsichtsbehörde, es kennt den
203 2099 716 2169 son, nur der Zauber, den
762 2122 1703 2176 mächtigen Einfluß einzelner Schauspieler nicht
207 2151 722 2212 denden Kampfe der Bühne
753 2156 1884 2231 Talent und nur dieses entscheidet. Die deutschen Gäste
203 2209 716 2272 er die wirklich vorhandene
753 2215 1890 2268 verschmähten das literarische Geschäftsstück wie die
232 2245 723 2315 Ibsen's handeln zumeist
762 2252 1890 2319 frivole Bühnen-Industrie, die mit ihren lockeren Mitteln
210 2298 719 2370 forstellung, eines geistigen
762 2301 1895 2366 schließlich übersättigt. Auch in Berlin gruppiren sich nach
213 2350 729 2419 ne häufiger wir jetzt diesen
769 2358 1886 2420 Pariser Muster alle ins Unbestimmte strebenden Begabungen
207 2393 720 2457 Bühne begegneten, desto
764 2393 1884 2456 um vage Parteinamen und vertheilen an Stümper und
759 2453 1893 2509 Bummler vom Geiste literarische Ehren und Würden. Diesen
203 2446 719 2503 be der Schauspieler, weil
767 2489 1883 2562 Halbtalenten gewährt das Deutsche Theater keinen Einlaß,
207 2495 723 2577 des Dichters so selten die
759 2549 1887 2596 nur wenn man die besten Namen nennt, bezeichnet man
224 2544 391 2614 versucht.
769 2579 1888 2649 die Stützen seines Repertoires. Und doch wird sein Genre
210 2569 730 2659 sel ihr zuweilen in Italien
764 2629 1888 2690 ein immer begrenzteres. Lange vor der Gründung des
203 2649 725 2718 wie heftig inmitten ihrer
769 2683 1888 2750 Deutschen Theaters entwickelte Laube in Wien die Prin¬
207 2690 727 2750 mungen der Hörer los¬
764 2718 1891 2788 cipien einer nur auf sich selbst gestellten, nur durch die
200 2733 727 2803 Ibsen eine bemerkenswerthe
759 2764 1888 2837 eigenen Hilfsmittel geförderten Bühne. Sein Programm
207 2790 727 2847 ne ersten druckfähigen Verse
764 2817 1884 2885 klang damals halb wie das Glaubensbekenntniß eines fana¬
205 2834 726 2894 ad der Verherrlichung der
764 2877 1893 2935 tischen Puritaners, halb wie der Revanchegedanke einer von
208 2877 729 2959 gebung — hat der nordische
764 2912 1891 2979 heimtückischen Intriganten aus dem Sattel gehobenen
232 2931 725 2982 im Leben der Bühne.
772 2962 1894 3025 Kampfesnatur. Laube war der Meinung, daß das Talent
213 2979 730 3048 Werke interessirten durch
769 3009 1894 3072 des Schauspielers zu seiner Reife der Anlehnung an die
213 3024 727 3098 al trat in der Gestaltung
772 3055 1895 3125 Classiker bedürfe, daß es den verschiedensten Kunstrichtungen
290 3075 726 3142 charakteristisch hervor.
214 3112 1172 3199 die Verschiedenheit des gerecht werden müsse.
2002 1105 3052 1165 Dem Deutschen Theater wurden im Gegensatze zu
1911 1150 3046 1217 dieser Anschauung mit der Zeit Shakespeare, Lessing,
1911 1205 3054 1264 Schiller, Goethe „abgelegte Ideale“, es verschließt sich fast
1913 1247 3049 1316 vollständig der romanischen Literatur. Director Brahm ist
1911 1295 3054 1363 auch kein Regisseur im Sinne Laubes, der patriarchalisch
1911 1335 3051 1392 und absolut, liebevoll und streng seine Schauspieler unter¬
1911 1386 3055 1455 wies und für die lebendige Reproduction eines dichterischen
1920 1443 3051 1496 Werkes vorbereitete. Brahm genügt sich mit der Rolle eines
1917 1483 3056 1539 dramaturgischen Textredacteurs der Stücke. Wie die Wahl
1911 1530 3055 1586 derselben zeigt auch deren Einrichtung seine glückliche Hand.
1917 1580 3058 1646 Von der gewaltthätigen Zweitheilung der letzten Borkman¬
1917 1622 3058 1677 Scene abgesehen, zeigten alle dramaturgischen Aenderungen des
1917 1674 3052 1734 Berliner Directors eine nachdrückliche Förderung der Intentionen
1917 1721 3056 1771 des Dichters. Allerdings, die eigentliche Inscenesetzung bleibt
1927 1767 3052 1826 das Werk der Darsteller selbst. In dieser kleinen Gemeinde
1927 1814 3056 1877 künstlerischer Individualitäten wirkt der Verstand stärker als
1917 1857 3056 1935 die Phantasie, die Reflexion kräftiger als die plötzliche Ein¬
1920 1924 3051 1970 gebung. Die Berliner Schauspieler sind vorwiegend Charakter¬
1917 1951 3061 2011 darsteller. An ihrer Spitze Herr Nissen mit seinen
1927 1998 3059 2071 frappanten Masken, seiner Kunst, eine Fülle guter Beob¬
1927 2045 3059 2107 achtungen in richtigem Verhältniß für Stück und Rolle zu
1927 2092 3061 2158 verwerthen; Abend für Abend ließ er uns bedauern, daß man
1923 2147 3058 2211 ihn bisher vergeblich für die Wiener Bühne suchen mußte.
1930 2204 3064 2255 Schauspieler ähnlicher Art und Bedeutung sind die
1923 2235 3059 2298 beiden so verwandlungsfähigen Herren Reinhart und
1927 2279 3061 2352 Sauer; ein Antoine deutschen Styls, nur mannigfaltiger
1923 2332 3062 2395 und kräftiger in seinen Mitteln als der Franzose: Herr
1930 2379 3058 2442 Reicher, der sich, wiewol als Apostel Ibsen's und Haupt¬
1931 2426 3058 2486 mann's weniger glaubhaft und ehrlich, trotzdem als
1931 2473 3061 2533 trefflicherer Genremaler der Bühne erwies. Selbst die Lieb¬
1928 2520 3058 2587 haber dieses Ensembles zeigen den starken Hang, zu indivi¬
1933 2566 3061 2631 dualisiren. Herr Rittner, der in getragenen Rollen durch
1930 2610 3058 2688 seine schmetternde Stimme, seine Physiognomie und die
1933 2656 3061 2727 manierirte Geberde seiner leichtgeballten Hand den Eindruck
1930 2711 3065 2770 eines zornigen Tenors hervorruft, gewinnt, sowie seine
1935 2753 3065 2824 Sprache in den Dialekt fällt und seine Kunst charakteristische
1930 2808 3062 2870 Accente annehmen darf; Herr Kaysler, ein schlicht über¬
1927 2852 3061 2920 zeugender Schauspieler, wächst in humoristischen Rollen, und
1930 2901 3065 2962 die interessanteste schauspielerische Individualität unter den
1930 2952 3059 3012 Frauen des Deutschen Theaters, Else Lehmann, hat mit
1930 2991 3062 3062 der Thräne und dem Lächeln der Soubrette einen Funken des
1930 3042 3068 3131 decidirten Darstellungstalentes der unvergeßlichen Niemann¬
1911 3105 2272 3191 Raahe gewonnen.
