3484 4224
136 153 396 241 8. Fr.
301 200 399 260 .
451 150 651 229 wild
826 146 1236 251 box 14/4
654 1176 2570 1293 Gesinnung gezeigt. Bei aller „Tendenz" aber, die gegen ein Revolverattentat mit dem Revolver ver¬
654 1224 1868 1296 Schnitzlers Drama hat, wird doch nirgend die teidigt hätte.
647 1269 1580 1336 Linie des Kunstwerks verrückt. Für die Institu
1656 1258 2572 1351 In einer Hinsicht ist somit dieser Schluß die
647 1305 2568 1403 tionen des Probemonats und des willkürlichen Schwäche des Stückes, in einer andern aber ist er
651 1355 1594 1427 Kündigungsrechtes des Theaterdirektors, aus
1620 1374 2551 1446 seine Stärke. Er wirkt nur um so mächtiger,
642 1410 2549 1477 denen sich naturgemäß nur zu leicht ein Er¬ nur um so aufreizender. Der Dichter befriedigt
647 1444 2549 1530 pressungssystem und Versuche der Minuendo- unser Rechtsgefühl nicht, er gibt ihm keine Ent¬
642 1484 2549 1563 Lizitation entwickeln, wie Schnitzler sie uns vor¬ ladung, er entläßt uns, indem er uns den Stachel
647 1537 2549 1615 führt, läßt sich überhaupt nichts vorbringen. Was nur noch tiefer in die Seele drückt. So hat auch
635 1580 1575 1642 aber die Duellfrage betrifft, so hat sich Schnitzler
1606 1587 2549 1658 Hauptmann in den Webern" einen ganz
637 1625 2546 1697 nicht verleiten lassen, Licht und Schatten unge¬ Schuldlosen vor unseren Augen als erstes Opfer
635 1661 1577 1728 recht zu verteilen, und er hat uns insbesondere
1604 1673 2546 1740 der Intervention der bewaffneten Macht hinsinken
647 1704 2549 1787 auch sympathische, vernünftige Vertreter des lassen. So hat auch Heijermans in der „Hoff¬
632 1735 2549 1835 Duellprinzips vorgeführt. Und was die Wirksam¬ nung" nicht im Theater unserem Grimme ein
637 1797 2544 1868 keit seiner Polemik noch erhöht, er hat nicht den Ventil eröffnet; er hat uns den Mann gezeigt,
642 1845 2549 1909 Stand angegriffen, in dem das Duellprinzip und der das Schicksal des verbrecherischen Reeders
635 1868 2546 1966 der Begriff einer Sonderehre verkörpert sind, er erfüllen wollte, aber er hat ihn die Tat, die
637 1921 2549 2007 hat, wie später im „Leutnant Gustl“, auch schon wir von ihm erwarteten, die wir von ihm
635 1973 2243 2035 hier gezeigt, daß die Angehörigen dieses privi- wünschten, nicht begehen lassen.
635 2014 1575 2076 legierten Standes durch ihre Privilegien" am
1647 1997 2546 2098 Die Darstellung verdient volle Anerkennung.
635 2062 1575 2114 meisten gefährdet sind, nicht etwa durch die „Ge¬
1604 2066 2544 2129 Sie hielt sich im frischen Tempo und ließ doch
640 2098 1573 2169 fährlichkeit" des Duells, sondern dadurch, daß sie
1604 2117 2537 2174 nirgends die notwendige Deutlichkeit des
635 2136 1568 2207 schuldlos oder um verhältnismäßig geringen
1604 2155 2539 2219 Wortes vermissen. In erster Linie sind wohl
637 2181 1568 2245 Schuld willen der Vernichtung ihrer Existenz
1596 2205 2532 2257 Kutschera, der den Gegner des Duellprinzips
637 2222 1570 2286 ausgesetzt sind, wenn der, mit dem sie in einen
1599 2250 2534 2312 gab, und die Darsteller der Offiziere zu nennen.
630 2265 1563 2339 Konflikt geraten sind, auf den Duellkoder Pfeift
1596 2288 2534 2348 Wenn Kutschera schlichte, einfache Naturen, die
675 2322 1539 2377 Freilich, in Schnitzlers Drama ist der Offizie
1596 2334 2534 2391 das Vernünftige als das Selbstverständliche ver¬
628 2350 1568 2424 der sich nicht die Satisfaktion durch ein Duell
1599 2374 2534 2441 treten, zu spielen hat, dann ist er unübertreff¬
625 2401 2534 2484 verschaffen konnte, schließlich der Sieger, denn lich. Einen tüchtigen Partner hatte er an Herrn
620 2444 2534 2529 er knallt den Beleidiger, der Beleidigung mit Kramer, aber vorzüglich waren auch Herr
630 2489 1563 2558 Beleidigung gefühnt, der sich seine Genugtuung
1596 2508 2534 2568 Höfer und Herr Jensen als die Darsteller
628 2534 1558 2591 selbst genommen hatte, auf offener Straße nieder
1592 2541 2534 2615 der beiden anderen Offiziere. Famos in Maske
618 2580 1563 2632 er nimmt sich seine Genugtuung auch selber, und
1592 2589 2534 2654 und Spiel war Herr Tewele als Schmieren¬
625 2627 1556 2680 wir dürfen nicht für ausgeschlossen halten, das
1589 2634 2534 2701 direktor. Wie wohl der Mann, den er darstellte,
623 2663 1558 2725 das Militärgericht den Mörder freisprechen wird.
1596 2675 2525 2744 über die Beistellung der Kostüme in Kostüm¬
625 2713 1556 2773 Aber dieser Abschluß ist doch nur ein willkür
1599 2718 2525 2782 stücken für die Mitglieder denkt? Gewiß ganz
625 2751 1558 2806 licher: daß der Offizier der raschere von beiden
1594 2763 2525 2821 so, wie der Deutsche Bühnenverein es seinerzeit
623 2799 1558 2849 war, ist nur ein Zufall, nur souveräne Ent¬
1589 2811 2525 2878 mir und anderen gegenüber mit solchem Nachdruck
623 2837 1542 2895 scheidung des Dichters. Im „Leutnant Gustl
1584 2844 2529 2916 vertreten hat. Schlicht und innig spielte Fräu¬
628 2885 1556 2935 sehen wir es ja, was die Folge ist, wenn er den
1582 2890 2525 2952 lein Erl die junge Schauspielerin. Unter den
616 2921 1546 2983 Beleidiger nicht „findet, und im „Freiwild
1587 2935 2522 3002 Darstellern der verschiedenen vom Dichter mit
611 2971 1558 3033 könnten wir uns ganz gut denken, daß der
1587 2983 2522 3038 scharfen Auge gesehenen und mit sarkastischer
618 3016 1558 3071 andere, der ja doch gewarnt und auf seiner Hut
1584 3023 2520 3093 Laune gezeichneten Einzelfiguren seien besonders
616 3059 2513 3131 ist, der schnellere sein könnte — und ihn könnte Frau Glöckner und Herr Czasta hervor¬
601 3097 1771 3186 das Gericht gewiß nicht verurteilen, wenn er sich gehoben,
1635 3195 2515 3262 Die Vorstellung übte sehr starke Wirkung und
1594 3245 2525 3312 der Beifall nahm gelegentlich demonstrativen
2181 3281 2489 3353 Max Burckhard.
1594 3286 1880 3365 Charakter an.
1647 3346 2131 3460 Aus den Wiener Theater
