3436 4064
858 184 1264 276 box 14/2
171 196 690 298 8. Freiwild
615 263 699 302 .........
512 571 598 656 -
610 647 1654 713 spieler sich aus einander legen sehen, löst sich in scharf
610 713 1648 763 geführter Konvergenz zum Schluß die eine Szene: der Ge¬
610 748 1650 805 liebte der reingebliebenen Schauspielerin ohrfeigt den
603 797 1647 860 Offizier, der dieser nachgestellt hatte und über ein unwill¬
603 852 1462 921 kürliches Lächeln jenes Mannes gereizt wurde.
696 890 1643 956 Von diesem Punkte an verläßt Schnitzler sein Milieu
619 943 1647 1006 so ziemlich und schreibt ein „Stück“. Der freie Mann
610 990 1648 1058 lehnt im zweiten Akt die Forderung des Offiziers ab; er
610 1045 1647 1112 habe nicht Lust, sein Leben einem Lumpen zu opfern, der
613 1088 1647 1161 von ihm bereits genügend gezüchtigt sei. Ein Kamerad
615 1140 1650 1207 des Fordernden kommt zu ihm und erklärt ihm: wenn
624 1193 1651 1258 sein Freund sich nicht schlage, müsse er sich selbst beseitigen
619 1242 1647 1294 und werde vorher zweifellos seine Rache nehmen. Er
624 1287 1648 1357 schlägt ihm sogar ein Scheinduell vor, er appelliert als
622 1336 1647 1400 Mensch an den Menschen. Jener bleibt fest: man könne
615 1396 1650 1454 nicht verlangen, daß er um des Lebens eines Lumpen
615 1430 1650 1497 willen sein Leben aufs Spiel setze oder eine schändliche
622 1481 1651 1549 Komödie spiele. Der dritte Akt bringt das notwendige
619 1531 1652 1584 Ende. Der Offizier schießt seinen Feind auf offener
622 1577 1647 1651 Straße nieder, um ihm bald zu folgen. Jener hat den
622 1635 1652 1692 „Holzkomment vor sich gesehen; er ist ihm mit Mut ent¬
615 1681 1656 1754 gegengegangen, nachdem er ihm nicht hat ausweichen
614 1727 1656 1788 können, ohne feig zu scheinen; noch im Tode zieht er
624 1771 1650 1844 die Pistole, die er für diesen Fall in der Tasche ge¬
634 1839 833 1901 tragen hat.
703 1873 1658 1940 Die Auseinandersetzung mit der groben Außenwelt,
637 1929 1659 1985 nitzler bei der „Liebelei“ nur streift, hat er hier so
628 1971 1658 2043 sehr zum Thema des Stückes gemacht, daß einige glauben
619 2023 1660 2093 konnten, er habe ein Tendenzstück schreiben wollen. Der
627 2072 1652 2146 Dramatiker in ihm suchte — und hat den Dichter er¬
624 2120 1662 2185 tränkt. Das Milieu der Liebelei hatte er in wenigen Ge¬
637 2171 1652 2238 stalten scharf umrissen und ganz ausgeschöpft; das Milieu
628 2222 1654 2294 des Freiwilds hat er breiter angelegt, eine Fülle präch¬
627 2269 1659 2332 tiger Typen rechts und links herauswachsen lassen, aber
622 2317 1659 2381 der Fluß staute sich an der „Schriftstellerei", der beiden
634 2368 1659 2424 letzten Akte, und gar die beiden Vertreter des freien
628 2419 1660 2482 Wildes konnten aus Trägern nicht zu Menschen werden.
637 2465 1659 2534 Nur in einer wunderbar diskreten und echt empfundenen
628 2520 1660 2577 Liebesszene des zweiten Aktes eröffnen sie den Horizont
634 2559 1660 2632 ihrer Welt, wie sie ein Dichter schaut. In diesem Akte
631 2614 1669 2679 hat man noch das Gefühl dafür eine ähnliche Szene im
628 2662 1659 2718 dritten Akt dagegen, in der der Offizier von einem herz¬
628 2713 1667 2788 lichen Kameraden in stillster Zwiesprache auf die Möglich¬
628 2761 1660 2820 keiten einer weiteren Existenz hingewiesen wird, bleibt
643 2815 1667 2875 stumpf. Aus ernsten Szenen, die zu theatralisch heraus¬
640 2858 1664 2930 kommen, und lustigen Szenen, die nur wie Kontrastlichter
634 2906 1664 2972 wirken, erhebt sich hier ein unruhiger Aufbau, der nichts
640 2955 1667 3020 ist als die notwendige Folge des gesamten Dispositions¬
645 3014 1671 3074 fehlers. Es ist, als ob die schöne Welt des Freiwilds so
643 3059 1665 3121 breit angelegt wäre, daß sie vom zweiten Akt an Angst
643 3114 1255 3192 bekommt, kein „Stück“ zu werden.
1392 3143 1639 3211 Oskar Bie.
712 3186 1129 3260 Dresdener Bericht.
721 3233 1669 3305 Das Dresdener Hoftheater hat die zweifelhafte Ehre,
640 3293 1677 3353 nicht nur das erste Theater, sondern auch zugleich das
640 3344 1664 3396 erste Hoftheater zu sein — leider vermutlich nicht auch das
640 3395 1667 3459 letzte — an dem der neueste Mummenschanz der Kompag=
643 3442 1671 3506 niefirma Franz von Schönthan und Exintendanz¬
643 3488 1669 3563 rat Franz Koppel=Ellfeld in Szene ging. Konnte
640 3536 1676 3596 man den letzteren als Dramaturgen aus bekannten Gründen
643 3587 1660 3646 nicht mehr halten, so mochte man ihn doch als „Dichter
641 3639 1680 3710 nicht entbehren und mußte es sich dann auch gefallen lassen,
648 3690 1676 3754 daß er den Rufen der Menge folgend als Stehaufmännchen
640 3749 1689 3809 auf derselben Bühne wieder auftauchte, von der man ihn
1690 635 2724 700 gänzlich in der Versenkung verschwunden glaubte. Nach¬
1689 691 2727 759 dem einst Lindau auf der Dresdener Hofbühne eine Stätte
1690 738 2724 801 bereitet worden war, auf der er den Bann Berlins wohl¬
1696 797 2724 850 gemut ertragen konnte, wird diese liebevolle Wiederauf¬
1699 841 2724 904 nahme des einstigen Dramaturgen tiefer Blickende kaum
1696 895 2725 956 überrascht haben. Nach Erledigung dieser persönlichen
1696 938 2721 997 Fragen, die leider für die Auffassung von künstlerischer
1702 989 2720 1044 Ehre sehr bezeichnend sind, brauchen wir dem neuesten
1702 1033 2724 1087 Werke der beiden Herren, die Arm in Arm den Geschmack
1696 1082 2733 1144 des zu Ende gehenden Jahrhunderts versimpeln helfen,
1696 1134 2730 1193 nicht viele Worte zu schenken. „Die goldene Eva“ steht im
1705 1174 2733 1237 Zeichen des Erwerbes, nicht in dem der Kunst. Gemein¬
1705 1221 2735 1288 gefährlich ist sie nur deshalb, weil sie den Schein der
1694 1275 2739 1348 Kunst sich borgt, um desto schneller zu dem Ziele vor¬
1705 1321 2739 1389 zudringen. Wollte das Stück nichts sein als eine Posse,
1707 1382 2737 1439 so könnte man es mit so vielen anderen seines Gleichen
1702 1423 2737 1494 unbeachtet seines Weges gehen lassen, aber es schielt mit
1702 1472 2730 1532 dem einen Auge nach oben, mit dem anderen nach unten,
1705 1532 2733 1584 es ist zu ernst gemeint, um Posse zu sein, zu läppisch,
1702 1584 2735 1639 um als Lustspiel zu gelten. Es putzt sich auf mit den
1705 1618 2733 1686 Kostümen des 16. Jahrhunderts und bringt eine Schwank¬
1705 1685 2741 1732 handlung des 19., es paradiert mit Versen und ist matte,
1705 1723 2737 1782 banale Prosa, die ohne Scheu das neue Kalau in das alte
1705 1775 2734 1830 Augsburg verlegt, es hat sich bei Blumenthal, L'Arronge
1702 1818 2739 1881 und Shakespere etwas abgesehen, ist in einer pathetisch¬
1720 1865 2735 1935 schwungvollen Stelle bei Baumbach in die Schule gegangen
1702 1910 2735 1980 und gibt sich doch als Originalprodukt einer neuen höheren
1702 1963 2735 2027 Richtung im Lustspiel. Es will durch den Vers adeln und
1702 2012 2739 2074 zieht eben durch den Mißbrauch des Verses zu einer saloppen
1707 2074 2741 2136 Alltagsware die Kunst herunter. Bei der Verwilderung
1707 2111 2739 2170 unseres Geschmackes ist diese Zwittergeburt aus Poesie
1707 2167 2737 2230 und Banalität geradezu gefährlich. Das Publikum acht
1714 2211 2742 2266 und oht, ruft herzig, sinnig, wonnig und minnig und
1714 2262 2746 2321 findet alles zu reizend". Wie herrlich die Kostüme, wie
1716 2302 2737 2360 interessant die Dekorationen, und wie so nett, so gerade
1714 2354 2733 2420 wie bei uns die Handlung! Wir sinken allmählich auf
1707 2420 2746 2471 den Urzustand der Bühnenkunst zurück. Die Fastnachts¬
1711 2451 2743 2518 narren, die in Nürnberg herumsprangen, freuten sich auch
1716 2499 2742 2560 ihrer bunten Kostüme, ihrer Verhüllung, ihrer Unkenntlich¬
1716 2552 2743 2614 keit, aber sie waren noch naiv. Die Väter der goldenen
1716 2611 2746 2661 Eva sind es nicht, sie berechnen mit mehr oder weniger
1714 2646 2748 2724 Geschick, das Publikum aber kennen sie genau. Es ist jedoch
1715 2697 2744 2768 anzunehmen, daß die Menge, die der Mode bald über¬
1714 2737 2744 2816 drüssig wird, auch dieser Mode bald überdrüssig wird.
1716 2798 2748 2854 Einstweilen mag der Mummenschanz noch eine Weile gehen,
1712 2842 2744 2908 dann wird er in die Ecke geworfen wie so viele Mode¬
1720 2888 2748 2956 narrheiten, von denen die Enkel dann, kopfschüttelnd, nicht
1723 2943 2748 3002 begreifen, wie man „so etwas hat schön finden können.
1720 2990 2748 3055 Kinder müssen alt werden, um zu erkennen, vielleicht wird
1720 3037 2751 3097 es das Publikum auch einmal und wundert sich dann,
1714 3093 2748 3152 wie es ihm möglich war, in einem Atem Schiller, Shake¬
1723 3143 2750 3206 spere und Hebbel Beifall zuzurufen und den Vätern der
1720 3187 2754 3256 goldenen Eva. Als Drama steht das Stück noch unter
1728 3242 2747 3300 „Renaissance“, die Handlung ist allzu mager, die Episode
1720 3287 2754 3341 wuchert üppig, die Sprache ist gemischt, und nur einzelne
1728 3332 2750 3398 Szenen erinnern an das sympathische Unterhaltungstalent,
1720 3384 2754 3438 das Schönthan früher bewiesen hat. Aber auch ihnen
1726 3426 2754 3496 schadet das anspruchsvolle Kostüm, das Erwartungen
1727 3497 2610 3565 herausfordert, die in keiner Weise erfüllt werden.
2360 3531 2724 3596 Leonhard Lier.
1796 3566 2188 3655 Münchener Bericht.
1804 3618 2761 3689 Es sei mir erlaubt, heute an dieser Stelle auf die
1732 3680 2754 3738 Bemerkungen Max Kochs über unsere Theaterverhält¬
1727 3725 2458 3809 nisse mit einigen Worten zu antworten.
