3436 4448
196 148 290 239 8.
362 154 722 254 Freiwild
888 154 1308 263 box 14/3
1797 939 2262 1018 .
2356 951 2733 1051 ... Telegraphen¬
314 957 2292 1075 zu für im vollen Umfung zur weiteren Schuldentilgung zu verwenden, verwaltung fortgesetzt. Die Ansätze
2322 1012 2739 1093 ür die Einnahmen, zu¬
450 1120 2277 1187 Sie sang auch die von ihren unmittelbaren Vorgängerinnen, den gehört zu denjenigen, bei welchen
2304 1145 2730 1205 an sich besinnen muß,
456 1154 2736 1241 Fris. Stark und Vollmar, meist ausgelassene große Arie (im III. Act) wo eigentlich der Mangel steckt — das ill heutzutage schon etwas
453 1205 2733 1293 namentlich im Adagio recht schön und wurde zweimal gerufen. Die heißen. Wie die Leser der Allgemeinen Zeitung sich erinnern, ist
311 1214 2739 1329 astrolle Arie selbst ist wenig bedeutend, fast ebenso wie die vorhergehende das „Freiwild" ein höchst „actuelles Stück: ein Civilist (Herr
317 1287 2736 1377 lais Ballade der Frau Reich, die von Frl. Blank hübsch gesungen Pahlau) ohrfeigt einen Officier (Hr. Schmidt-Häßler), der in
317 1326 2733 1416 for", wurde. Beide sind eben nur da, um den unbedeutenden Rollen niederträchtiger Weise die junge tugendhafte „Naive" eines Sommer¬
314 1362 429 1419 ga¬
453 1371 2730 1453 der dominirenden Partie der Fluth gegenüber etwas mehr Relief theaters (Frin. Behrens) beschimpft, weil sie dem zweifelhaften
450 1407 2727 1498 zu geben. Auch das Duett mit Fenton, dem Hr. Mikorey dies Reiz seiner Persönlichkeit nicht unterlag, und wird von ihm, weil
450 1462 2724 1540 mal eine bessere Stimme lieh, gelang sehr gut, nur in der äußerst er ihm aus Gründen der reinen und der praktischen Vernunft die
326 1477 429 1549 indo¬
453 1498 2730 1582 schwierigen Cadenz mit dem melodieführenden Violinsolo klangen die Satisfaction verweigert, über den Haufen geschossen; er wird
450 1540 2727 1628 Stimmen nicht ganz rein zusammen. Noch eins: Frl. Schloß somit selber zum „Freiwild", weil er sich eines Mädchens, das
338 1579 2724 1667 stand müßte jünger geschminkt sein oder Frl. Blank älter, um als nach den Begriffen einer verrotteten Gesellschaft und ihres eigenen
320 1625 2730 1718 tanen Tochter derselben gelten zu können. Vermuthlich vom Textdichter Standes zum „Freiwild" für die Lüste des nächsten besten Jägers
326 1673 1567 1740 ndere Mosenthal selbst rühren die Charakteristiken her: „Frau Reich
1598 1685 2730 1758 gehört, anzunehmen wagt. Gegen diese Jäger doppelter Art
326 1715 2721 1806 in der wohlerhaltene hübsche Frau von 35 Jahren, lustig und gutmüthig, richtet sich die Tendenz des Stücks; die Motive der Satis¬
329 1752 1573 1821 dieser Anna Reich: 18 Jahre, heiter, doch gefühlvoll." Die HH. Fuch¬
1595 1773 2721 1833 factionsverweigerung, welche den zweiten Act ausfüllen, sind
326 1791 2727 1884 vohnt (Fluth), Bausewein (Reich), Knote (Spärlich) und Th. Mayer sein eigentlicher Kern. Ein Regimentskamerad des „Jägers",
332 1836 2724 1918 hafte, (Cajus) wirkten an gewohnter Stelle mit gewohntem Erfolg. Die (Hr. v. Lenor) in dessen Brust neben der Stimme des Standes¬
335 1888 2712 1969 Auf unter der Leitung Richard Strauß besonders schwungvoll vor bewußtseins auch die reinen und warmen Menschenthums spricht
329 1909 423 1969 Jeth
444 1927 2718 2011 getragene Ouverture — eine wie wir wenige haben! — wurde von ein weiterer Officier (Hr. Kirsch), der die joviale Frohnatur des
335 1966 1193 2032 sah, dem gut gefüllten Hause lebhaft applaudirt.
1589 1996 2721 2048 Husaren=Officiers mit dessen Correctheit in Ehren= und Standes¬
326 2005 411 2054 dien
507 1984 1561 2081 — Deutsches Theater. Der Dichter der „Liebelli¬
1598 2029 2721 2087 lachen vereinigt, ein bis zum Schwachsinn fader Geck (Hr. Klein¬
438 2042 2709 2138 Arthur Schnitzler, ist sehr rasch nach seinem ersten Erfolge Rhoden), dem die Aufgabe zugewiesen ist, den „überwundenen
438 2093 2718 2183 mit einem zweiten Werk auf den Bühnen erschienen, dem „Frei¬ Standpunkt der „satisfactionsfähigen Gesellschaft" zu vertreten,
441 2141 1573 2205 wild"; es ist in Berlin und Wien mit lebhafter Beachtung auf¬
1595 2159 2724 2220 und ein Arzt (Hr. Sick) der dasselbe, aber mit etwas mehr Ver¬
329 2174 414 2229 elte
441 2186 2718 2262 genommen worden — daher ist es auch den Lesern der Allgemeinen stand und Würde thut, sowie endlich das in all seiner Jämmerlich¬
332 2220 2718 2310 Prag Zeitung bereits bekannt —, aber hier wie dort hat man auch con- keit heitere und erheiternde Völkchen einer „Schmiere" vervollständigen
335 2268 2721 2353 ende statirt, daß das zweite die Höhe des ersten nicht erreicht. Die das Personal des Stücks. Zu dem Besten an demselben gehören gerade
438 2313 2718 2389 gestrige Premiere im Deutschen Theater dürfte dieses Urtheil auch die Scenen, in welchen dieses Völkchen sich vor seinem Kunstinstitut
441 2350 1558 2416 für München festgelegt haben, obwohl das Stück eine recht warm
1589 2368 2724 2434 tummelt, wie denn überhaupt die genrehafte Ausmalung und Aus¬
429 2386 2721 2470 Aufnahme gefunden hat; der Beifall war sogar zum Theil außer stattung des Milieus Schnitzlers Stärke ist. Die dramatische Ver¬
344 2431 1564 2507 icht ordentlich zah — bis zu fünfmaligem Heben des Vorhangs na¬
1592 2461 2724 2522 wicklung und Lösung dagegen leidet an sehr wesentlichen Mängeln.
429 2476 1564 2540 dem ersten Act —, aber er trug einen stark verstandesmäßiger
1592 2510 2715 2558 Der oh-feigende Philosoph vergißt, daß seine Art von Selbsthülfe
432 2522 1564 2588 Charakter und galt vielleicht zum größeren Theil der Tendenz der
1592 2543 2712 2600 sich mit der gesellschaftlichen und staatlichen Ordnung ebenso wenig
426 2561 2715 2649 Dichtung als dieser selbst. Wenn statt der stark literarisch durch verträgt, wie die eines Mannes, der Ehrenhändel mit der Waffe
438 2606 2715 2682 setzten Zuhörerschaft der Premiere erst einmal ein Sonntagspublicum auszutragen pflegt; er vergißt, daß dem von ihm tödtlich Beleidigten
432 2646 1561 2715 das Haus füllt, wird dieses Mißverhältniß wohl noch stärker zu
1582 2670 2715 2733 sein Leben subjectiv genau so viel werth sein kann und darf, wie
429 2691 2709 2772 Tage treten. Immerhin hatten auch die tüchtige Leistung der ihm das seinige — auch objectiv betrachtet ist der Werthunterschied
423 2736 2715 2818 Regie (Hr. Oberregisseur Stollberg) und die wackere Dar¬ nicht allzugroß — und er ist endlich inconsequent genug,
365 2778 2724 2896 ß. stellung ihren Antheil an dem Erfolg, und das Stück selber dem Gegner, den er durch die Verweigerung der Satisfaction
574 2836 1740 3062 Like the
438 3044 1652 3298 ende de
