3344 4352
214 193 756 312 8. Freiwild
914 198 1318 300 box 14/4
1513 155 2712 217 die Leidtragenden bestimmen üblichen Sammelomnibus zu er¬
1516 207 2716 265 reichen. Er setzte sich hinein, machte ein melancholisches Gesicht
1517 259 2712 317 auf seinem Hute hatte er überdies für diesen Zweck einen
1511 286 2713 354 Trauerflor — und gesellte sich einfach zu den Leibtragenden. War
1511 341 2713 413 es ein blauer Sarg, so wußte er, daß es ein junges Mädchen
1514 392 2712 449 sei und trauerte sehr beweglich. Für solche Fälle hatte er sei¬
1511 439 2712 498 eine Träne im Auge, er zog auch ein mächtiges Taschentuch her¬
1513 484 2718 537 vor, das sehr dekoratio wirkte. War er bei be¬
1508 524 2712 600 anderer Stimmung, so seufzte er drei bis viermal
1511 574 2712 639 ziemlich tief. Das machte einen so guten Eindruck,
1511 625 2693 681 daß der ganze Omnibus rief: „Ach, so ein freundlicher Herr
1505 675 2707 770 Und auf diese Art hatte der brave Komiker täglich seine
2416 833 2608 942 10
2214 945 2732 1050 LA VIE MAIN
1997 1064 2210 1145 Nr. 2
2833 1061 3033 1152 Samstag
1962 1124 3157 1223 Gratisfahrt. Der Verlagsdirektor des Theaters an der Wien
1965 1211 3090 1279 Herr Stininger, erzählte neulich diesen Scherz und meinte,
1969 1216 3165 1328 Herrn Tautenhayn gewendet, der weit draußen in Hietzing wohnt
2104 1308 3151 1375 Sie könnten, wenn Sie zu den Proben einer lustige
1965 1348 3174 1413 Operette fahren, ebenfalls einen Leichenomnibus beim Hietzinge
1968 1396 3185 1481 Friedhof abwarten — einen Leidtragender, haben Sie ohnehin
1962 1444 2294 1513 noch nie gespielt
2084 1484 3180 1557 Manchmal spielt auch die Politik ins Theater hinein. Zu¬
1962 1551 3180 1599 meist ist es Geschäftspolitik. Ein Fall aus der letzten Zeit
1962 1600 3185 1652 beleuchtet dies am besten. Bekanntlich zahlen die Bühnenleiter
1969 1640 3180 1697 jetzt fast durchweg zehn Prozent der Brutteinnahme als
1969 1697 3185 1746 Tantieme für die Autoren. Das ist eine Art Tradition. Hie und
1969 1738 3174 1793 da versucht ein Direktor, diese Tradition zu brechen und
1969 1782 3185 1853 listet dem Autor ein bis zwei Prozent ab. Meist
1975 1831 3180 1888 geschieht dies bei Anfängern. Da sprechen die Direktoren gerne
1966 1891 3176 1948 von „Experimenten, die beim Theater riskiert sind und ersparen
1969 1925 3165 1980 gerne durch die Entdeckung eines neuen Dichters Geld. Ander¬
1969 1972 3180 2026 wieder sind nobel. Gustav Kadelburg zum Beispiel erhielt von
1972 2023 3203 2098 Berliner Lustspielhaus stets 15% — die höchste Tantieme,
1969 2069 3174 2127 je bei uns bezahlt wurde. Ein eigenartiger Fall hat sich nur
1968 2122 3177 2185 heuer ereignet. In einem Vertrag mit einem bekannten Auto
1968 2164 2346 2251 hieß es ausdrücklich:
2361 2194 2652 2278 8% im Krieg,
2347 2262 2692 2341 10% im Frieden.
1972 2314 3182 2404 Der Autor war nun erstaunt, in seiner Abrechnung der
1972 2364 2700 2448 Tantiemensatz von bloß 3% zu finden.
2090 2384 3176 2473 Schnurstracks lief er zu dem ihm befreundeten Theater¬
1962 2462 3047 2519 direktor. In solchen Fällen läuft man immer schnurstracks.
2107 2496 3104 2560 Erlauben Sie mir, mit welchem Rechte zahlen Sie
1963 2548 3118 2640 8? Im Vertrag heißt es doch ausdrücklich: Im Krieg 8.
1968 2600 2251 2686 Frieden 10%
2101 2622 3160 2732 Für mich ist das kein Friede de¬
1969 2666 2574 2764 kaltblütig der sparsame Direkter.
2090 2721 3147 2807 Wieder einmal passiert es einem Wiener Stücke, daß
1968 2781 3157 2845 seine Uraufführung in Berlin erlebt, ja, daß es sogar von
1968 2845 3085 2897 Berlin in — Amsterdam zur Darstellung gelangen wird.
1968 2885 3157 2948 handelt sich um das Lustspiel: „Doktor Stieglitz von Armi
1968 2942 3171 2995 Friedmann und Ludwig Nerz, das von der Neuen Wiener Bühne
1965 2989 3168 3062 angenommen wurde und dort in der zweiten Hälfte der Saison
1969 3030 2271 3108 aufgeführt wird.
2081 3046 3177 3144 Rudolf Schildkraut hatte von Kurt v. Möllendorf einen
1968 3128 3177 3182 Antrag für seine Bühnen in Berlin. Er kannte das Lustspiel der
1969 3174 3162 3240 Wiener Autoren, in dem ihn eine eigenartige Vaterfigur sehr zu
1962 3229 3171 3274 reizen schien, der Typus eines zerknitterten jüdischen Agenten.
1972 3271 3168 3327 Eine tragikomische Figur, Humor gemischt mit dramatischen
1966 3311 3162 3390 Akzenten. Er schwankte nun für sein Gastspiel zwischen Shyck,
1962 3369 3164 3435 König Lear und dem — alten Agenten. Schließlich siegten in
1962 3410 3138 3481 diesem Kampfe die Autoren von heute. Und da Herr Schildte
1969 3462 3098 3531 im Laufe dieser Spielzeit auch in Amsterdam gastiert, schlu¬
1968 3507 3151 3574 das Stück Hermann Hejermans, dem Dichter von „Hoffnung an
1969 3559 3157 3614 Segen, vor, der dort ein großes Theater leitet. Heiermans war
1968 3605 3165 3675 einverstanden, und zwar wird Schildkraut seine Rolle dort
1969 3650 3174 3730 deutscher Sprache spielen. Der Export von Stücken und Schau¬
1969 3701 2761 3758 spielern beginnt bei uns wieder zu blühen.
2084 3730 3185 3834 Erwähnung verdient, daß zum Beispiel die ehemalige Wiener
1962 3801 3131 3843 und später Berliner Soubrette Mizzi Wirth gegenwärtig in
1962 3843 3171 3905 Barcelona große Triumphe feiert. Sie soll in der dortigen Landes¬
1969 3888 3182 3966 sprache singen — ihren Wiener Kolleginnen kommt dies
1965 3934 2203 4020 spanisch vor.
