3484 4192
243 138 343 229 8.
422 136 552 211 re
934 136 1345 230 box 14/3
1706 714 1823 798 teter,
1701 758 2041 840 unmündige Kind.
1178 788 2290 875 trante Frau zu erhalten hat und nun vor der Gefahr steht, mit
2329 796 2417 872 Har
1183 852 2294 913 seiner Familie delogirt zu werden, bittet edle Wohlthäter, ihm in
1180 893 2296 955 seiner bedrängten Lage beizustehen. Allfällige Beiträge sind an
1177 986 2296 1048 gehaut haben. Paul hätte geblutet, aber die Sache
1178 1023 2290 1099 wäre nicht um Vieles anders. Das Weitere findet
1178 1070 2300 1146 Paul absurd. Er hat seinen Gegner bestraft und ist nun
1186 1110 2285 1172 fertig mit ihm, vollständig. „Nicht daß er die Ohrfeige be¬
1172 1154 2288 1227 kommen hat, macht ihn ehrlos, sondern daß er sie verdient
1183 1195 2283 1263 hat," sagt er. Damit ist der Kern der Sache getroffen, denn
1175 1236 2282 1307 für gewöhnlich erhalten nur diejenigen Leute im Leben Maul¬
1181 1280 2288 1351 schellen, die sich einer solchen Behandlung würdig gezeigt
1178 1325 2285 1392 haben. Nun aber sagt man ihm, daß er fliehen solle, und da
2318 1348 2396 1399 Ha¬
1174 1365 2283 1424 begeht Paul eine Inconsequenz. Wäre er der Träger einer
1172 1401 2285 1483 Tendenz, dann müßte er diesen Rath befolgen. Paul ist jedoch
1169 1451 2280 1521 ein Mensch, und so ist sein Verhalten vielleicht unklug,
1164 1494 2287 1551 vielleicht falsch, aber es ist tief im menschlichen Wesen be¬
1164 1537 2277 1595 gründet. Seiner innersten Natur widerstrebt diese Flucht, als
1171 1584 2277 1641 etwas Schimpfliches. Er hat dem Mann, den er verachtet,
1163 1618 2276 1697 die Genugthuung verweigert; nun will er um keinen Preis
1166 1660 2170 1736 davonlaufen, will sich und seine Verachtung durchsetzen.
1254 1704 2280 1762 Besonders frisch wirkten die Scenen aus dem
1157 1729 2288 1821 Theaterleben. Die fröhliche Verkommenheit, in der man
1164 1795 2271 1856 achtlos untergeht, der eifersüchtige, durch seine Stellung,
2308 1774 2384 1844 et
1171 1829 2271 1892 seine Armuth gedemüthigte Komiker, der kupplerische
2303 1836 2384 1891 sich
2305 1877 2385 1920 noch
1166 1880 2268 1939 Schmierendirector, der albern eitle Liebhaber sind Gestalten,
1161 1914 2265 1977 von denen wir lange Kenntniß haben, die aber bisher
1158 1948 2267 2023 Niemand so rücksichtslos und so wahr auf die Bühne brachte.
1166 1994 2377 2073 Arthur Schnitzler hat mit diesem Schauspiel den Umkreis seines oh
1160 2045 2274 2111 Könnens bedeutend erweitert und eine Wirkungskraft anderer
1158 2088 2271 2153 Art erreicht, als er in der „Liebelei" geübt. Der Erfolg war
1161 2118 2268 2185 laut und herzlich. Das Publicum, durch die spannenden Vor¬
1166 2174 2265 2238 gänge erregt, schien zu demonstrativer Parteinahme geneigt,
1161 2217 2274 2282 aber die vornehme Objectivität des Stückes hielt das
1151 2252 1918 2314 tendenziöse Für und Wider in Schranken.
1242 2299 2265 2362 Das Carl-Theater hatte sich mit der Inscenirung außer¬
1155 2337 2270 2403 ordentlich bemüht. Leider besitzt es doch kein hinlänglich
1152 2390 2265 2437 completes Personal, um alle Rollen gut zu besetzen. Allein
1154 2424 2374 2488 Herr Reusch als Karinski stellte eine lebendige Figur auf Bal
1154 2464 2261 2522 die Beine. Wenn ihn das Carl-Theater nicht so dringend
1155 2509 2256 2573 brauchte, möchte man ihn für's Burgtheater wünschen. Auch
1155 2549 2258 2619 Herr Klein hatte einen starken und verdienten Erfolg.
2294 2584 2373 2632 138
1155 2596 2262 2658 Könnte er besser charakterisiren, dann wären seine großen
2297 2626 2373 2678 dah
1155 2641 2267 2699 und reichen Fähigkeiten noch einmal so viel werth. Herr
2297 2663 2374 2710 wor
1146 2670 2259 2738 Korff spielte das Gigerl sehr lustig, und Herr Tewele
1146 2725 2253 2775 war als Director zwar wieder nur Herr Tewele, aber weniger
1146 2773 2259 2817 aufdringlich als sonst. Den Komiker gab Herr Czasta mit
2293 2766 2370 2823 die
1155 2810 2259 2870 guter Zeichnung, nur war er mehr brutal, als eifersüchtig.
2291 2817 2376 2896 The
1146 2848 2259 2898 Fräulein Sangora als Anna Riedel fand an den ent¬
2287 2888 2370 2934 vel
1155 2891 2256 2945 scheidenden Stellen eine wirkungsvolle Ausdrucksweise, und
1146 2934 2256 2990 Fräulein Glümer gab die liederliche Soubrette discret
1140 2973 1591 3048 und mit feinem Humor.
2120 2982 2217 3039 f. S.
2285 2993 2374 3064 Wi
