3392 4384
188 166 309 259 8.
879 151 1292 247 box 14/3
1361 1285 1695 1393 NOTIEN.
1552 1410 2216 1492 ihr Endstadium, Wollte der Dichter
885 1418 1509 1495 BURGHEATER. Vorige Woche
1554 1468 2216 1529 diese Wirkung erzielen, so wäre
835 1480 1502 1539 eröffnete ein Fräulein Giers, an¬
1564 1517 2214 1574 hiegegen nichts einzuwenden. Er
837 1527 1500 1604 geblich vom Hoftheater in Han¬
1557 1573 2223 1628 überspringt aber willkürlich dieses
835 1576 1510 1638 nover, ein kurzes Ehrengastspiel¬
1554 1613 2224 1678 Stadium und überanstrengt dann
842 1631 1514 1692 als Lady Machet. Es präsentirte
1562 1660 2219 1730 die seinen Bühnengestalten inne¬
848 1673 1510 1735 sich eine bejahrte, corpulente
1561 1705 2221 1769 wohnenden Kräfte. Sie verlieren
842 1720 1515 1798 Dame, die offenbar vor ihrem
1561 1759 2216 1831 im Verlaufe alle menschlichen
848 1767 1517 1835 gänzlichen Abschied von der
1561 1804 2219 1860 Triebfedern. Mängel und Vorzüge
842 1814 1512 1875 Bühne noch den Ehrgeiz hatte,
1559 1846 2226 1915 der Schnitzler'schen Productions¬
845 1867 1510 1924 im Burgtheater aufgetreten zu sein.
1561 1912 2228 1969 weise sind nie so deutlich wie in
845 1914 1524 1969 Aussergewöhnliche Gründe haben
1559 1945 2226 2013 Freiwilde zu Tage getreten, wo
850 1964 1519 2021 sich geltend gemacht, ihr diesen
1561 2009 2233 2053 die stets actuelle, aber rein äusser-
860 2004 1515 2071 Wunsch zu erfüllen. Wir nehmen gast¬
1567 2051 2223 2105 liche Frage, die des Duells, be¬
843 2058 1524 2124 freundlicherweise an, dass Fräulein
1564 2092 2223 2155 handelt wird. Mit modern künstle¬
845 2105 1525 2174 Giers mit besseren Erinnerungen
1561 2149 2229 2204 rischen Mitteln, die einem solchen
850 2152 1524 2214 sich in die Heimat wird flüchten
1567 2186 2239 2250 Thema längst entwachsen sind, ist
853 2204 1515 2265 können, als sie solche beim hiesigen
1561 2245 2241 2310 dieser mittelalterlichen Institution
1389 2258 1480 2315 —.—
843 2255 1272 2340 Publicum zurücklässt.
1567 2280 2239 2344 nicht beizukommen. Je weiter die
1559 2332 2234 2392 Atavismen zurückreichen, desto
904 2335 1524 2413 CARTHEATER. Freiwild.
1569 2386 2228 2444 mehr gehen die Werkzeuge ver¬
850 2401 1527 2465 Schauspiel in drei Acten von
1561 2424 2231 2493 loren, sie auszurotten. Die mo¬
857 2439 1253 2525 Arthur Schnitzler.
1576 2473 2243 2539 derne dramatische Technik hat
902 2483 1527 2557 Es unterliegt keinem Zweifel,
1569 2522 2241 2584 sich zu sehr verinnerlicht, um
850 2539 1531 2596 dass ein gutes Lustspiel nicht
1573 2565 2238 2633 diesen im Stofflichen gebliebenen
864 2587 1529 2648 weniger werth ist als ein gutes
1579 2621 2234 2676 Vorwurf aus dem Derben heraus¬
857 2636 1527 2690 Schauspiel. Zu bedauern ist somit
1569 2676 2236 2733 arbeiten zu können. Es wider¬
864 2690 1532 2752 der unmotivirte literarische Ehrgeiz
1574 2710 2238 2787 spricht der Plötzlichkeit, mit der
865 2730 1531 2786 eines Schriftstellers, der hinlänglich
1576 2762 2239 2831 eine Duellaffaire hereinbricht, wenn
864 2777 1531 2836 bewiesen hat, dass er jenes schreiben
1573 2812 2246 2864 diese in dreiactiger Gemächlichkeit
864 2828 1532 2888 könnte, doch immer wieder mit
1574 2859 2234 2927 sich abspielt; der vage Zusammen¬
857 2871 1532 2933 falscher Tragik zu kommen. Die
1574 2906 2241 2979 hang einer solchen Affaire mit Allem,
860 2920 1534 2987 Figuren, welche Schnitzler in seinem
1584 2962 2248 3022 was ein Mensch sonst ist und thut,
869 2969 1534 3026 Märchen, in der Liebelei und
1583 3001 2246 3068 schliesst die moderne dramatische
869 3021 1541 3085 jetzt in Freiwilde auf die Bühne
1588 3063 2246 3115 Behandlung aus, bei der es gerade
874 3080 1529 3130 bringt, bleiben so lange natürlich,
1583 3101 2246 3164 auf die natürliche Entwicklung von
870 3115 1537 3179 als man sie nicht in einen ernsten
1584 3147 2250 3211 Menschen und Dingen ankommt, die
870 3164 1537 3229 Lebensconflict gerathen sieht. In
1579 3194 2251 3269 aber ein Duell stocken macht. Ein
869 3211 1534 3264 einen solchen gestellt, wirken sie
1586 3237 2246 3315 organisch sich entwickelnder Zwei¬
864 3261 1539 3332 höchstens tragikomisch. Dies ist
