<?xml version="1.0" encoding="UTF-8" standalone="yes"?>
<PcGts xmlns="http://schema.primaresearch.org/PAGE/gts/pagecontent/2013-07-15" xmlns:xsi="http://www.w3.org/2001/XMLSchema-instance" xsi:schemaLocation="http://schema.primaresearch.org/PAGE/gts/pagecontent/2013-07-15 http://schema.primaresearch.org/PAGE/gts/pagecontent/2013-07-15/pagecontent.xsd">
    <Metadata>
        <Creator>prov=READ-COOP:name=PyLaia@TranskribusPlatform:version=2.12.1:model_id=39995:lm=provided:date=28_03_2024_21:33</Creator>
        <Created>2019-10-07T11:49:23.303+02:00</Created>
        <LastChange>2024-03-28T21:33:02.194+01:00</LastChange>
        <TranskribusMetadata docId="223990" pageId="9505252" pageNr="325" tsid="156390574" status="IN_PROGRESS" userId="40391" imgUrl="https://files.transkribus.eu/Get?id=NUHPKNJMLUJNXOLQLFPAUKTH&amp;fileType=view" xmlUrl="https://files.transkribus.eu/Get?id=YOAHYDIDJJAJBKLDBPQSSFSZ" imageId="6195466"/>
    </Metadata>
    <Page imageFilename="223990_0325.jpeg" imageWidth="3484" imageHeight="4256">
        <ReadingOrder>
            <OrderedGroup id="ro_1712662625890" caption="Regions reading order">
                <RegionRefIndexed index="0" regionRef="tr_1"/>
            </OrderedGroup>
        </ReadingOrder>
        <TextRegion orientation="0.0" id="tr_1" custom="readingOrder {index:0;}">
            <Coords points="161,195 161,3141 3160,3141 3160,195"/>
            <TextLine id="tr_1_tl_1" custom="readingOrder {index:0;}">
                <Coords points="848,260 923,234 975,257 993,246 1064,257 1120,231 1176,253 1254,246 1257,164 1209,145 1187,160 1153,145 1120,171 1079,160 1049,190 1016,167 952,179 885,160 852,175"/>
                <Baseline points="871,223 897,223 923,223 950,223 976,223 1003,223 1029,225 1056,226 1082,226 1109,226 1135,226 1162,224 1188,222 1215,221 1241,219 1268,217"/>
                <TextEquiv>
                    <Unicode>box 14/4</Unicode>
                </TextEquiv>
            </TextLine>
            <TextLine id="tr_1_tl_2" custom="readingOrder {index:1;}">
                <Coords points="324,260 681,253 684,167 640,164 625,149 536,153 510,171 484,156 450,167 428,149 327,160"/>
                <Baseline points="346,227 372,226 399,225 426,223 453,225 480,226 507,226 533,226 560,226 587,226 614,225 641,224 668,222 695,220"/>
                <TextEquiv>
                    <Unicode>Freiwild</Unicode>
                </TextEquiv>
            </TextLine>
            <TextLine id="tr_1_tl_3" custom="readingOrder {index:2;}">
                <Coords points="156,272 175,272 190,283 208,275 219,279 231,275 238,260 253,249 257,253 264,246 286,246 286,171 264,171 257,179 249,175 234,182 197,156 186,156 175,171 149,167"/>
                <Baseline points="176,226 201,228 226,229 251,229 276,232 301,238"/>
                <TextEquiv>
                    <Unicode>8.</Unicode>
                </TextEquiv>
            </TextLine>
            <TextLine id="tr_1_tl_4" custom="readingOrder {index:3;}">
                <Coords points="1953,1053 3106,1038 3076,982 1953,993"/>
                <Baseline points="1972,1038 2029,1041 2086,1041 2143,1039 2200,1039 2257,1036 2314,1038 2372,1038 2429,1038 2486,1038 2543,1035 2600,1035 2657,1035 2714,1032 2772,1034 2829,1032 2886,1032 2943,1029 3000,1029 3057,1029 3115,1029"/>
                <TextEquiv>
                    <Unicode>haben, dem Reichthum seiner Umgebung war er wie ein</Unicode>
                </TextEquiv>
            </TextLine>
            <TextLine id="tr_1_tl_5" custom="readingOrder {index:4;}">
                <Coords points="149,1060 1637,1042 1916,1097 1920,997 149,967"/>
                <Baseline points="170,1056 257,1059 345,1059 433,1059 521,1058 609,1058 697,1059 785,1053 873,1055 961,1053 1049,1053 1136,1050 1224,1050 1312,1050 1400,1050 1488,1050 1576,1047 1664,1047 1752,1050 1840,1044 1928,1047"/>
                <TextEquiv>
                    <Unicode>Wagner in Einem Achen zu Theaternatur welcher der Sinn für Farbe, Glanz, Pracht</Unicode>
                </TextEquiv>
            </TextLine>
            <TextLine id="tr_1_tl_6" custom="readingOrder {index:5;}">
                <Coords points="1946,1097 3099,1090 3099,1042 3028,1019 1949,1053"/>
                <Baseline points="1969,1089 2026,1089 2083,1089 2140,1088 2197,1086 2254,1086 2311,1086 2368,1086 2425,1086 2482,1083 2539,1086 2596,1084 2653,1083 2710,1083 2767,1080 2824,1080 2881,1077 2938,1077 2995,1077 3052,1077 3109,1077"/>
                <TextEquiv>
                    <Unicode>Herrscher, der wirklichen Herrschern in dem demokratischen</Unicode>
                </TextEquiv>
            </TextLine>
            <TextLine id="tr_1_tl_7" custom="readingOrder {index:6;}">
                <Coords points="774,1112 1860,1105 1860,1056 1633,1042 774,1064"/>
                <Baseline points="796,1104 849,1106 903,1104 956,1104 1010,1104 1064,1101 1117,1101 1171,1101 1224,1101 1278,1099 1332,1098 1385,1098 1439,1098 1492,1098 1546,1096 1600,1095 1653,1095 1707,1095 1760,1093 1814,1092 1868,1089"/>
                <TextEquiv>
                    <Unicode>für das Ueberraschende, Packende und Verblüffende</Unicode>
                </TextEquiv>
            </TextLine>
            <TextLine id="tr_1_tl_8" custom="readingOrder {index:7;}">
                <Coords points="149,1112 379,1127 409,1109 569,1127 610,1109 744,1112 744,1068 149,1060"/>
                <Baseline points="170,1104 199,1104 228,1104 257,1104 286,1104 315,1104 344,1104 373,1104 402,1104 431,1104 461,1104 490,1104 519,1104 548,1104 577,1104 606,1104 635,1104 664,1104 693,1102 722,1101 752,1101"/>
                <TextEquiv>
                    <Unicode>ine Aehnlichkeit zwischen ihnen.</Unicode>
                </TextEquiv>
            </TextLine>
            <TextLine id="tr_1_tl_9" custom="readingOrder {index:8;}">
                <Coords points="1957,1149 3095,1135 3095,1090 3047,1083 1957,1097"/>
                <Baseline points="1978,1134 2034,1137 2090,1134 2147,1134 2203,1134 2260,1134 2316,1133 2372,1133 2429,1131 2485,1134 2542,1131 2598,1131 2654,1131 2711,1131 2767,1130 2824,1128 2880,1128 2936,1124 2993,1122 3049,1122 3106,1128"/>
                <TextEquiv>
                    <Unicode>Gefühle begegnet, das alle Menschen gleichmacht — Ibsen,</Unicode>
                </TextEquiv>
            </TextLine>
            <TextLine id="tr_1_tl_10" custom="readingOrder {index:9;}">
                <Coords points="774,1164 1838,1161 1923,1153 1927,1097 777,1112"/>
                <Baseline points="793,1152 850,1153 907,1158 964,1152 1021,1150 1078,1149 1135,1149 1192,1148 1249,1148 1306,1149 1363,1148 1420,1146 1477,1146 1534,1146 1591,1143 1648,1143 1705,1140 1762,1140 1819,1139 1876,1137 1934,1137"/>
                <TextEquiv>
                    <Unicode>häufig zum Leitmotive wird; Ibsen ein Maler in asch¬</Unicode>
                </TextEquiv>
            </TextLine>
            <TextLine id="tr_1_tl_11" custom="readingOrder {index:10;}">
                <Coords points="145,1164 357,1179 391,1157 461,1176 498,1157 551,1172 577,1153 737,1153 737,1112 409,1109 379,1127 145,1109"/>
                <Baseline points="164,1155 193,1155 222,1155 251,1155 280,1155 309,1155 338,1155 367,1155 396,1155 425,1155 455,1153 484,1152 513,1152 542,1152 571,1152 600,1152 629,1152 658,1152 687,1150 716,1149 746,1149"/>
                <TextEquiv>
                    <Unicode>und Jünger, die jeden Minder¬</Unicode>
                </TextEquiv>
            </TextLine>
            <TextLine id="tr_1_tl_12" custom="readingOrder {index:11;}">
                <Coords points="1953,1194 3021,1190 3102,1183 3106,1138 1953,1149"/>
                <Baseline points="1972,1184 2029,1184 2086,1184 2143,1186 2200,1182 2257,1181 2314,1181 2371,1181 2428,1181 2485,1181 2542,1181 2599,1181 2656,1179 2713,1178 2770,1178 2827,1180 2884,1178 2941,1172 2998,1172 3055,1170 3112,1172"/>
                <TextEquiv>
                    <Unicode>nüchtern, grämlich, nur theoretisch ein ungezügeltes Unge¬</Unicode>
                </TextEquiv>
            </TextLine>
            <TextLine id="tr_1_tl_13" custom="readingOrder {index:12;}">
                <Coords points="777,1213 1927,1190 1927,1149 1748,1138 777,1168"/>
                <Baseline points="799,1202 855,1202 912,1199 969,1199 1026,1199 1082,1196 1139,1195 1196,1195 1253,1196 1309,1193 1366,1193 1423,1193 1480,1193 1536,1190 1593,1192 1650,1190 1707,1187 1763,1187 1820,1187 1877,1185 1934,1181"/>
                <TextEquiv>
                    <Unicode>grauem Ton, der seine Sprache in die Convention des</Unicode>
                </TextEquiv>
            </TextLine>
            <TextLine id="tr_1_tl_14" custom="readingOrder {index:13;}">
                <Coords points="145,1213 744,1205 744,1153 584,1149 472,1176 398,1153 361,1176 145,1164"/>
                <Baseline points="164,1202 193,1202 222,1202 252,1202 281,1202 311,1202 340,1202 369,1201 399,1199 428,1199 458,1199 487,1199 516,1199 546,1199 575,1199 605,1199 634,1198 663,1196 693,1196 722,1196 752,1196"/>
                <TextEquiv>
                    <Unicode>en halten, der ein Götterbild</Unicode>
                </TextEquiv>
            </TextLine>
            <TextLine id="tr_1_tl_15" custom="readingOrder {index:14;}">
                <Coords points="1949,1254 3102,1231 3102,1183 3058,1172 1949,1198"/>
                <Baseline points="1969,1235 2026,1233 2083,1235 2140,1231 2197,1229 2254,1229 2311,1229 2369,1228 2426,1226 2483,1229 2540,1229 2597,1228 2654,1226 2711,1226 2769,1226 2826,1224 2883,1223 2940,1223 2997,1219 3054,1217 3112,1220"/>
                <TextEquiv>
                    <Unicode>thüm, in seiner Lebensweise zu den kopfhängerischen Ge¬</Unicode>
                </TextEquiv>
            </TextLine>
            <TextLine id="tr_1_tl_16" custom="readingOrder {index:15;}">
                <Coords points="774,1250 1923,1239 1923,1190 774,1209"/>
                <Baseline points="793,1247 850,1249 907,1247 964,1246 1021,1244 1078,1241 1135,1241 1192,1241 1249,1241 1306,1241 1363,1240 1420,1238 1477,1238 1534,1238 1591,1237 1648,1237 1705,1235 1762,1234 1819,1231 1876,1229 1934,1232"/>
                <TextEquiv>
                    <Unicode>Alltags herunterdrückt. Wagner führt die Mystik mit</Unicode>
                </TextEquiv>
            </TextLine>
            <TextLine id="tr_1_tl_17" custom="readingOrder {index:16;}">
                <Coords points="145,1265 744,1257 744,1205 699,1202 145,1224"/>
                <Baseline points="167,1250 196,1250 225,1250 255,1250 284,1250 314,1250 343,1250 372,1250 402,1250 431,1248 461,1247 490,1247 519,1247 549,1247 578,1247 608,1249 637,1249 666,1247 696,1245 725,1244 755,1244"/>
                <TextEquiv>
                    <Unicode>gen eine Umwandlung in der</Unicode>
                </TextEquiv>
            </TextLine>
            <TextLine id="tr_1_tl_18" custom="readingOrder {index:17;}">
                <Coords points="1953,1287 3102,1280 3102,1231 3017,1216 1953,1242"/>
                <Baseline points="1972,1280 2029,1283 2086,1280 2143,1280 2200,1280 2257,1277 2314,1277 2371,1277 2428,1277 2485,1277 2542,1277 2599,1277 2656,1275 2713,1277 2770,1274 2827,1272 2884,1271 2941,1270 2998,1268 3055,1268 3112,1268"/>
                <TextEquiv>
                    <Unicode>wohnheiten der Philister neigend, er frisirt wie Borkman</Unicode>
                </TextEquiv>
            </TextLine>
            <TextLine id="tr_1_tl_19" custom="readingOrder {index:18;}">
                <Coords points="770,1309 1897,1295 1927,1235 770,1250"/>
                <Baseline points="790,1295 847,1295 904,1292 961,1292 1018,1292 1076,1289 1133,1289 1190,1289 1247,1289 1304,1289 1362,1286 1419,1286 1476,1286 1533,1283 1590,1286 1648,1284 1705,1283 1762,1282 1819,1280 1876,1280 1934,1277"/>
                <TextEquiv>
                    <Unicode>ihren mittelalterlichen Leidens= und Gemüthsaccenten als</Unicode>
                </TextEquiv>
            </TextLine>
            <TextLine id="tr_1_tl_20" custom="readingOrder {index:19;}">
                <Coords points="145,1313 744,1309 748,1257 684,1242 588,1265 417,1250 149,1265"/>
                <Baseline points="164,1301 193,1298 223,1298 252,1298 282,1298 311,1298 341,1298 370,1298 400,1298 429,1298 459,1297 489,1295 518,1295 548,1295 577,1295 607,1295 636,1294 666,1292 695,1292 725,1292 755,1292"/>
                <TextEquiv>
                    <Unicode>tragen den Familienzug der</Unicode>
                </TextEquiv>
            </TextLine>
            <TextLine id="tr_1_tl_21" custom="readingOrder {index:20;}">
                <Coords points="1957,1335 3106,1324 3062,1272 1957,1287"/>
                <Baseline points="1978,1328 2034,1328 2091,1328 2148,1330 2205,1326 2262,1325 2319,1325 2375,1325 2432,1325 2489,1328 2546,1325 2603,1323 2660,1324 2717,1322 2773,1321 2830,1321 2887,1322 2944,1319 3001,1319 3058,1317 3115,1316"/>
                <TextEquiv>
                    <Unicode>die buschige Mähne, trägt in zierlicher Verkleinerung seine</Unicode>
                </TextEquiv>
            </TextLine>
            <TextLine id="tr_1_tl_22" custom="readingOrder {index:21;}">
                <Coords points="774,1354 1923,1339 1923,1291 1886,1287 774,1306"/>
                <Baseline points="796,1346 852,1343 909,1343 966,1343 1023,1341 1080,1340 1137,1340 1194,1339 1251,1339 1308,1340 1365,1337 1421,1335 1478,1334 1535,1334 1592,1334 1649,1334 1706,1331 1763,1333 1820,1331 1877,1329 1934,1325"/>
                <TextEquiv>
                    <Unicode>decorativen Schmuck ein, Ibsen verwerthet sie wie ein be¬</Unicode>
                </TextEquiv>
            </TextLine>
            <TextLine id="tr_1_tl_23" custom="readingOrder {index:22;}">
                <Coords points="141,1369 175,1358 201,1380 290,1350 361,1376 432,1347 536,1369 569,1347 751,1354 751,1306 684,1298 458,1302 435,1321 391,1298 141,1313"/>
                <Baseline points="161,1349 190,1349 220,1349 250,1347 280,1346 310,1346 340,1346 369,1346 399,1346 429,1344 459,1344 489,1346 519,1346 549,1345 578,1343 608,1343 638,1343 668,1343 698,1341 728,1340 758,1340"/>
                <TextEquiv>
                    <Unicode>ersprechendsten Kunstrichtungen</Unicode>
                </TextEquiv>
            </TextLine>
            <TextLine id="tr_1_tl_24" custom="readingOrder {index:23;}">
                <Coords points="1953,1388 3106,1373 3106,1321 1953,1335"/>
                <Baseline points="1972,1378 2029,1378 2086,1378 2143,1377 2200,1375 2257,1373 2314,1372 2372,1372 2429,1374 2486,1372 2543,1372 2600,1371 2657,1369 2714,1372 2772,1369 2829,1369 2886,1369 2943,1369 3000,1366 3057,1364 3115,1363"/>
                <TextEquiv>
                    <Unicode>Orden an bunten Bändchen und blickt ohne allzu großen</Unicode>
                </TextEquiv>
            </TextLine>
            <TextLine id="tr_1_tl_25" custom="readingOrder {index:24;}">
                <Coords points="774,1406 1923,1388 1923,1339 1867,1328 774,1354"/>
                <Baseline points="796,1390 852,1387 909,1387 966,1387 1023,1387 1080,1384 1137,1383 1194,1382 1251,1382 1308,1381 1365,1381 1421,1381 1478,1381 1535,1383 1592,1378 1649,1378 1706,1378 1763,1378 1820,1377 1877,1375 1934,1372"/>
                <TextEquiv>
                    <Unicode>nebelndes Narkotikon, um der Auffassungsfähigkeit seines</Unicode>
                </TextEquiv>
            </TextLine>
            <TextLine id="tr_1_tl_26" custom="readingOrder {index:25;}">
                <Coords points="201,1410 744,1402 748,1354 699,1339 562,1350 543,1369 446,1347 372,1373 298,1350 205,1362"/>
                <Baseline points="223,1396 249,1396 276,1396 303,1396 330,1396 356,1396 383,1396 410,1395 437,1393 463,1393 490,1393 517,1393 544,1393 570,1393 597,1393 624,1393 651,1391 677,1389 704,1388 731,1387 758,1387"/>
                <TextEquiv>
                    <Unicode>greifen zu dem Quell der</Unicode>
                </TextEquiv>
            </TextLine>
            <TextLine id="tr_1_tl_27" custom="readingOrder {index:26;}">
                <Coords points="1960,1436 3110,1421 3110,1380 2946,1369 1960,1388"/>
                <Baseline points="1981,1429 2038,1427 2095,1423 2152,1426 2209,1424 2266,1423 2323,1420 2380,1420 2437,1420 2494,1420 2551,1419 2608,1419 2665,1420 2722,1417 2779,1416 2836,1416 2893,1417 2950,1413 3007,1412 3064,1412 3121,1411"/>
                <TextEquiv>
                    <Unicode>Unmuth zu den Stützen der Gesellschaft hinüber, deren</Unicode>
                </TextEquiv>
            </TextLine>
            <TextLine id="tr_1_tl_28" custom="readingOrder {index:27;}">
                <Coords points="777,1455 1927,1432 1927,1391 1804,1376 777,1406"/>
                <Baseline points="799,1438 855,1438 912,1438 969,1437 1026,1435 1082,1435 1139,1433 1196,1433 1253,1432 1309,1432 1366,1429 1423,1429 1480,1429 1536,1429 1593,1429 1650,1429 1707,1426 1763,1426 1820,1425 1877,1423 1934,1423"/>
                <TextEquiv>
                    <Unicode>Zuschauers Gewalt anzuthun; Wagner, in einer kräftigen</Unicode>
                </TextEquiv>
            </TextLine>
            <TextLine id="tr_1_tl_29" custom="readingOrder {index:28;}">
                <Coords points="145,1455 744,1443 744,1402 684,1391 223,1414 145,1358"/>
                <Baseline points="164,1444 193,1444 222,1443 252,1441 281,1442 311,1444 340,1444 369,1443 399,1441 428,1441 458,1440 487,1438 516,1438 546,1438 575,1438 605,1438 634,1438 663,1438 693,1436 722,1436 752,1438"/>
                <TextEquiv>
                    <Unicode>Wagner zu der Weisheit der</Unicode>
                </TextEquiv>
            </TextLine>
            <TextLine id="tr_1_tl_30" custom="readingOrder {index:29;}">
                <Coords points="1957,1488 2645,1518 2716,1477 3110,1484 3110,1425 2995,1414 1957,1436"/>
                <Baseline points="1978,1477 2035,1477 2092,1474 2149,1474 2206,1474 2263,1471 2320,1471 2377,1471 2434,1471 2491,1471 2548,1470 2605,1468 2662,1468 2719,1468 2776,1465 2833,1465 2890,1465 2947,1465 3004,1464 3061,1462 3118,1462"/>
                <TextEquiv>
                    <Unicode>morsche Zerbrechlichkeit sein kritischer Geist so respectlos</Unicode>
                </TextEquiv>
            </TextLine>
            <TextLine id="tr_1_tl_31" custom="readingOrder {index:30;}">
                <Coords points="774,1488 1934,1488 1934,1432 1823,1428 774,1455"/>
                <Baseline points="796,1486 853,1486 910,1483 967,1483 1025,1481 1082,1482 1139,1480 1197,1478 1254,1480 1311,1480 1369,1477 1426,1478 1483,1478 1540,1474 1598,1475 1655,1475 1712,1474 1770,1474 1827,1471 1884,1469 1942,1471"/>
                <TextEquiv>
                    <Unicode>revolutionären Epoche gereift, möchte alle Künste,</Unicode>
                </TextEquiv>
            </TextLine>
            <TextLine id="tr_1_tl_32" custom="readingOrder {index:31;}">
                <Coords points="145,1503 387,1495 454,1514 476,1495 744,1495 744,1443 711,1440 145,1458"/>
                <Baseline points="167,1492 196,1492 225,1491 255,1489 284,1489 314,1489 343,1489 372,1489 402,1489 431,1489 461,1489 490,1489 519,1487 549,1486 578,1486 608,1486 637,1485 666,1483 696,1481 725,1481 755,1483"/>
                <TextEquiv>
                    <Unicode>zu den Schrecken bekannter nordi¬</Unicode>
                </TextEquiv>
            </TextLine>
            <TextLine id="tr_1_tl_33" custom="readingOrder {index:32;}">
                <Coords points="1957,1544 1998,1536 2020,1548 2027,1540 2046,1559 2061,1559 2083,1536 2109,1533 2128,1551 2146,1551 2146,1477 2068,1481 2057,1492 2035,1481 2016,1492 1957,1495"/>
                <Baseline points="1978,1525 2003,1525 2029,1525 2054,1525 2080,1525 2105,1525 2131,1525 2157,1525"/>
                <TextEquiv>
                    <Unicode>enthüllte.</Unicode>
                </TextEquiv>
            </TextLine>
            <TextLine id="tr_1_tl_34" custom="readingOrder {index:33;}">
                <Coords points="774,1540 1934,1529 1934,1484 1864,1477 774,1492"/>
                <Baseline points="796,1534 853,1533 910,1531 967,1531 1025,1529 1082,1528 1139,1528 1197,1527 1254,1525 1311,1525 1369,1525 1426,1525 1483,1525 1540,1525 1598,1522 1655,1522 1712,1519 1770,1522 1827,1521 1884,1519 1942,1519"/>
                <TextEquiv>
                    <Unicode>die Poesie, die Malerei, die Architektur der seinen</Unicode>
                </TextEquiv>
            </TextLine>
            <TextLine id="tr_1_tl_35" custom="readingOrder {index:34;}">
                <Coords points="153,1551 744,1544 744,1495 722,1492 476,1495 454,1514 383,1495 153,1503"/>
                <Baseline points="173,1543 202,1541 231,1540 260,1540 289,1540 318,1539 347,1537 376,1537 405,1537 434,1537 464,1537 493,1537 522,1537 551,1536 580,1534 609,1534 638,1534 667,1534 696,1534 725,1533 755,1531"/>
                <TextEquiv>
                    <Unicode>er und Helden er in modernen</Unicode>
                </TextEquiv>
            </TextLine>
            <TextLine id="tr_1_tl_36" custom="readingOrder {index:35;}">
                <Coords points="770,1585 1931,1581 1931,1533 1886,1521 770,1540"/>
                <Baseline points="790,1581 847,1581 904,1581 962,1578 1019,1577 1077,1575 1134,1575 1192,1574 1249,1572 1307,1572 1364,1575 1421,1571 1479,1571 1536,1569 1594,1571 1651,1569 1709,1569 1766,1569 1824,1566 1881,1566 1939,1569"/>
                <TextEquiv>
                    <Unicode>dienstbar machen, damit diese die Welt erfülle,</Unicode>
                </TextEquiv>
            </TextLine>
            <TextLine id="tr_1_tl_37" custom="readingOrder {index:36;}">
                <Coords points="179,1607 439,1588 469,1614 495,1588 744,1588 744,1544 711,1540 632,1559 577,1536 510,1536 484,1559 446,1540 339,1562 290,1536 179,1548"/>
                <Baseline points="199,1587 226,1587 254,1587 282,1587 310,1587 338,1587 365,1586 393,1584 421,1584 449,1584 477,1584 504,1584 532,1584 560,1584 588,1584 616,1584 643,1584 671,1584 699,1582 727,1580 755,1578"/>
                <TextEquiv>
                    <Unicode>Bühne führt; Beide zeigen</Unicode>
                </TextEquiv>
            </TextLine>
            <TextLine id="tr_1_tl_38" custom="readingOrder {index:37;}">
                <Coords points="2042,1607 3117,1596 3117,1529 2980,1514 2805,1559 2362,1507 2042,1559"/>
                <Baseline points="2062,1593 2115,1596 2168,1596 2221,1596 2274,1596 2327,1593 2380,1593 2433,1593 2486,1593 2539,1593 2593,1593 2646,1593 2699,1592 2752,1590 2805,1590 2858,1590 2911,1589 2964,1587 3017,1587 3070,1585 3124,1584"/>
                <TextEquiv>
                    <Unicode>Von diesem Doppelzuge ist in seinen Werken nichts</Unicode>
                </TextEquiv>
            </TextLine>
            <TextLine id="tr_1_tl_39" custom="readingOrder {index:38;}">
                <Coords points="781,1641 1931,1629 1931,1581 1786,1562 781,1588"/>
                <Baseline points="802,1629 858,1629 915,1629 972,1628 1029,1626 1086,1626 1143,1621 1199,1623 1256,1623 1313,1623 1370,1622 1427,1622 1484,1623 1541,1620 1597,1620 1654,1620 1711,1620 1768,1617 1825,1617 1882,1617 1939,1617"/>
                <TextEquiv>
                    <Unicode>Wort, Melodie, Sprache des Orchesters, das Bild der</Unicode>
                </TextEquiv>
            </TextLine>
            <TextLine id="tr_1_tl_40" custom="readingOrder {index:39;}">
                <Coords points="190,1644 327,1652 350,1633 428,1659 458,1633 517,1652 569,1633 751,1641 751,1592 681,1585 595,1585 577,1603 495,1588 472,1607 439,1592 190,1600"/>
                <Baseline points="211,1632 238,1635 266,1635 293,1635 321,1634 348,1633 376,1632 403,1632 431,1632 458,1632 486,1632 513,1632 541,1632 568,1632 596,1632 623,1632 651,1630 678,1629 706,1627 733,1626 761,1626"/>
                <TextEquiv>
                    <Unicode>Hang nach dem Wunder¬</Unicode>
                </TextEquiv>
            </TextLine>
            <TextLine id="tr_1_tl_41" custom="readingOrder {index:40;}">
                <Coords points="1964,1667 3114,1641 3114,1600 2998,1588 1964,1603"/>
                <Baseline points="1984,1653 2041,1651 2098,1647 2155,1646 2212,1644 2269,1647 2326,1644 2383,1642 2440,1642 2497,1644 2554,1641 2611,1641 2668,1641 2725,1641 2782,1638 2839,1638 2896,1638 2953,1635 3010,1635 3067,1635 3124,1632"/>
                <TextEquiv>
                    <Unicode>zu verspüren, sie bringen die Kraft des Dichters un¬</Unicode>
                </TextEquiv>
            </TextLine>
            <TextLine id="tr_1_tl_42" custom="readingOrder {index:41;}">
                <Coords points="781,1681 1931,1678 1934,1629 1741,1614 785,1641"/>
                <Baseline points="802,1677 858,1677 915,1677 972,1676 1028,1674 1085,1674 1142,1673 1198,1671 1255,1671 1312,1671 1369,1668 1425,1668 1482,1671 1539,1668 1595,1668 1652,1666 1709,1665 1765,1667 1822,1665 1879,1665 1936,1662"/>
                <TextEquiv>
                    <Unicode>Scene werden im Sinne seines ruhelosen Geistes umge¬</Unicode>
                </TextEquiv>
            </TextLine>
            <TextLine id="tr_1_tl_43" custom="readingOrder {index:42;}">
                <Coords points="164,1689 346,1707 435,1681 465,1704 528,1678 618,1704 658,1681 699,1715 744,1715 744,1641 569,1629 517,1652 461,1629 432,1655 350,1637 257,1659 205,1629 164,1644"/>
                <Baseline points="185,1686 213,1683 242,1683 270,1683 299,1683 327,1682 356,1680 384,1680 413,1680 441,1680 470,1680 498,1679 527,1677 555,1677 584,1678 612,1679 641,1680 669,1680 698,1680 726,1680 755,1680"/>
                <TextEquiv>
                    <Unicode>den Nerven des Hörers zu</Unicode>
                </TextEquiv>
            </TextLine>
            <TextLine id="tr_1_tl_44" custom="readingOrder {index:43;}">
                <Coords points="1960,1715 3121,1696 3121,1641 3036,1633 1960,1667"/>
                <Baseline points="1981,1695 2038,1695 2095,1695 2153,1692 2210,1692 2268,1690 2325,1689 2383,1689 2440,1689 2498,1692 2555,1689 2612,1686 2670,1684 2727,1686 2785,1685 2842,1683 2900,1683 2957,1683 3015,1682 3072,1680 3130,1680"/>
                <TextEquiv>
                    <Unicode>gebeugt zum Vorschein. Diese liegt nicht in seinen</Unicode>
                </TextEquiv>
            </TextLine>
            <TextLine id="tr_1_tl_45" custom="readingOrder {index:44;}">
                <Coords points="785,1745 1934,1722 1934,1674 1786,1667 785,1685"/>
                <Baseline points="805,1728 861,1725 918,1725 975,1725 1031,1723 1088,1719 1145,1719 1201,1717 1258,1718 1315,1716 1372,1718 1428,1718 1485,1716 1542,1716 1598,1715 1655,1713 1712,1713 1768,1713 1825,1713 1882,1713 1939,1710"/>
                <TextEquiv>
                    <Unicode>prägt; Ibsen, aus der Enge der Studierstube hervorge¬</Unicode>
                </TextEquiv>
            </TextLine>
            <TextLine id="tr_1_tl_46" custom="readingOrder {index:45;}">
                <Coords points="141,1763 372,1730 454,1748 484,1730 621,1730 651,1752 688,1726 744,1741 744,1689 688,1681 618,1704 443,1681 346,1707 141,1689"/>
                <Baseline points="161,1734 190,1733 220,1731 250,1731 279,1731 309,1731 339,1731 368,1730 398,1728 428,1728 458,1728 487,1728 517,1728 547,1728 576,1728 606,1728 636,1727 665,1725 695,1725 725,1726 755,1728"/>
                <TextEquiv>
                    <Unicode>Talenten, mit denen sie in</Unicode>
                </TextEquiv>
            </TextLine>
            <TextLine id="tr_1_tl_47" custom="readingOrder {index:46;}">
                <Coords points="1968,1752 3121,1745 3121,1696 3002,1681 1968,1696"/>
                <Baseline points="1990,1740 2047,1742 2104,1742 2161,1742 2218,1742 2275,1740 2332,1740 2389,1739 2446,1739 2503,1740 2560,1737 2617,1739 2674,1738 2731,1737 2788,1734 2845,1734 2902,1731 2959,1734 3016,1734 3073,1732 3130,1731"/>
                <TextEquiv>
                    <Unicode>Ausdrucksformen, die sich so wenig dem Gesetze der Bühne</Unicode>
                </TextEquiv>
            </TextLine>
            <TextLine id="tr_1_tl_48" custom="readingOrder {index:47;}">
                <Coords points="781,1800 1938,1774 1938,1719 781,1748"/>
                <Baseline points="802,1772 859,1772 916,1772 973,1772 1031,1770 1088,1769 1145,1769 1203,1769 1260,1767 1317,1766 1375,1766 1432,1766 1489,1764 1546,1763 1604,1765 1661,1763 1718,1760 1776,1760 1833,1762 1890,1760 1948,1763"/>
                <TextEquiv>
                    <Unicode>gangen, durch die knorrige, kernige und trotzdem kleinliche</Unicode>
                </TextEquiv>
            </TextLine>
            <TextLine id="tr_1_tl_49" custom="readingOrder {index:48;}">
                <Coords points="149,1793 327,1800 365,1778 588,1800 744,1774 744,1734 703,1722 651,1752 610,1726 551,1745 149,1741"/>
                <Baseline points="170,1781 199,1779 228,1778 257,1778 286,1778 315,1778 344,1778 373,1776 402,1775 431,1775 461,1775 490,1775 519,1775 548,1775 577,1775 606,1775 635,1775 664,1775 693,1773 722,1772 752,1772"/>
                <TextEquiv>
                    <Unicode>in Gefühl der Schwäche ein</Unicode>
                </TextEquiv>
            </TextLine>
            <TextLine id="tr_1_tl_50" custom="readingOrder {index:49;}">
                <Coords points="1964,1797 3121,1793 3121,1741 3032,1737 1964,1752"/>
                <Baseline points="1984,1793 2041,1791 2098,1790 2155,1790 2213,1790 2270,1788 2327,1787 2385,1787 2442,1787 2499,1787 2557,1784 2614,1784 2671,1784 2728,1784 2786,1781 2843,1781 2900,1781 2958,1781 3015,1778 3072,1778 3130,1781"/>
                <TextEquiv>
                    <Unicode>unterordnen, und auch nicht in seinen Problemen. Seine</Unicode>
                </TextEquiv>
            </TextLine>
            <TextLine id="tr_1_tl_51" custom="readingOrder {index:50;}">
                <Coords points="781,1834 1908,1827 1934,1778 781,1793"/>
                <Baseline points="802,1823 858,1820 915,1820 972,1820 1029,1820 1086,1817 1143,1817 1199,1817 1256,1817 1313,1817 1370,1816 1427,1814 1484,1814 1541,1814 1597,1814 1654,1812 1711,1811 1768,1811 1825,1811 1882,1809 1939,1805"/>
                <TextEquiv>
                    <Unicode>Welt seiner Heimat in einen bestimmten Ideenkreis einge¬</Unicode>
                </TextEquiv>
            </TextLine>
            <TextLine id="tr_1_tl_52" custom="readingOrder {index:51;}">
                <Coords points="149,1841 744,1838 729,1774 588,1797 149,1789"/>
                <Baseline points="170,1826 199,1826 228,1826 257,1826 286,1826 315,1825 344,1823 373,1825 402,1825 431,1823 461,1823 490,1823 519,1823 548,1824 577,1826 606,1824 635,1823 664,1823 693,1821 722,1821 752,1823"/>
                <TextEquiv>
                    <Unicode>ner den Stern der Zukunft</Unicode>
                </TextEquiv>
            </TextLine>
            <TextLine id="tr_1_tl_53" custom="readingOrder {index:52;}">
                <Coords points="1964,1853 3117,1841 3117,1789 3002,1778 1964,1797"/>
                <Baseline points="1984,1841 2041,1841 2098,1838 2155,1838 2212,1836 2269,1835 2326,1835 2384,1834 2441,1834 2498,1835 2555,1833 2612,1835 2669,1833 2726,1832 2784,1831 2841,1829 2898,1829 2955,1829 3012,1826 3069,1826 3127,1826"/>
                <TextEquiv>
                    <Unicode>Themen von der unverstandenen Frau, von dem Streite</Unicode>
                </TextEquiv>
            </TextLine>
            <TextLine id="tr_1_tl_54" custom="readingOrder {index:53;}">
                <Coords points="800,1875 1934,1867 1934,1819 1827,1812 800,1827"/>
                <Baseline points="820,1871 876,1871 932,1872 988,1872 1045,1868 1101,1868 1157,1865 1213,1865 1270,1865 1326,1865 1382,1862 1438,1862 1495,1862 1551,1861 1607,1859 1663,1859 1720,1859 1776,1858 1832,1856 1888,1856 1945,1853"/>
                <TextEquiv>
                    <Unicode>schnürt, zwängt seine großen Absichten in einen kleinen</Unicode>
                </TextEquiv>
            </TextLine>
            <TextLine id="tr_1_tl_55" custom="readingOrder {index:54;}">
                <Coords points="171,1882 231,1905 286,1879 748,1879 748,1830 171,1834"/>
                <Baseline points="191,1877 219,1871 247,1873 276,1875 304,1877 332,1876 361,1874 389,1874 417,1873 446,1871 474,1873 502,1873 531,1871 559,1871 587,1871 616,1871 644,1871 672,1871 701,1869 729,1867 758,1865"/>
                <TextEquiv>
                    <Unicode>letzten, der Aufführung ent¬</Unicode>
                </TextEquiv>
            </TextLine>
            <TextLine id="tr_1_tl_56" custom="readingOrder {index:55;}">
                <Coords points="1968,1901 3125,1890 3125,1841 3076,1834 1968,1853"/>
                <Baseline points="1987,1895 2044,1889 2101,1886 2158,1886 2216,1886 2273,1886 2330,1883 2388,1886 2445,1884 2502,1883 2560,1883 2617,1882 2674,1880 2731,1880 2789,1880 2846,1880 2903,1877 2961,1877 3018,1877 3075,1877 3133,1877"/>
                <TextEquiv>
                    <Unicode>zwischen Alt und Jung, von der Corruption und der</Unicode>
                </TextEquiv>
            </TextLine>
            <TextLine id="tr_1_tl_57" custom="readingOrder {index:56;}">
                <Coords points="789,1931 1938,1916 1938,1871 1812,1856 1142,1890 789,1864"/>
                <Baseline points="808,1922 865,1922 922,1919 979,1919 1036,1917 1093,1916 1150,1913 1207,1913 1264,1911 1321,1910 1378,1910 1435,1910 1492,1910 1549,1910 1606,1907 1663,1907 1720,1907 1777,1907 1834,1906 1891,1904 1948,1904"/>
                <TextEquiv>
                    <Unicode>Rahmen; nicht umsonst war dieser wetterharte Vikinger</Unicode>
                </TextEquiv>
            </TextLine>
            <TextLine id="tr_1_tl_58" custom="readingOrder {index:57;}">
                <Coords points="219,1923 744,1931 744,1879 551,1890 510,1875 476,1897 324,1875 219,1890"/>
                <Baseline points="241,1922 266,1922 292,1922 318,1921 343,1920 369,1919 395,1919 420,1921 446,1922 472,1922 498,1921 523,1920 549,1919 575,1919 600,1919 626,1919 652,1919 677,1919 703,1919 729,1919 755,1919"/>
                <TextEquiv>
                    <Unicode>mit einem Hinweis au</Unicode>
                </TextEquiv>
            </TextLine>
            <TextLine id="tr_1_tl_59" custom="readingOrder {index:58;}">
                <Coords points="1975,1946 3125,1938 3125,1890 2950,1879 1975,1905"/>
                <Baseline points="1996,1936 2052,1936 2109,1934 2166,1934 2223,1934 2280,1931 2337,1934 2393,1933 2450,1931 2507,1931 2564,1931 2621,1931 2678,1931 2735,1931 2791,1928 2848,1928 2905,1928 2962,1927 3019,1925 3076,1925 3133,1925"/>
                <TextEquiv>
                    <Unicode>heuchlerischen Grimasse der Gesellschaftsstützen kennt die</Unicode>
                </TextEquiv>
            </TextLine>
            <TextLine id="tr_1_tl_60" custom="readingOrder {index:59;}">
                <Coords points="792,1975 1934,1960 1934,1912 792,1931"/>
                <Baseline points="811,1966 867,1966 924,1968 981,1966 1037,1964 1094,1963 1151,1960 1207,1960 1264,1960 1321,1957 1378,1957 1434,1957 1491,1954 1548,1954 1604,1954 1661,1954 1718,1954 1774,1953 1831,1951 1888,1951 1945,1948"/>
                <TextEquiv>
                    <Unicode>zwei Jahre der Leiter eines Theaters. Charaktere, Situa¬</Unicode>
                </TextEquiv>
            </TextLine>
            <TextLine id="tr_1_tl_61" custom="readingOrder {index:60;}">
                <Coords points="145,1972 264,1994 353,1975 446,1990 506,1972 748,1975 748,1931 718,1923 625,1938 231,1923 186,1942 145,1927"/>
                <Baseline points="164,1969 193,1971 223,1971 253,1969 282,1969 312,1969 342,1969 371,1967 401,1966 431,1966 461,1968 490,1968 520,1966 550,1966 579,1966 609,1966 639,1966 668,1965 698,1963 728,1965 758,1969"/>
                <TextEquiv>
                    <Unicode>der Kraftmensch kommen werde</Unicode>
                </TextEquiv>
            </TextLine>
            <TextLine id="tr_1_tl_62" custom="readingOrder {index:61;}">
                <Coords points="1964,1994 3132,1986 3132,1938 3058,1931 1964,1953"/>
                <Baseline points="1984,1984 2041,1987 2099,1987 2157,1984 2215,1984 2272,1982 2330,1981 2388,1981 2446,1981 2503,1981 2561,1981 2619,1980 2677,1978 2734,1978 2792,1975 2850,1977 2908,1978 2965,1975 3023,1975 3081,1973 3139,1972"/>
                <TextEquiv>
                    <Unicode>Bühne seit undenklichen Zeiten, auch dem Sturm gegen</Unicode>
                </TextEquiv>
            </TextLine>
            <TextLine id="tr_1_tl_63" custom="readingOrder {index:62;}">
                <Coords points="792,2024 1934,2005 1934,1964 1808,1949 792,1972"/>
                <Baseline points="811,2017 867,2014 924,2013 981,2011 1037,2009 1094,2008 1151,2007 1207,2005 1264,2005 1321,2005 1378,2002 1434,2002 1491,2002 1548,2002 1604,2002 1661,2000 1718,1999 1774,1999 1831,1999 1888,1997 1945,1996"/>
                <TextEquiv>
                    <Unicode>tionen, Verwicklungen, die berühmte Autoren einander</Unicode>
                </TextEquiv>
            </TextLine>
            <TextLine id="tr_1_tl_64" custom="readingOrder {index:63;}">
                <Coords points="153,2042 339,2020 517,2035 751,2020 751,1972 487,1990 350,1975 264,1994 153,1979"/>
                <Baseline points="173,2017 202,2019 231,2020 261,2020 290,2017 320,2017 349,2017 378,2017 408,2017 437,2017 467,2018 496,2020 525,2018 555,2016 584,2014 614,2014 643,2014 672,2014 702,2012 731,2012 761,2014"/>
                <TextEquiv>
                    <Unicode>Frau zu lösen. Wagner und</Unicode>
                </TextEquiv>
            </TextLine>
            <TextLine id="tr_1_tl_65" custom="readingOrder {index:64;}">
                <Coords points="1968,2039 3129,2027 3129,1986 3076,1975 1968,1994"/>
                <Baseline points="1987,2035 2044,2033 2101,2032 2159,2031 2216,2029 2274,2031 2331,2032 2389,2029 2446,2029 2504,2029 2561,2029 2618,2026 2676,2026 2733,2029 2791,2026 2848,2024 2906,2023 2963,2023 3021,2023 3078,2023 3136,2020"/>
                <TextEquiv>
                    <Unicode>die ewige Gerechtigkeit begegnete man schon in der Un¬</Unicode>
                </TextEquiv>
            </TextLine>
            <TextLine id="tr_1_tl_66" custom="readingOrder {index:65;}">
                <Coords points="800,2083 1938,2057 1938,2005 804,2027"/>
                <Baseline points="820,2065 876,2062 932,2062 989,2062 1045,2060 1102,2056 1158,2059 1214,2057 1271,2056 1327,2053 1384,2054 1440,2056 1496,2056 1553,2053 1609,2053 1666,2051 1722,2050 1778,2053 1835,2052 1891,2050 1948,2050"/>
                <TextEquiv>
                    <Unicode>gegenseitig zu entlehnen pflegten, ziehen ab und zu durch</Unicode>
                </TextEquiv>
            </TextLine>
            <TextLine id="tr_1_tl_67" custom="readingOrder {index:66;}">
                <Coords points="279,2076 521,2068 543,2091 595,2072 759,2076 759,2024 737,2020 513,2039 461,2016 398,2035 342,2020 279,2035"/>
                <Baseline points="301,2068 326,2065 352,2065 378,2065 403,2065 429,2065 455,2065 481,2065 506,2065 532,2065 558,2065 583,2065 609,2063 635,2062 661,2062 686,2062 712,2062 738,2062 764,2062"/>
                <TextEquiv>
                    <Unicode>welche ihre producirende</Unicode>
                </TextEquiv>
            </TextLine>
            <TextLine id="tr_1_tl_68" custom="readingOrder {index:67;}">
                <Coords points="156,2079 190,2079 197,2087 208,2087 219,2079 253,2079 253,2027 234,2027 231,2031 223,2027 193,2027 186,2035 182,2031 156,2031"/>
                <Baseline points="176,2068 204,2068 233,2068 262,2068"/>
                <TextEquiv>
                    <Unicode>sichten</Unicode>
                </TextEquiv>
            </TextLine>
            <TextLine id="tr_1_tl_69" custom="readingOrder {index:68;}">
                <Coords points="1979,2094 3076,2087 3121,2083 3125,2031 1979,2039"/>
                <Baseline points="1999,2086 2055,2086 2112,2083 2168,2081 2225,2078 2281,2080 2338,2080 2394,2078 2451,2077 2507,2077 2564,2077 2621,2077 2677,2077 2734,2074 2790,2074 2847,2074 2903,2071 2960,2071 3016,2070 3073,2070 3130,2065"/>
                <TextEquiv>
                    <Unicode>frömmigkeit früherer Prometheus-Dramen. Die Ahnen Os¬</Unicode>
                </TextEquiv>
            </TextLine>
            <TextLine id="tr_1_tl_70" custom="readingOrder {index:69;}">
                <Coords points="792,2135 1942,2109 1927,2053 792,2079"/>
                <Baseline points="814,2116 870,2113 927,2110 984,2110 1040,2110 1097,2110 1154,2105 1210,2105 1267,2104 1324,2104 1381,2101 1437,2101 1494,2101 1551,2101 1607,2101 1664,2099 1721,2098 1777,2098 1834,2098 1891,2096 1948,2092"/>
                <TextEquiv>
                    <Unicode>sein Gedächtniß, die symmetrischen Scherze des schachspiel¬</Unicode>
                </TextEquiv>
            </TextLine>
            <TextLine id="tr_1_tl_71" custom="readingOrder {index:70;}">
                <Coords points="275,2124 681,2128 759,2117 763,2076 595,2072 543,2091 521,2068 417,2068 394,2083 279,2072"/>
                <Baseline points="295,2113 321,2113 347,2113 373,2113 399,2113 426,2113 452,2113 478,2113 504,2113 531,2113 557,2113 583,2113 609,2113 635,2111 662,2110 688,2110 714,2110 740,2110 767,2116"/>
                <TextEquiv>
                    <Unicode>Nebenbetrieb einrichten.</Unicode>
                </TextEquiv>
            </TextLine>
            <TextLine id="tr_1_tl_72" custom="readingOrder {index:71;}">
                <Coords points="160,2128 182,2128 186,2132 193,2124 208,2124 212,2128 238,2128 234,2079 216,2079 212,2083 193,2083 190,2079 186,2083 179,2079 156,2079"/>
                <Baseline points="176,2113 211,2115 247,2116"/>
                <TextEquiv>
                    <Unicode>nen</Unicode>
                </TextEquiv>
            </TextLine>
            <TextLine id="tr_1_tl_73" custom="readingOrder {index:72;}">
                <Coords points="1972,2139 3132,2128 3132,2083 3047,2072 1972,2094"/>
                <Baseline points="1993,2133 2050,2130 2107,2130 2165,2130 2222,2129 2280,2128 2337,2128 2395,2126 2452,2126 2510,2128 2567,2125 2624,2125 2682,2125 2739,2125 2797,2122 2854,2122 2912,2119 2969,2119 3027,2121 3084,2119 3142,2116"/>
                <TextEquiv>
                    <Unicode>wald Alving's reichen bis zum Oedipus, dem edlen Men¬</Unicode>
                </TextEquiv>
            </TextLine>
            <TextLine id="tr_1_tl_74" custom="readingOrder {index:73;}">
                <Coords points="796,2172 1938,2158 1942,2106 796,2132"/>
                <Baseline points="817,2163 873,2160 930,2160 986,2158 1043,2157 1099,2154 1156,2154 1212,2152 1269,2151 1325,2151 1382,2148 1439,2148 1495,2148 1552,2148 1608,2148 1665,2146 1721,2145 1778,2145 1834,2145 1891,2143 1948,2139"/>
                <TextEquiv>
                    <Unicode>artigen französischen Dramas kehren in seinen Stücken</Unicode>
                </TextEquiv>
            </TextLine>
            <TextLine id="tr_1_tl_75" custom="readingOrder {index:74;}">
                <Coords points="160,2176 759,2172 759,2120 729,2117 160,2124"/>
                <Baseline points="182,2163 211,2163 240,2163 270,2163 299,2161 329,2160 358,2160 387,2160 417,2160 446,2160 476,2160 505,2160 534,2160 564,2162 593,2162 623,2160 652,2160 681,2160 711,2160 740,2161 770,2163"/>
                <TextEquiv>
                    <Unicode>penhauer die Parole, Nietzsche,</Unicode>
                </TextEquiv>
            </TextLine>
            <TextLine id="tr_1_tl_76" custom="readingOrder {index:75;}">
                <Coords points="1975,2187 3129,2176 3129,2128 2898,2117 1975,2135"/>
                <Baseline points="1996,2178 2053,2181 2110,2178 2167,2177 2224,2175 2281,2175 2338,2175 2395,2175 2452,2175 2509,2172 2566,2172 2623,2172 2680,2172 2737,2169 2794,2169 2851,2169 2908,2169 2965,2168 3022,2167 3079,2167 3136,2163"/>
                <TextEquiv>
                    <Unicode>schen, der trotz seiner Weisheit und Veranlagung zum</Unicode>
                </TextEquiv>
            </TextLine>
            <TextLine id="tr_1_tl_77" custom="readingOrder {index:76;}">
                <Coords points="792,2213 1942,2195 1942,2154 1797,2146 792,2169"/>
                <Baseline points="814,2208 870,2208 927,2207 984,2205 1040,2203 1097,2202 1154,2202 1210,2200 1267,2197 1324,2196 1381,2196 1437,2198 1494,2199 1551,2199 1607,2195 1664,2193 1721,2193 1777,2192 1834,2191 1891,2191 1948,2190"/>
                <TextEquiv>
                    <Unicode>wieder. Rosmer und Rebekka reizt es, auf dem nämlichen</Unicode>
                </TextEquiv>
            </TextLine>
            <TextLine id="tr_1_tl_78" custom="readingOrder {index:77;}">
                <Coords points="156,2221 484,2232 532,2213 759,2213 759,2169 711,2165 480,2187 346,2169 156,2180"/>
                <Baseline points="176,2214 205,2213 235,2211 264,2211 294,2210 323,2208 353,2208 382,2208 412,2208 441,2210 471,2211 501,2211 530,2209 560,2208 589,2208 619,2208 648,2208 678,2208 707,2206 737,2207 767,2211"/>
                <TextEquiv>
                    <Unicode>der Modernen, die denken,</Unicode>
                </TextEquiv>
            </TextLine>
            <TextLine id="tr_1_tl_79" custom="readingOrder {index:78;}">
                <Coords points="1979,2243 3129,2225 3129,2172 3039,2165 1979,2187"/>
                <Baseline points="1999,2229 2055,2226 2112,2226 2169,2226 2225,2226 2282,2223 2339,2224 2395,2222 2452,2221 2509,2220 2566,2220 2622,2220 2679,2217 2736,2217 2792,2215 2849,2217 2906,2217 2962,2217 3019,2217 3076,2215 3133,2211"/>
                <TextEquiv>
                    <Unicode>Elend bestimmt ist. Macht und Eindruck Ibsen's</Unicode>
                </TextEquiv>
            </TextLine>
            <TextLine id="tr_1_tl_80" custom="readingOrder {index:79;}">
                <Coords points="792,2265 1949,2247 1923,2195 792,2221"/>
                <Baseline points="814,2256 871,2254 928,2256 985,2252 1042,2250 1099,2250 1156,2250 1214,2249 1271,2247 1328,2247 1385,2247 1442,2247 1499,2247 1556,2247 1614,2244 1671,2242 1728,2241 1785,2241 1842,2240 1899,2238 1957,2235"/>
                <TextEquiv>
                    <Unicode>Weg wie Frau Rosmer in den Tod zu gehen. Wenn die</Unicode>
                </TextEquiv>
            </TextLine>
            <TextLine id="tr_1_tl_81" custom="readingOrder {index:80;}">
                <Coords points="190,2265 398,2280 517,2258 551,2277 632,2258 770,2265 770,2221 714,2213 539,2213 502,2232 190,2221"/>
                <Baseline points="211,2259 239,2259 267,2261 296,2261 324,2257 352,2256 381,2256 409,2258 437,2259 466,2259 494,2257 522,2257 551,2259 579,2257 607,2256 636,2256 664,2256 692,2256 721,2256 749,2256 778,2256"/>
                <TextEquiv>
                    <Unicode>den Andern. Dem Ueber¬</Unicode>
                </TextEquiv>
            </TextLine>
            <TextLine id="tr_1_tl_82" custom="readingOrder {index:81;}">
                <Coords points="1979,2284 3129,2269 3132,2225 2957,2213 1983,2239"/>
                <Baseline points="1999,2277 2056,2277 2113,2274 2170,2275 2227,2275 2284,2271 2341,2271 2398,2271 2455,2271 2512,2268 2569,2268 2626,2268 2683,2268 2740,2268 2797,2268 2854,2266 2911,2265 2968,2265 3025,2264 3082,2262 3139,2262"/>
                <TextEquiv>
                    <Unicode>entspringen den oppositionellen Grundgedanken seiner</Unicode>
                </TextEquiv>
            </TextLine>
            <TextLine id="tr_1_tl_83" custom="readingOrder {index:82;}">
                <Coords points="792,2314 1942,2295 1942,2247 1901,2243 792,2265"/>
                <Baseline points="814,2301 870,2301 927,2301 984,2301 1041,2299 1098,2298 1155,2297 1211,2295 1268,2293 1325,2295 1382,2295 1439,2295 1496,2293 1553,2292 1609,2289 1666,2289 1723,2289 1780,2289 1837,2289 1894,2287 1951,2289"/>
                <TextEquiv>
                    <Unicode>Gespensterstimmen in Frau Alving's Stube unheimlich</Unicode>
                </TextEquiv>
            </TextLine>
            <TextLine id="tr_1_tl_84" custom="readingOrder {index:83;}">
                <Coords points="167,2314 472,2310 506,2340 551,2306 636,2325 696,2310 725,2340 759,2336 759,2262 398,2280 301,2254 272,2273 167,2258"/>
                <Baseline points="188,2307 218,2309 248,2309 279,2307 309,2307 340,2307 370,2307 401,2307 431,2305 462,2304 492,2304 523,2304 553,2304 584,2304 614,2304 645,2304 675,2304 706,2302 736,2302 767,2304"/>
                <TextEquiv>
                    <Unicode>entstammt der so weitläufig</Unicode>
                </TextEquiv>
            </TextLine>
            <TextLine id="tr_1_tl_85" custom="readingOrder {index:84;}">
                <Coords points="804,2358 2649,2318 2957,2351 3136,2325 3140,2273 804,2314"/>
                <Baseline points="823,2357 939,2348 1055,2348 1171,2345 1288,2342 1404,2339 1520,2339 1636,2336 1753,2336 1869,2333 1985,2327 2101,2324 2218,2321 2334,2319 2450,2319 2566,2319 2683,2316 2799,2316 2915,2314 3031,2312 3148,2310"/>
                <TextEquiv>
                    <Unicode>zu lispeln beginnen, erzählt sie: „Lassen Sie mich!" hörte Dichtungen, ihrem erbarmungslosen Kampfe gegen die</Unicode>
                </TextEquiv>
            </TextLine>
            <TextLine id="tr_1_tl_86" custom="readingOrder {index:85;}">
                <Coords points="186,2355 387,2377 658,2355 692,2381 770,2358 770,2321 725,2310 636,2325 554,2306 506,2325 246,2306 186,2325"/>
                <Baseline points="205,2354 233,2354 262,2353 290,2351 319,2351 348,2352 376,2354 405,2352 434,2351 462,2351 491,2351 520,2351 548,2351 577,2351 606,2351 634,2351 663,2351 692,2351 720,2351 749,2350 778,2348"/>
                <TextEquiv>
                    <Unicode>Rosmersholm, seine aristo-</Unicode>
                </TextEquiv>
            </TextLine>
            <TextLine id="tr_1_tl_87" custom="readingOrder {index:86;}">
                <Coords points="804,2407 3136,2373 3140,2325 804,2355"/>
                <Baseline points="823,2402 939,2398 1055,2393 1171,2392 1287,2390 1403,2390 1519,2387 1635,2384 1751,2384 1867,2381 1984,2373 2100,2372 2216,2371 2332,2369 2448,2366 2564,2366 2680,2364 2796,2363 2912,2361 3028,2360 3145,2360"/>
                <TextEquiv>
                    <Unicode>ich eines Tages meine Dienstmagd rufen, die mein Ge¬ tyrannische Oberhoheit der Gesammtheit über die</Unicode>
                </TextEquiv>
            </TextLine>
            <TextLine id="tr_1_tl_88" custom="readingOrder {index:87;}">
                <Coords points="171,2418 770,2414 770,2358 696,2377 658,2355 171,2370"/>
                <Baseline points="191,2405 220,2405 250,2405 279,2405 309,2405 338,2405 368,2405 397,2405 427,2405 456,2405 486,2405 515,2405 545,2405 574,2405 604,2405 633,2405 663,2404 692,2402 722,2402 751,2402 781,2402"/>
                <TextEquiv>
                    <Unicode>bestimmen Ibsen's Feind= und</Unicode>
                </TextEquiv>
            </TextLine>
            <TextLine id="tr_1_tl_89" custom="readingOrder {index:88;}">
                <Coords points="1968,2429 2068,2455 2232,2418 2306,2451 2649,2414 2864,2448 3129,2414 3129,2373 3036,2358 1968,2381"/>
                <Baseline points="1990,2423 2047,2421 2104,2420 2161,2419 2219,2419 2276,2418 2333,2417 2391,2417 2448,2417 2505,2414 2563,2414 2620,2414 2677,2414 2734,2414 2792,2411 2849,2411 2906,2408 2964,2408 3021,2410 3078,2408 3136,2411"/>
                <TextEquiv>
                    <Unicode>individuelle Freiheit, gegen die Convenienz=Empfindung,</Unicode>
                </TextEquiv>
            </TextLine>
            <TextLine id="tr_1_tl_90" custom="readingOrder {index:89;}">
                <Coords points="789,2455 1942,2440 1942,2385 1871,2377 789,2396"/>
                <Baseline points="808,2447 865,2445 922,2444 979,2441 1036,2441 1093,2439 1150,2438 1208,2437 1265,2435 1322,2435 1379,2435 1436,2434 1493,2430 1550,2429 1608,2432 1665,2432 1722,2429 1779,2429 1836,2428 1893,2426 1951,2426"/>
                <TextEquiv>
                    <Unicode>mal, der Kammerherr, verfolgte." — „Lassen Sie mich!</Unicode>
                </TextEquiv>
            </TextLine>
            <TextLine id="tr_1_tl_91" custom="readingOrder {index:90;}">
                <Coords points="179,2455 212,2474 294,2466 312,2485 376,2451 763,2455 763,2414 692,2403 629,2425 551,2403 532,2418 179,2414"/>
                <Baseline points="199,2453 227,2453 256,2453 285,2453 313,2451 342,2450 371,2450 399,2450 428,2450 457,2450 486,2450 514,2450 543,2450 572,2450 600,2450 629,2450 658,2449 686,2447 715,2447 744,2448 773,2450"/>
                <TextEquiv>
                    <Unicode>Nietzsche erblickt, das Wesen</Unicode>
                </TextEquiv>
            </TextLine>
            <TextLine id="tr_1_tl_92" custom="readingOrder {index:91;}">
                <Coords points="1975,2478 3125,2463 3125,2422 3076,2418 1975,2429"/>
                <Baseline points="1996,2471 2052,2471 2109,2468 2166,2467 2223,2465 2280,2468 2337,2465 2393,2466 2450,2466 2507,2462 2564,2462 2621,2462 2678,2462 2735,2462 2791,2460 2848,2460 2905,2459 2962,2459 3019,2458 3076,2456 3133,2456"/>
                <TextEquiv>
                    <Unicode>die eine tiefe Gefühlsgemeinschaft von Mann und</Unicode>
                </TextEquiv>
            </TextLine>
            <TextLine id="tr_1_tl_93" custom="readingOrder {index:92;}">
                <Coords points="807,2511 1949,2485 1949,2433 1823,2425 811,2451"/>
                <Baseline points="829,2495 885,2492 941,2491 998,2489 1054,2487 1111,2486 1167,2484 1223,2486 1280,2483 1336,2483 1393,2482 1449,2480 1505,2480 1562,2480 1618,2479 1675,2477 1731,2477 1787,2477 1844,2477 1900,2475 1957,2474"/>
                <TextEquiv>
                    <Unicode>schreit im selben Augenblick das Stubenmädchen Regine</Unicode>
                </TextEquiv>
            </TextLine>
            <TextLine id="tr_1_tl_94" custom="readingOrder {index:93;}">
                <Coords points="201,2504 763,2507 763,2459 718,2451 201,2466"/>
                <Baseline points="223,2498 250,2498 278,2498 305,2498 333,2498 360,2498 388,2498 415,2498 443,2498 470,2498 498,2498 525,2498 553,2498 580,2496 608,2495 635,2495 663,2495 690,2495 718,2497 745,2496 773,2492"/>
                <TextEquiv>
                    <Unicode>der Individualitäts=Freiheit</Unicode>
                </TextEquiv>
            </TextLine>
            <TextLine id="tr_1_tl_95" custom="readingOrder {index:94;}">
                <Coords points="1979,2533 3132,2518 3132,2466 3073,2463 1979,2478"/>
                <Baseline points="1999,2524 2056,2519 2113,2515 2170,2517 2227,2515 2284,2515 2341,2518 2399,2514 2456,2514 2513,2513 2570,2513 2627,2512 2684,2510 2741,2507 2799,2507 2856,2507 2913,2507 2970,2507 3027,2507 3084,2505 3142,2501"/>
                <TextEquiv>
                    <Unicode>Frau verdrängt, gegen alle Begriffs- eberzeugungs¬</Unicode>
                </TextEquiv>
            </TextLine>
            <TextLine id="tr_1_tl_96" custom="readingOrder {index:95;}">
                <Coords points="796,2552 1886,2541 1946,2530 1949,2485 796,2496"/>
                <Baseline points="817,2539 873,2539 930,2538 987,2536 1043,2536 1100,2533 1157,2533 1213,2531 1270,2530 1327,2530 1384,2530 1440,2530 1497,2527 1554,2527 1610,2527 1667,2525 1724,2527 1780,2522 1837,2524 1894,2522 1951,2521"/>
                <TextEquiv>
                    <Unicode>das im Nebenzimmer den jungen Oswald abwehrt;</Unicode>
                </TextEquiv>
            </TextLine>
            <TextLine id="tr_1_tl_97" custom="readingOrder {index:96;}">
                <Coords points="160,2556 759,2556 759,2504 718,2500 565,2518 160,2507"/>
                <Baseline points="182,2551 211,2548 240,2548 270,2548 299,2548 329,2548 358,2548 387,2547 417,2545 446,2547 476,2547 505,2545 534,2545 564,2545 593,2545 623,2545 652,2545 681,2545 711,2543 740,2542 770,2542"/>
                <TextEquiv>
                    <Unicode>chen Zwanges des Dionysos</Unicode>
                </TextEquiv>
            </TextLine>
            <TextLine id="tr_1_tl_98" custom="readingOrder {index:97;}">
                <Coords points="1979,2578 3129,2567 3106,2511 1979,2533"/>
                <Baseline points="1999,2566 2055,2566 2112,2566 2169,2568 2226,2564 2283,2563 2340,2563 2396,2562 2453,2562 2510,2560 2567,2560 2624,2558 2681,2557 2738,2557 2794,2557 2851,2555 2908,2554 2965,2554 3022,2554 3079,2552 3136,2548"/>
                <TextEquiv>
                    <Unicode>und Auffassungsmumien einer veralteten Gesellschaftsord¬</Unicode>
                </TextEquiv>
            </TextLine>
            <TextLine id="tr_1_tl_99" custom="readingOrder {index:98;}">
                <Coords points="804,2600 1953,2582 1953,2537 1760,2518 804,2548"/>
                <Baseline points="823,2593 879,2590 936,2587 993,2587 1049,2587 1106,2584 1163,2583 1219,2579 1276,2580 1333,2581 1390,2580 1446,2578 1503,2578 1560,2578 1616,2577 1673,2575 1730,2575 1786,2572 1843,2572 1900,2572 1957,2566"/>
                <TextEquiv>
                    <Unicode>das Schicksal dieser Familie ist auf den nämlichen Mahn¬</Unicode>
                </TextEquiv>
            </TextLine>
            <TextLine id="tr_1_tl_100" custom="readingOrder {index:99;}">
                <Coords points="156,2604 379,2597 443,2623 558,2597 770,2608 770,2556 156,2556"/>
                <Baseline points="176,2596 206,2599 236,2597 266,2596 297,2596 327,2596 357,2596 387,2596 418,2596 448,2596 478,2596 508,2596 539,2596 569,2596 599,2596 629,2596 660,2596 690,2596 720,2594 750,2593 781,2593"/>
                <TextEquiv>
                    <Unicode>dem dieser Gegensatz nicht unter</Unicode>
                </TextEquiv>
            </TextLine>
            <TextLine id="tr_1_tl_101" custom="readingOrder {index:100;}">
                <Coords points="1983,2619 3132,2615 3136,2559 3080,2556 1986,2578"/>
                <Baseline points="2005,2617 2062,2614 2119,2617 2176,2614 2233,2614 2290,2611 2347,2610 2404,2609 2461,2609 2518,2608 2575,2608 2632,2608 2689,2606 2746,2608 2803,2607 2860,2605 2917,2605 2974,2602 3031,2602 3088,2600 3145,2599"/>
                <TextEquiv>
                    <Unicode>nung, welche die Freude am Leben zerstört und den</Unicode>
                </TextEquiv>
            </TextLine>
            <TextLine id="tr_1_tl_102" custom="readingOrder {index:101;}">
                <Coords points="804,2649 1946,2626 1946,2582 1827,2574 804,2600"/>
                <Baseline points="823,2641 879,2638 936,2635 992,2635 1049,2633 1105,2632 1162,2632 1218,2630 1275,2629 1331,2629 1388,2626 1445,2626 1501,2626 1558,2623 1614,2626 1671,2624 1727,2620 1784,2620 1840,2621 1897,2621 1954,2620"/>
                <TextEquiv>
                    <Unicode>ruf gestimmt. Und wieder in einem Zuge Scribescher</Unicode>
                </TextEquiv>
            </TextLine>
            <TextLine id="tr_1_tl_103" custom="readingOrder {index:102;}">
                <Coords points="149,2649 402,2671 439,2645 603,2664 636,2645 770,2652 770,2608 707,2597 446,2619 368,2597 149,2611"/>
                <Baseline points="170,2647 200,2647 231,2645 261,2644 292,2644 322,2644 353,2644 383,2644 414,2644 444,2644 475,2644 506,2641 536,2643 567,2644 597,2644 628,2644 658,2643 689,2641 719,2641 750,2641 781,2641"/>
                <TextEquiv>
                    <Unicode>Nichte. Nietzsche prophezeit in dem</Unicode>
                </TextEquiv>
            </TextLine>
            <TextLine id="tr_1_tl_104" custom="readingOrder {index:103;}">
                <Coords points="1986,2671 3140,2652 3143,2608 3043,2600 1990,2619"/>
                <Baseline points="2008,2662 2065,2664 2122,2662 2179,2662 2236,2662 2293,2661 2350,2659 2407,2659 2464,2658 2521,2654 2578,2656 2635,2656 2692,2656 2749,2656 2806,2656 2863,2650 2920,2652 2977,2650 3034,2650 3091,2650 3148,2647"/>
                <TextEquiv>
                    <Unicode>Menschen längst nicht mehr Genüge thut. Zum Schaden</Unicode>
                </TextEquiv>
            </TextLine>
            <TextLine id="tr_1_tl_105" custom="readingOrder {index:104;}">
                <Coords points="807,2690 1949,2675 1949,2626 807,2645"/>
                <Baseline points="829,2686 885,2686 941,2684 998,2678 1054,2675 1111,2677 1167,2677 1223,2677 1280,2674 1336,2677 1393,2674 1449,2674 1505,2674 1562,2673 1618,2671 1675,2671 1731,2671 1787,2670 1844,2668 1900,2668 1957,2665"/>
                <TextEquiv>
                    <Unicode>Geistes, der Marke Wirkungen durch kleine Ursachen herbei¬</Unicode>
                </TextEquiv>
            </TextLine>
            <TextLine id="tr_1_tl_106" custom="readingOrder {index:105;}">
                <Coords points="156,2704 625,2697 681,2716 714,2693 777,2697 777,2649 156,2656"/>
                <Baseline points="176,2698 206,2695 237,2693 267,2692 298,2692 328,2692 359,2692 389,2692 420,2692 450,2692 481,2692 512,2689 542,2691 573,2692 603,2692 634,2692 664,2692 695,2692 725,2690 756,2690 787,2692"/>
                <TextEquiv>
                    <Unicode>es deutschen Gelehrten, daß die</Unicode>
                </TextEquiv>
            </TextLine>
            <TextLine id="tr_1_tl_107" custom="readingOrder {index:106;}">
                <Coords points="1983,2719 3143,2704 3114,2652 1983,2671"/>
                <Baseline points="2002,2712 2059,2712 2116,2712 2174,2709 2231,2709 2289,2709 2346,2707 2404,2707 2461,2707 2519,2707 2576,2707 2633,2704 2691,2704 2748,2701 2806,2701 2863,2701 2921,2698 2978,2698 3036,2698 3093,2696 3151,2695"/>
                <TextEquiv>
                    <Unicode>dieses kühnen Prosectors der oppositionellen Literatur wird</Unicode>
                </TextEquiv>
            </TextLine>
            <TextLine id="tr_1_tl_108" custom="readingOrder {index:107;}">
                <Coords points="811,2753 1949,2730 1953,2671 811,2693"/>
                <Baseline points="832,2733 888,2733 944,2732 1001,2728 1057,2727 1114,2727 1170,2724 1226,2724 1283,2724 1339,2721 1396,2722 1452,2722 1508,2721 1565,2719 1621,2720 1678,2716 1734,2715 1790,2715 1847,2715 1903,2715 1960,2712"/>
                <TextEquiv>
                    <Unicode>führt, zündet der in einem so armseligen Gedankenkreise</Unicode>
                </TextEquiv>
            </TextLine>
            <TextLine id="tr_1_tl_109" custom="readingOrder {index:108;}">
                <Coords points="212,2745 446,2757 603,2742 640,2771 677,2742 774,2742 774,2701 729,2693 699,2712 212,2701"/>
                <Baseline points="232,2736 259,2738 287,2739 314,2739 342,2739 370,2739 397,2739 425,2739 452,2739 480,2739 508,2739 535,2739 563,2738 590,2736 618,2738 646,2739 673,2739 701,2739 728,2739 756,2737 784,2736"/>
                <TextEquiv>
                    <Unicode>mit der Neubelebung des</Unicode>
                </TextEquiv>
            </TextLine>
            <TextLine id="tr_1_tl_110" custom="readingOrder {index:109;}">
                <Coords points="1998,2775 3147,2764 3147,2704 1998,2716"/>
                <Baseline points="2017,2763 2073,2760 2130,2759 2187,2757 2243,2757 2300,2757 2357,2756 2413,2754 2470,2754 2527,2754 2584,2753 2640,2751 2697,2751 2754,2751 2810,2750 2867,2748 2924,2748 2980,2748 3037,2747 3094,2745 3151,2745"/>
                <TextEquiv>
                    <Unicode>seine Absicht, auf den Ruinen der alten Welt eine neue</Unicode>
                </TextEquiv>
            </TextLine>
            <TextLine id="tr_1_tl_111" custom="readingOrder {index:110;}">
                <Coords points="804,2790 1953,2771 1953,2730 1856,2719 804,2757"/>
                <Baseline points="823,2787 879,2781 936,2781 993,2777 1050,2775 1107,2775 1164,2772 1220,2772 1277,2772 1334,2769 1391,2769 1448,2769 1505,2767 1562,2766 1618,2766 1675,2766 1732,2766 1789,2763 1846,2763 1903,2763 1960,2763"/>
                <TextEquiv>
                    <Unicode>große Verbrecher Engstrand die ironische Feuersbrunst an,</Unicode>
                </TextEquiv>
            </TextLine>
            <TextLine id="tr_1_tl_112" custom="readingOrder {index:111;}">
                <Coords points="149,2805 253,2786 491,2809 644,2786 688,2809 777,2801 777,2749 722,2742 651,2760 149,2745"/>
                <Baseline points="170,2790 200,2787 231,2785 262,2783 293,2781 324,2783 355,2785 385,2787 416,2789 447,2789 478,2787 509,2787 540,2787 571,2787 601,2787 632,2785 663,2785 694,2787 725,2785 756,2784 787,2784"/>
                <TextEquiv>
                    <Unicode>erde — eine capriciöse Heldin</Unicode>
                </TextEquiv>
            </TextLine>
            <TextLine id="tr_1_tl_113" custom="readingOrder {index:112;}">
                <Coords points="1983,2812 3091,2816 3143,2757 1983,2779"/>
                <Baseline points="2005,2811 2062,2810 2119,2808 2176,2808 2233,2808 2290,2806 2347,2805 2405,2804 2462,2804 2519,2802 2576,2802 2633,2802 2690,2802 2747,2799 2805,2798 2862,2796 2919,2796 2976,2796 3033,2795 3090,2793 3148,2793"/>
                <TextEquiv>
                    <Unicode>erstehen zu lassen, dem Leser klarer als dem Zu¬</Unicode>
                </TextEquiv>
            </TextLine>
            <TextLine id="tr_1_tl_114" custom="readingOrder {index:113;}">
                <Coords points="804,2835 1179,2868 1265,2827 1488,2820 1577,2857 1949,2831 1927,2768 807,2790"/>
                <Baseline points="826,2829 882,2829 939,2828 995,2826 1052,2826 1108,2823 1165,2822 1221,2820 1278,2820 1334,2820 1391,2817 1448,2815 1504,2814 1561,2817 1617,2814 1674,2816 1730,2814 1787,2811 1843,2811 1900,2811 1957,2808"/>
                <TextEquiv>
                    <Unicode>deren Flammenschein nicht nur das Haus Alving be¬</Unicode>
                </TextEquiv>
            </TextLine>
            <TextLine id="tr_1_tl_115" custom="readingOrder {index:114;}">
                <Coords points="153,2872 264,2879 305,2857 339,2879 443,2857 562,2879 658,2857 681,2876 718,2846 781,2853 781,2797 153,2801"/>
                <Baseline points="173,2841 203,2841 234,2839 265,2838 295,2838 326,2838 357,2837 387,2835 418,2837 449,2838 480,2838 510,2836 541,2835 572,2835 602,2835 633,2835 664,2835 694,2835 725,2835 756,2835 787,2835"/>
                <TextEquiv>
                    <Unicode>lich nach dem Weinlaub des</Unicode>
                </TextEquiv>
            </TextLine>
            <TextLine id="tr_1_tl_116" custom="readingOrder {index:115;}">
                <Coords points="1990,2864 3143,2853 3147,2801 3047,2794 1994,2816"/>
                <Baseline points="2011,2859 2068,2859 2125,2856 2182,2856 2239,2854 2296,2856 2353,2853 2410,2853 2467,2851 2524,2850 2581,2850 2638,2848 2695,2849 2752,2847 2809,2847 2866,2847 2923,2844 2980,2847 3037,2846 3094,2842 3151,2844"/>
                <TextEquiv>
                    <Unicode>schauer. Was Jener mühelos und offen erräth, scheint</Unicode>
                </TextEquiv>
            </TextLine>
            <TextLine id="tr_1_tl_117" custom="readingOrder {index:116;}">
                <Coords points="804,2909 867,2913 923,2879 975,2876 993,2894 1016,2876 1042,2879 1042,2838 1001,2835 975,2850 941,2823 926,2835 882,2842 804,2831"/>
                <Baseline points="823,2874 851,2876 879,2876 907,2874 935,2874 963,2874 991,2872 1019,2871 1047,2871"/>
                <TextEquiv>
                    <Unicode>leuchtet.</Unicode>
                </TextEquiv>
            </TextLine>
            <TextLine id="tr_1_tl_118" custom="readingOrder {index:117;}">
                <Coords points="1986,2924 3140,2902 3114,2846 1986,2872"/>
                <Baseline points="2008,2909 2065,2907 2122,2903 2179,2903 2236,2903 2293,2903 2350,2901 2407,2901 2464,2901 2521,2898 2578,2898 2635,2898 2692,2898 2749,2898 2806,2897 2863,2895 2920,2892 2977,2892 3034,2892 3091,2890 3148,2892"/>
                <TextEquiv>
                    <Unicode>Diesem verworren; über jedem Buche Ibsen's flattern die</Unicode>
                </TextEquiv>
            </TextLine>
            <TextLine id="tr_1_tl_119" custom="readingOrder {index:118;}">
                <Coords points="889,2924 1793,2909 1964,2961 1968,2846 1890,2831 1577,2861 1507,2823 1347,2831 893,2887"/>
                <Baseline points="910,2921 963,2920 1016,2918 1069,2918 1122,2918 1175,2915 1228,2914 1281,2912 1334,2912 1387,2912 1441,2912 1494,2912 1547,2912 1600,2910 1653,2909 1706,2909 1759,2908 1812,2907 1865,2909 1918,2907 1972,2903"/>
                <TextEquiv>
                    <Unicode>Die charakteristische Verschiedenheit Wagner's und Ih¬</Unicode>
                </TextEquiv>
            </TextLine>
            <TextLine id="tr_1_tl_120" custom="readingOrder {index:119;}">
                <Coords points="175,2939 294,2943 312,2961 346,2939 770,2943 774,2876 725,2876 688,2905 644,2872 502,2883 443,2857 365,2887 179,2876"/>
                <Baseline points="196,2939 225,2936 254,2936 283,2936 313,2936 342,2936 371,2936 400,2935 430,2933 459,2933 488,2933 517,2933 547,2933 576,2933 605,2933 634,2933 664,2933 693,2933 722,2931 751,2931 781,2933"/>
                <TextEquiv>
                    <Unicode>weite Kluft zwischen den Na¬</Unicode>
                </TextEquiv>
            </TextLine>
            <TextLine id="tr_1_tl_121" custom="readingOrder {index:120;}">
                <Coords points="1990,2961 2719,2976 2812,2943 3140,2954 3143,2905 1990,2916"/>
                <Baseline points="2011,2951 2067,2957 2124,2954 2181,2953 2238,2951 2295,2951 2352,2950 2408,2948 2465,2948 2522,2948 2579,2945 2636,2947 2693,2948 2750,2945 2806,2944 2863,2942 2920,2942 2977,2939 3034,2939 3091,2939 3148,2939"/>
                <TextEquiv>
                    <Unicode>Schatten des zweiten Theiles von „Faust". Als in Berlin</Unicode>
                </TextEquiv>
            </TextLine>
            <TextLine id="tr_1_tl_122" custom="readingOrder {index:121;}">
                <Coords points="818,2987 1879,2972 1879,2924 1789,2905 1734,2931 822,2916"/>
                <Baseline points="838,2972 890,2972 942,2969 995,2969 1047,2969 1100,2968 1152,2964 1204,2963 1257,2963 1309,2963 1362,2962 1414,2960 1466,2960 1519,2960 1571,2960 1624,2957 1676,2957 1728,2956 1781,2954 1833,2954 1886,2960"/>
                <TextEquiv>
                    <Unicode>sen's verräth sich nicht nur in ihrem inneren Wesen,</Unicode>
                </TextEquiv>
            </TextLine>
            <TextLine id="tr_1_tl_123" custom="readingOrder {index:122;}">
                <Coords points="164,3002 298,2983 774,2983 774,2943 696,2928 532,2954 346,2939 312,2957 164,2935"/>
                <Baseline points="185,2987 214,2984 244,2984 274,2984 304,2983 334,2981 363,2981 393,2981 423,2981 453,2981 483,2981 512,2981 542,2981 572,2980 602,2978 632,2978 661,2978 691,2978 721,2978 751,2979 781,2981"/>
                <TextEquiv>
                    <Unicode>sen's Jener nach peinlichen</Unicode>
                </TextEquiv>
            </TextLine>
            <TextLine id="tr_1_tl_124" custom="readingOrder {index:123;}">
                <Coords points="1990,3009 3143,3002 3143,2950 3054,2946 1990,2957"/>
                <Baseline points="2011,3002 2068,3002 2125,3002 2182,3002 2239,3000 2296,2999 2353,2996 2410,2996 2467,2996 2524,2996 2581,2994 2638,2996 2695,2996 2752,2993 2809,2992 2866,2990 2923,2990 2980,2987 3037,2987 3094,2987 3151,2984"/>
                <TextEquiv>
                    <Unicode>in der ersten Hälfte des vorigen Jahrhunderts junge</Unicode>
                </TextEquiv>
            </TextLine>
            <TextLine id="tr_1_tl_125" custom="readingOrder {index:124;}">
                <Coords points="811,3028 1960,3017 1960,2954 1901,2946 811,2983"/>
                <Baseline points="832,3020 888,3020 945,3019 1002,3017 1058,3015 1115,3014 1172,3013 1228,3011 1285,3011 1342,3011 1399,3011 1455,3009 1512,3008 1569,3008 1625,3008 1682,3008 1739,3005 1795,3005 1852,3005 1909,3005 1966,3005"/>
                <TextEquiv>
                    <Unicode>tritt auch äußerlich hervor. Wagner erscheint immer bewegt,</Unicode>
                </TextEquiv>
            </TextLine>
            <TextLine id="tr_1_tl_126" custom="readingOrder {index:125;}">
                <Coords points="149,3047 781,3036 781,2987 755,2983 264,2987 223,3006 153,2976"/>
                <Baseline points="173,3032 203,3034 234,3034 265,3032 295,3032 326,3031 357,3029 387,3029 418,3029 449,3029 480,3029 510,3029 541,3028 572,3026 602,3028 633,3028 664,3026 694,3026 725,3027 756,3029 787,3032"/>
                <TextEquiv>
                    <Unicode>er glänzenden Volksthümlichkeit,</Unicode>
                </TextEquiv>
            </TextLine>
            <TextLine id="tr_1_tl_127" custom="readingOrder {index:126;}">
                <Coords points="1986,3069 3143,3047 3143,3002 3028,2983 1990,3013"/>
                <Baseline points="2011,3050 2068,3053 2125,3053 2182,3049 2239,3047 2296,3047 2353,3047 2411,3046 2468,3044 2525,3044 2582,3044 2639,3044 2696,3044 2753,3044 2811,3042 2868,3040 2925,3038 2982,3041 3039,3037 3096,3035 3154,3035"/>
                <TextEquiv>
                    <Unicode>Schriftsteller begeistert für die Aufführung des ganzen</Unicode>
                </TextEquiv>
            </TextLine>
            <TextLine id="tr_1_tl_128" custom="readingOrder {index:127;}">
                <Coords points="807,3080 1957,3062 1960,3017 1830,3006 811,3028"/>
                <Baseline points="826,3068 883,3068 940,3068 997,3068 1054,3066 1111,3065 1168,3062 1225,3061 1282,3059 1339,3059 1396,3059 1453,3059 1510,3057 1567,3059 1624,3056 1681,3056 1738,3053 1795,3053 1852,3054 1909,3052 1966,3047"/>
                <TextEquiv>
                    <Unicode>lebendig, übermüthig wegwerfend, voll sprudelnder Thaten¬</Unicode>
                </TextEquiv>
            </TextLine>
            <TextLine id="tr_1_tl_129" custom="readingOrder {index:128;}">
                <Coords points="160,3080 193,3095 777,3084 777,3036 160,3043"/>
                <Baseline points="179,3077 209,3080 239,3080 270,3080 300,3080 331,3080 361,3079 391,3077 422,3077 452,3077 483,3077 513,3077 543,3077 574,3076 604,3074 635,3074 665,3074 695,3074 726,3074 756,3073 787,3071"/>
                <TextEquiv>
                    <Unicode>Führern literarischer Bewegungen</Unicode>
                </TextEquiv>
            </TextLine>
            <TextLine id="tr_1_tl_130" custom="readingOrder {index:129;}">
                <Coords points="164,3151 963,3169 1109,3132 1146,3166 1194,3136 1257,3173 1707,3181 2076,3125 2325,3129 2444,3177 2675,3140 2902,3192 3155,3140 3155,3043 164,3088"/>
                <Baseline points="185,3130 333,3127 482,3124 631,3124 780,3122 928,3118 1077,3115 1226,3109 1375,3107 1523,3106 1672,3103 1821,3101 1970,3100 2118,3103 2267,3100 2416,3097 2565,3097 2713,3097 2862,3093 3011,3092 3160,3089"/>
                <TextEquiv>
                    <Unicode>seines universellen Gestes eine lust und phantasischer Ueberschwänglichkeit; in seinem Ge-Faust eintraten, pigere Hobei nach Weimar, um von</Unicode>
                </TextEquiv>
            </TextLine>
            <TextEquiv>
                <Unicode></Unicode>
            </TextEquiv>
        </TextRegion>
    </Page>
</PcGts>
