3436 4064
154 233 247 337 8.
301 231 532 305 Freiw.
291 291 421 337 .
847 190 1264 303 box 14/2
1172 1127 2404 1197 Aucun parmi les écrivains de la Jeune Allemagne ne me paraît
1095 1179 2409 1248 mériter mieux ces éloges que M. Arthur Schnitzler. Son nouveau
1100 1226 2405 1299 drame Freiwild vient d'obtenir un grand succès au Théâtre-Alle¬
1099 1276 2402 1354 mand de Berlin. Il est impossible, en effet, d’applaudir une pièce
1099 1323 2407 1392 qui soit plus d'actualité. En montrant à quels crimes peut conduire
1100 1369 2396 1444 l’idée absurdement exagérée de l’honneur qu'on inculque aux offi¬
1099 1420 2402 1487 ciers allemands, M. Schnitzler répondait par avance aux sentiments
1097 1470 2402 1543 indignés de toute l'Allemagne révoltée par les incidents sanglants
1104 1523 2397 1601 de ces dernières semaines. La critique est presque unanime à re¬
1099 1567 2405 1647 connaître à cette pièce de Schnitzler une singulière puissance dra¬
1097 1618 2401 1693 matique, d'autant plus saisissante que l’auteur n’a nullement l'air
1100 1674 2404 1759 de soutenir de thèse, et sait garder l'apparence de la plus stricte
1100 1724 1816 1800 « objectivité », comme on dit là-bas.
2052 1754 2332 1854 CHANTECLAIR.
956 1831 1161 2039 der
1372 1973 2130 2083 MODES MASCULINES
2037 2070 2335 2148 Ce 14 novembre.
1184 2132 2402 2198 Vous ne vous attendez point, lectrices, à trouver ici des nou¬
1109 2188 2402 2270 velles à sensation, qui, je ne le mets point en doute, vous effarou¬
1105 2235 2401 2322 cheraient peut-être singulièrement ? Soyez tranquilles, et dormez
1109 2289 2412 2373 en paix; vos maris, vos frères, vos fils, continuent comme par le
1109 2347 2405 2409 passé à évoluer entre le veston, la jaquette, la redingote et le frac,
1112 2381 2404 2456 sans que vienne une révolution de la mode, les leur faisant échanger
1107 2430 2409 2510 contre un pourpoint de velours, le jabot et les manchettes de den¬
1109 2484 2405 2545 telles... et c’est grand dommage ! Combien ils seraient mieux mis,
1109 2541 2410 2604 nombre de ces messieurs, leur noble tête ombragée par un feutre
1109 2587 2414 2653 empanaché, que cerclée par l'horrible chapeau melon ou le tuyau
1105 2627 2409 2707 de poêle auxquels ils gardent depuis tant d'années une inébran¬
1104 2692 2409 2743 lable fidélité ! Mais rien ne fait prévoir le retour à des modes plus
1112 2728 2405 2795 fantaisistes. Tout ce qu’on demande maintenant à l'homme de
1109 2771 2412 2844 bonne compagnie, c’est d’avoir dans sa tenue une élégance correcte
1109 2821 2412 2895 qui ne trahisse ni l’étude ni la recherche; c'est surtout de savoir
1112 2871 2420 2938 modifier sa mise à propos, suivant les circonstances et suivant les
2451 1328 2532 1392 pri
