3484 4256
110 54 1038 94 Kraft, Schnitzlers „Freiwild“, das vor
1073 35 1985 96 Figuren und des seelenvoll geformten landschaft¬
110 84 778 129 einem Jahrzehnt im „Karltheater
813 87 1034 143 zu Boden
1071 94 1870 145 lichen Hintergrundes. Alle diese Menschen
115 129 1038 178 fiel, ein geschickt geschnitzeltes Tendenz= und
1066 138 1882 185 mitive Philosophen und Daseins=Grübler
117 171 1041 220 Thesenstück gegen das Duell, in seinem künstle¬
1071 176 1880 223 Gorki selbst, suchen den Sinn des Lebens,
110 213 1038 262 risch wertvolleren Teil ein zartes Aquarell aus
1078 218 1880 265 Stellung zum Leben zu fixiren. In diese
1910 220 1990 270 eine
115 255 1029 309 mondain=österreichischer Gesellschaft, fesselt jetzt
1073 258 1880 326 Beleuchtung sind alle Charaktere gerückt,
110 295 1034 347 eben durch die Ernsthaftigkeit der gestellten Frage.
1076 300 1990 356 scharf heben sich die Konturen ab! Da ist
117 338 1036 391 Und von den Premieren der allerletzten Wochen
1064 342 1999 394 der Vater Beßjemonow, der kleinbürgerliche
110 389 1985 438 und Tage haben uns wieder nur jene intensiver Maler, der sein Leben abarbeitet wie eine Pflicht,
117 424 1031 473 beschäftigt, die auf einem sozialen, einem politi¬
1073 424 1988 480 spart, den geachteten gesellschaftlichen Platz zu
115 466 1038 534 schen und sogar sozialpozialpolitischen Grund ge¬
1064 469 1980 518 gewinnen und zu behaupten und seine Kinder zu
110 511 1988 560 baut sind: ich meine das russische Sittenstück versorgen strebt. Da ist die Tochter Tathana, die
115 548 1031 600 „Die Kleinbürger“ Gorkis und ein Wiener
1066 558 1990 605 mit dem Leben überhaupt nichts zu beginnen
112 598 1988 652 Volksschauspiel „Fräulein Lehrerin“ von weiß, verzweifelt und von dem Alltag ermüdet
110 638 1988 689 Viktor Leon und Leo Held. Gestatten Sie mit dem Tode spielt. Da ist Nil vor allem, ein
110 680 1027 731 mir von diesen beiden jüngsten, selbst im bunte¬
1064 684 1990 734 prächtiger, kräftiger, naiver Junge, für den es
117 722 1029 769 sten Faschingswirbel der „Metternich=Blumen¬
1064 727 1988 771 entnervende Träume nicht gibt, der munter in
115 764 1027 809 Redoute, und der farbenfrohen Künstlerfeste noch
1057 759 1988 820 das Leben springt, wie ein Fechter dort, wo es
112 806 1980 853 unverwischten ernsten, ja grauen Eindrücken zu am verlockendsten und drohendsten wirkt. Da sind
110 848 380 921 berichten.
1064 851 1988 895 endlich die Vaganten=Telerew, der so unkirchliche
1062 893 1988 947 Kirchensänger und der Vogelhändler Partschichin,
199 881 1036 961 Gorkis „Kleinbürger" sind ein in die Szene
1066 938 1985 1001 die richtigen Prinzen Vogelfrei voller Lebens¬
112 923 1031 1008 gesetzter Beweis für alles Hinfällige unserer gan¬
1071 977 1988 1029 sehnsucht und Lebensverachtung, Gestalten so
115 994 1031 1050 zen dramaturgischen Schulweisheit. Was beginn
112 1012 1980 1085 man mit den staubigen Theorien von der „tra¬ ganz aus dem sehnsüchtig trotzigen Geiste Gorkt¬
1064 1059 1999 1116 geboren, aus jenem aufrichtigen, um alles Leiden
110 1080 1036 1130 gischen Schuld“, der Katharsis und der Katastrophe
1064 1106 1988 1158 mitleidig flatternden Geist, der diesen der innig¬
112 1123 1029 1179 diesen ereignislosen Szenen gegenüber, „Szenen
1064 1144 1988 1209 sten Liebe werten Poeten und Menschen in die
110 1165 1029 1214 aus der Enge" möcht ich sie nennen, wie Gork
1066 1198 1662 1263 Peter=Paulsfestung zwang...
122 1205 1024 1259 selbst das „Nachtasyl" „Szenen aus der Tiefe
1141 1205 1990 1284 Von diesem den deutschen Bühnen beinahe
115 1249 1031 1294 nannte — Szenen ohne dramatisches Gefüge, ohne
1057 1270 1992 1331 noch fremden, jetzt in mehr als einer Richtung
112 1294 1031 1338 Neigung, breit und dumpf verlaufend, und
1062 1312 1988 1369 zeitgemäßen Werk, dahinter eine ganze Kultur¬
115 1334 1029 1390 dennoch unser Empfinden tief und schwermütig
1064 1352 1988 1409 welt gärt, scheint ein recht weiter Weg zu jenem
117 1376 1036 1427 zu sich bannend. Wahrhaftig, mit dem Aristoteli¬
1057 1404 1988 1451 andern gar nicht dunkeln, sondern hübschen und
122 1420 1034 1472 schen, mit dem Lessingschen, selbst mit dem mo¬
1066 1441 1997 1495 liebenswürdigen, mit einem Wort Wienerischen
112 1467 1038 1519 dernen Zustands-Drama haben diese Szenen
1071 1488 1988 1538 Volksstück, das den dauernden Erfolg der letzten
112 1512 1041 1563 wenig gemein, denn bei Holz und Schlaf und
1064 1526 1990 1577 Woche bedeutet. Ich meine den Dreiakter „Fräu¬
117 1545 1031 1605 Hauptmann sind doch die Zustände selbst dra¬
1064 1577 1999 1624 lein Lehrerin" von Victor Leon, dem
110 1589 1036 1643 matisch bewegt, die Seelen in diese Dumpfheit
1057 1612 1988 1669 bühnensichern Theatermann, und dessen Bruder
112 1631 1031 1680 des Lebens gezwungen, verändern sich, wachsen
1064 1657 1980 1711 Leo Hirschfeld, den man als Dichter des Jung¬
110 1676 1029 1723 kämpfen wider den Zwang des Tages. Von alle
1057 1702 1992 1753 Leute=Stücks „Die Lumpen" in Prag wohl noch
112 1711 1031 1765 dem ist bei Gorki kaum die Rede. Das Stück
1062 1739 1988 1793 in angenehmer Erinnerung hat. Von Gorki zu
112 1760 1031 1814 steht von dem Augenblick still, da es erst beginnen
1062 1791 1988 1838 diesen Wienern scheint kein Zusammenhang zu
112 1807 1031 1856 sollte. Der Kleinbürger Beßjemonow hat zwei
1066 1823 1990 1877 führen, und doch sind auch diese bei aller Ver¬
112 1842 1029 1898 Kinder, den sechsundzwanzigjährigen Studenten
1064 1870 1980 1924 schiedenheit des Landstrichs, der Temperamente
110 1889 1034 1943 Peter und die achtundzwanzigjährige Volksschul¬
1062 1912 1992 1966 wohl auch der gestaltenden Kraft, durch eines
112 1934 1029 1985 lehrerin Tathana. In seinem engen, beschränkten
1064 1952 1988 2002 verbunden: die Echtheit. Das Leon Hirschfeldsche
117 1976 1020 2030 spießbürgerlich langweiligen Hause wohnt noch
1057 1997 1997 2051 Volksstück mit seiner gesunden, gesellschaftlichen
112 2020 1024 2067 ein Pflegesohn Nil, der Lokomotivenführer, und
1064 2039 1980 2091 Fabel — es handelt von einer armen, braver
112 2055 1036 2105 die Tochter eines entfernten Verwandten Pelja.
1059 2084 1988 2133 Volksschullehrerin, die, einem jungen Beamten an¬
110 2098 1029 2154 Diese beiden jungen, frischen, der Zukunft ver¬
105 2130 1992 2191 strauenden Leute finden einander bald, Tathana, verlobt, durch das neue, die Lehrerinnen zum
1071 2166 1988 2220 Zölibat verurteilende Gesetz ihr Lebensglück be¬
103 2184 1038 2248 die von Nils Lebensfreudigkeit desgleichen ge¬
1066 2203 1985 2259 droht sieht und es dann auf eigene mutige Weise
103 2224 1031 2290 wonnen war, versucht sich zuvergiften: Nil verläß¬
1064 2245 1980 2302 sucht — dieses schlichte Stück scheint mir eine
112 2276 1036 2330 mit seiner Braut den polternden Pflegevater,
103 2290 1988 2358 auch Peter gründet sich das eigene Heim, die der geschmackvollsten, saubersten, im Ton ein¬
1073 2339 1990 2386 fachsten und ehrlichsten der ganzen Gattung. Es
105 2353 1036 2405 Alten bleiben, von den Kindern, die aus dem
1064 2374 1988 2430 steuert gewiß einer Tendenz entgegen, aber diese
112 2393 1031 2456 Neste geflogen sind, verlassen, allein zurück. Mehr
1062 2416 1990 2473 Tendenz ist nichts als der Appell des Natürlichen
103 2430 1031 2508 geschieht in diesen Szenen im Hause Beßjemo¬
112 2459 1985 2529 nows" wirklich nicht, der Schrei der vergifteten wider die konstruiert verlogene Moral. Einzelne
1073 2508 1988 2557 Figuren, besonders die frische, forsche Lehrerin
110 2524 1034 2580 Tathana ist der einzig dramatische Akzent. Auch
1062 2550 1988 2609 selbst, vor allem aber der selbstsüchtig=gutherzige
112 2566 1036 2623 der geistige Gehalt dieser Szenen ist weder be¬
1066 2590 1980 2641 Hausherr Hartriegel, ein Anzengruber=Charakter
117 2606 1031 2662 sonders neu, noch außergewöhnlich vertieft. Der
1073 2627 1985 2693 sind mit so sicherem Griff aus der Wirklichkeit
115 2648 1038 2707 Kampf zwischen den Generationen, die „Familien¬
1073 2670 1988 2730 jeder großen Stadt entnommen, daß schon um
112 2695 1036 2745 katastrophe ist von den deutschen Naturalisten
1073 2714 1988 2768 dieser Figuren willen dieses amüsant nachdenkliche
122 2735 1036 2791 seit der „Familie Selicke, dem „Friedensfest",
1066 2761 1990 2808 Volksstück überall den Beifall gewinnen muß, des
115 2782 1038 2829 der „Heimat“ unendlichemal abgehandelt worden;
1073 2796 1980 2855 ihm in unserem „Raimundtheater" treu zu blei¬
117 2824 1041 2897 für die russische Gesellschaft hat Turgenjew in
1488 2843 1945 2909 Dr. Paul Wertheimer.
1064 2843 1289 2913 ben scheint.
105 2864 1024 2918 dem Roman „Väter und Söhne" diesen Gegensa
115 2909 1031 2967 weltmännischer, geistreicher gefaßt. Aber dennoch
112 2951 1031 3000 trotz dieser Ereignislosigkeit, trotz der Ver¬
110 2993 1034 3047 trautheit des Motivs hält uns Gorkis breites un¬
112 3040 1031 3089 theatermäßiges Schildern in steter Spannung
112 3082 1031 3131 die man sonst eben die theatralische zu nennen
122 3117 1024 3173 pflegt — so stark ist die Macht eines Dichter
110 3164 1041 3220 über die ästhetischen Formeln. Den Dichter Gorki
117 3206 1031 3260 spürt man aber in der Schlichtheit der Darstel¬
112 3248 1027 3302 lung, in jener milden Parteilosigkeit, die weder
117 3288 1036 3347 den Alten noch der Jugend Recht gibt, sondern
117 3333 1031 3394 voraussieht, daß auch die jetzt anstürmende ju¬
112 3373 1036 3441 gendliche Generation sehr bald den Alten glei¬
110 3422 1034 3471 chen wird, vor allem aber in der Stimmungs¬
115 3462 1038 3511 tiefe jeder ganz in Gefühl gebetteten Szene und
117 3511 1031 3553 in jener, nicht aus Gelehrsamkeit, sondern auf
110 3544 1034 3600 in mitleidigen Weltverstehen quellenden Weis¬
112 3588 1036 3645 heit: die einfachen Eltern müssen sich in Arbeit
110 3630 1034 3680 verbeuten, um ihre Kinder zu gebildeten Men¬
122 3673 1036 3727 schen, die einmal im Leben weiter und höher
110 3717 1041 3769 kommen sollen, heranzuziehen, die Kinder selbst
117 3759 1031 3813 aber werden, eben da sie „gebildet, oder wenig¬
117 3797 1041 3858 stens halbgebildet wurden, von den Eltern, die
124 3839 1038 3898 sich geopfert haben, abfallen. Den Künstler
117 3884 1041 3940 Gorki aber, dem bei aller Volkstümlichkeit die
115 3926 1038 3982 wunderbare Kraft des intuitiven Schauens, der
115 3970 1029 4022 nuancierten Gestaltung, der eindringlichen Land¬
115 4017 1038 4099 schaftszeichnung unmittelbarer denn irgend einem
2773 115 3112 223 8. Frei
