3392 4224
710 129 804 222 1
970 129 1365 248 box 14/4
266 134 672 237 8. Freiw.
447 1087 1400 1245 Ausschnitt aus ESTER LOYE
450 1178 587 1263 vom
2759 1242 3335 1312 anderer Wesen ein, als irge
874 1222 1341 1344 TOBER 1913
2765 1298 3332 1359 beeinflussen vermöchte. Doch
1599 1318 3364 1400 suchen gewohnt waren. Es gibt Leute, die ihn unter die Gerechtigkeit verhängt das
830 1333 1137 1426 „Freiwild.
1593 1388 2747 1467 Unterhaltungsschriftsteller zählen möchten; vielleicht weil
2776 1388 3335 1473 Arthur Schnitzler als der
491 1397 1417 1496 Drama in drei Aufzügen von Arthur Schnitzler.
1604 1438 3326 1502 seine Werke meist in Kreisen oder doch in Kreise hinein verscheint und zugleich als
640 1461 1341 1549 (Erstaufführung im Ungarischen Theater.)
1593 1488 2733 1552 spielen, in denen die Unterhaltung keinen unerheblichen
2771 1490 3288 1569 einzige, was jene wirklich
786 1511 1181 1584 Von Elsa Stephani.
1590 1537 2735 1602 Teil des Lebens ausmacht. Doch gerade er ist es, der
2765 1508 3381 1596 Tod. Und merkwürdig: selbst
497 1531 1564 1637 „Freiwild ist sicherlich eines der schwächsten Dramen
1590 1584 2741 1651 die kranken Wurzeln und die tiefen Schatten dieser
2765 1584 3335 1660 Wahrheit nicht die Männer,
395 1590 1561 1678 Arthur Schnitzlers; doch unter dem Gesichtspunkte von
1590 1634 2733 1704 „Unterhaltung", im weitesten Sinne, sieht und empfindet;
2765 1637 3375 1716 Frauen, die daran zugrunde
400 1660 1561 1730 Schnitzlers Lebenswerk betrachtet, kommt ihr eine gewisse
1590 1692 2733 1742 und der von ihnen zu erzählen weiß, nicht mit dem
2768 1692 3381 1748 schließt die Tragödie nicht al
400 1713 1561 1780 Bedeutung zu, die es, von diesem Oeuvre losgetrennt, als
1599 1733 2735 1797 Eifer des Moralpredigers, sondern mit der feinen, skep¬
2765 1730 3381 1812 Man muß das Leben sehr lieb
400 1765 1561 1832 naiv empfangenes Theaterereignis nicht hätte. Es ist im
1590 1780 2733 1847 tischen Melancholie dessen, der selbst mit dazugehört. Der
2759 1783 3358 1853 bestritten als sein tragischestes
406 1809 1561 1891 Jahre 1896, zwei Jahre nach der „Liebelei", ein Jahr vor
1590 1827 2738 1903 junge Mann aus gutem Hause und der Arzt, das war
2844 1829 3370 1888 In allen dreien: in der
400 1853 1558 1920 dem „Vermächtnis“, entstanden. Es ist von der gleichen
1590 1882 2733 1958 Arthur Schnitzler, bevor er ein Schriftsteller war, und
2759 1867 3384 1958 nis und im „Freiwild, stirbt
409 1905 1561 1970 Luft erfüllt wie die beiden anderen, es behandelt, nicht
1587 1935 2569 1993 von diesen beiden ist sein Weltblick determiniert,
2762 1932 3381 2011 der der einzige Halt eines ar
403 1955 1558 2019 eben in krasser Aehnlichkeit, aber doch so ziemlich das
1672 1976 3355 2037 Der junge Mann aus gutem Hause ist es, der in Ursachen, in die einzugreifen
403 2014 1558 2078 gleiche Problem, es stellt die gleichen Menschen auf die
1599 2014 2730 2087 seinen Werken Schicksale erleidet und Schicksale bringt.
2759 2025 3375 2101 men unmöglich ist. In der
395 2052 1564 2116 Bühne. Daß es Typen sind, die Schnitzler geschaffen oder
1593 2075 2733 2133 Und wenn, in jener frühen Epoche seines Schaffens, auch
2768 2075 3373 2145 wegen einer Frau, deren Exist
395 2110 1561 2168 entdeckt hat, für Oesterreich wenigstens, und daß es die
1590 2125 3373 2186 eine Frau, und mit Vorliebe eine Frau aus einer niedri¬ liebt und das er zu seiner
395 2145 1558 2239 Typen sind, die auch durch seine späteren, stärkeren und
1593 2177 2733 2242 gen Gesellschaftsschichte: das süße Mädel, das er mit dem
2768 2174 3373 2247 einmal kennt, nur in qual
400 2204 1561 2280 größeren Werke schreiten, macht „Freiwild“, historisch
1590 2224 2741 2277 ehrfurchtsvollen und verklärenden Blick eines schuld¬
2768 2218 3381 2282 Vermächtnis ist es ein Reit
403 2242 622 2309 interessant.
1581 2265 2735 2338 bewußten Mitleids erfaßt hat, im Mittelpunkte steht, so
2768 2268 3381 2347 Mann schon im ersten Akt töt
485 2268 1552 2367 Ob dem Dichter sehr damit gedient war, daß man
1581 2312 2735 2388 ist der Bringer und Erfüller des Schicksals doch stets der
2768 2320 3364 2396 ihm vier Jahre lang unge
392 2344 1549 2411 das Drama heute auf die Bühne brachte, ist fraglich. Es
1587 2364 2733 2429 junge Mann. Dieser kultivierte, ein wenig farblose, von
2782 2364 3358 2429 samt ihrem Kinde zu Parias
392 2388 2727 2475 war zur Zeit seines Entstehens eine Aktualität; was ein leisen Leidenschaften beglückte oder gequälte junge Mann,
2776 2417 3361 2475 der tödliche Schuß erst in de
392 2440 1558 2513 Vorzug war, ist zum Fehler geworden. Was damals neu
2771 2472 3381 2525 hier trifft er für unser Empfin¬
1581 2470 2733 2537 dessen erotische Anziehungskraft wir als gegebene Tatsache
392 2490 1549 2566 war, haben wir seither oft behandelt gesehen, auch von
2779 2508 3381 2581 Sitte unbarmherzig den Mann
1587 2513 2741 2592 hinnehmen müssen, hat im Georg v. Wergenthin im Roman
395 2545 1552 2613 Schnitzler selbst. Die nachträgliche Gerechtigkeit, die seine
1584 2575 2730 2627 „Der Weg ins Freie seine durchgebildetste Gestalt erhalten.
2771 2563 3375 2627 Mann es nicht schützt; und an
392 2586 1555 2668 Priorität feststell, kann dem Stück die verlorene Bühnen¬
2765 2613 3381 2683 liche Tragödie mit dem Tode
1584 2619 2735 2674 Es ist eine Menschensorte, die dank ihrer gesellschaftlichen
400 2639 1555 2709 frische nicht zurückgeben. Doch es ist lehrreich, die Fäden
1584 2659 2735 2730 Stellung und ihrer materiellen Lage ein Maß von seelischer
2765 2659 3370 2724 dem der Vorhang gefallen ist.
392 2692 1546 2756 zu verfolgen, die zwischen diesem Drama und den übrigen
1587 2706 2724 2779 Freiheit genießt, wie es der tragischen Schicksalsgestaltung
2855 2709 3370 2779 Das Freiwild ist die Sch
389 2741 1555 2806 hin und her gehen, interessant, die Gestalten zu betrachten,
1578 2768 2735 2817 am allerwenigsten entgegenkommt. Tragik ist Zwang, in¬
2765 2753 3361 2835 noch so stolz und trotzig sein,
389 2788 1555 2858 die schon hier Träger des gleichen Schicksals sind, das auch
1578 2809 2721 2864 nerer oder äußerer, und die Fähigkeit, unter ihm zu
2768 2809 3381 2890 alle gilt, die die Hand nach
392 2835 1552 2899 die anderen Menschen der Schnitzlerschen Welt erfüllt und
1581 2849 2721 2925 leiden oder zugrunde zu gehen. Drei Viertel der tragi¬
2788 2855 3358 2931 Jäger gibt es in dieser Jagd
397 2882 1549 2949 fällt, und sehr reizvoll ist es, die hier erreichte Etappe im
1587 2905 2724 2969 schen Möglichkeiten des Lebens können diesen freien Men¬
2867 2899 3340 2975 Wild vor den Lauf
392 2934 1546 3001 Prozeß der Problembildung bei diesem Dichter zu be¬
1587 2955 2733 3019 schenkindern nichts anhaben. Doch der Arzt Arthur
2765 2931 3375 3034 Theaterdirektor, dessen Interess
386 2987 1552 3048 obachten. Es gibt Schriftsteller, die nur Werke haben, kein
1581 3010 2724 3060 Schnitzler hat die Tragik erfaßt, die dem jungen Mann
2773 2998 3381 3077 Schauspielerin auch andere Er¬
389 3034 1534 3104 Lebenswerk; wer aber ein Oeuvre im kostbaren, über
1575 3051 2727 3110 aus gutem Hause vielleicht verborgen geblieben wäre, und
2765 3051 3381 3133 Gage, die Kolleginnen, die in
383 3072 1543 3142 lieferten Sinne dieses Fremdwortes besitzt, bei dem werden
2765 3101 3361 3174 die sie nicht glauben, nur eine
1578 3104 2727 3188 er hat sie dort gefunden, wo sonst alle Tragik ihr Ziel
386 3130 1543 3197 die verschiedenen Werke aus einer innerlich umgrenzten
1578 3148 1870 3224 hat: im Tode.
2765 3153 3375 3209 die Kollegen, die durch ihre
380 3174 1534 3247 Epoche, vielleicht sogar die Werke seines ganzen Lebens
2765 3191 3375 3262 keit verletzt sind. Und die Jo
1660 3168 2718 3270 Bei Arthur Schnitzler ist der Tod sehr oft, bedeut¬
383 3221 1537 3300 in ihrem innersten Problem wie die einzelnen, immer fort¬
2765 3244 3375 3317 die Schauspielerin die beste un
1587 3224 2724 3317 sam oft, nicht Krönung, sondern Keim der Tragik. Die
383 3291 1537 3367 geschritteneren Blätter, die verschiedenen Stadien einer ein
2768 3297 3384 3370 Anstrengung zu erlangende
1578 3297 2718 3355 freien Glückskinder, die die Kraft ihrer Nerven nicht in
380 3323 830 3405 zigen, Radierung sein.
1575 3346 2718 3405 aufreibendem Lebenskampf verzehrt haben und die, wider¬
2768 3346 3381 3419 bedeutet und die es als eine
476 3352 1467 3446 Schnitzlers größte Bedeutung liegt darin, daß
1578 3396 2721 3460 standskräftig, den Schmerz zur feinen Traurigkeit zu
2759 3390 3373 3463 sich eine einmal dem unver
380 3419 2730 3545 dort. Tiefen gefunden hat, wo wir nur Oberflächen zu verarbeiten wissen, greifen ungleich tiefer in das Leben
