3436 4448
129 140 238 224 8.
292 141 652 242 Freiwild
828 140 1233 236 box 14/3
140 731 1323 811 Publikum auf Unglauben müßen. Das radicale „Daily Gheele
136 764 1411 844 durch den Vertrag werde Rußland die stärkste Macht im Osten; der eng¬
148 825 1406 875 lische Handel werde schwer darunter leiden. Die „St. James Gazette"
157 868 1414 926 schreibt: „Während Europa sich den Kopf über die Türkei zerbrach, hat
124 913 1414 971 Rußland seine Ziele im fernen Orient verfolgt und erreicht. Was will
160 1011 1411 1068 schlechteren Natur heraus spricht und handelt. Die vollkommene
155 1057 1414 1123 Natürlichkeit des charakteristisch abgestuften Dialoges entspricht der
164 1099 1413 1168 zwanglos und frei sich entwickelnden Handlung. Dem händel¬
160 1149 1411 1214 süchtigen Spieler Karinski, dessen Darstellung übrigens die schau¬
164 1202 1414 1263 spielerisch schwächste Leistung im ganzen Stücke war, sind zwei
148 1249 1418 1313 Kameraden zur Seite gestellt, der harmlos heitere Husarenlieutenant
155 1295 1414 1356 Vogel, der an Herrn Höfer einen prächtigen Vertreter fand, und
157 1342 1416 1399 der Oberlieutenant Rohnstedt, in seiner gediegenen Tüchtigkeit,
162 1389 1413 1458 seiner Gerechtigkeit und treuen Kameradschaftlichkeit als Offizier
155 1440 1413 1494 und Mensch das erfreuliche Gegenbild zu seinem verkommenen
154 1487 1413 1551 Regimentskameraden. Diesem Vertreter des Ehrbegriffes gegen¬
152 1527 1413 1585 über kann man von einer militärfeindlichen Tendenz des Dichters
159 1580 1413 1642 füglich nicht reden. Die Scene, in der Rohnstedt trotz vorheriger
155 1627 1406 1685 Abweisung Rönning zum Duell zu bereden und ihm die Sachlage
157 1670 1411 1735 rein menschlich klar zu machen sucht, trug Herrn Schady einen
155 1720 1413 1780 Beifall bei offener Scene ein. Und der Beifall war verdient. Die
152 1773 1409 1837 keineswegs leichte Rolle wurde von Herrn Schady schlicht und
152 1816 1413 1880 wahr durchgeführt, es war die vollendetste Leistung unter dem
148 1860 1416 1918 manchen Guten, das im Laufe dieser Spielzeit dem Künstler ge¬
157 1916 1414 1972 lungen ist. In der Rolle des das Duell verweigernden Rönning war
155 1961 1413 2023 Herr Botz erst im zweiten und dritten Auszuge ganz entsprechend,
154 2004 1413 2073 da gelang ihm aber die Lösung der Aufgabe auch vollkommen. Herr
147 2056 1418 2115 Marx wird sich hüten müssen, bei den Wiederholungen noch stärker auf¬
155 2106 1420 2165 zutragen; sein amüsanter Poldi steht hart an der Grenze, wo die
157 2155 1420 2211 komische Charakterisirung in Caricatur umschlägt. Wie unter
155 2199 1418 2263 Rönning's Freunden das Gigerl dem schneidigen Husarenlieutenant,
157 2242 1423 2310 so steht der ernstere Doctor dem Oberlieutenant Rohnstedt gegen¬
148 2293 1425 2346 über. In der Unterhaltung des ersten Actes war Herr Bayr¬
148 2339 1423 2396 hammer ein wenig gezwungen, um so naturwahrer in der ganz
157 2394 1418 2450 vortrefflich gespielten Aufregung, in die ihn die Weigerung seines
157 2437 1425 2494 Freundes versetzt. So wenig der Arzt mit dem wiener Stutzer
160 2479 1418 2546 gemein hat, das Duell erkennt auch er nach der thätlichen Be¬
160 2525 1421 2586 leidigung als unvermeidlich an und sucht, als sein Rath ungehört
157 2577 1423 2632 bleibt, wenigstens die schleunige Entfernung seines Freundes durch¬
155 2620 1423 2686 zusetzen. Freilich gelingt es ihm nicht, das drohende Zusammen¬
148 2670 1423 2738 treffen seines unklug eigensinnigen Freundes mit dem verzweifelten
160 2724 1021 2793 Rächer seiner beleidigten Ehre zu verhindern.
250 2750 1420 2827 Den Uebergang von den Vertretern der Gesellschaft zum
148 2815 1418 2865 Theatervölklein vermittelt die kleine Riedel, wegen deren Be¬
155 2862 1421 2924 leidigung durch Karinski die Katastrophe eintritt. In der vor¬
164 2910 1418 2969 letzten Scene, in der Anna im Vereine mit dem Doctor den Ge¬
160 2953 1428 3014 liebten zum Verlassen des Badeortes zu bewegen sucht, hätte Frl.
160 3005 1421 3067 Niedt etwas leidenschaftlicher werden dürfen. In allen anderen
164 3065 1423 3115 Scenen ließ sich kaum eine bessere Wiedergabe der Rolle denken,
155 3103 1425 3174 als die junge, talentvolle Künstlerin darbot. Von ihrer Anna
160 3155 1428 3219 ging wirklich ein Zug unverdorbener Reinheit aus, daß wir mit
164 3195 1421 3253 Rönning uns von Theilnahme für diese hülflose, wortkarge Un¬
176 3243 1425 3309 schuld ergriffen fühlten. Dem armen jungen Mädchen, das für
169 3288 1427 3353 seine Ehre kämpft und in edlem Stolze seine Liebe zu unterdrücken
167 3336 1425 3402 sucht, steht die fesche Soubrette Peppi gegenüber. Es zeigt von
160 3388 1430 3447 Frl. Jurberg's ungewöhnlicher Charakterisirungskunst, wie sie die
160 3434 1427 3490 ähnlichen Rollen in „Liebelei" und „Freiwild" verschieden im
157 3483 1433 3554 Tone zu halten wußte. Die Soubrette, die den in sie verliebten
1872 711 2610 816 ausbleibenden Hochwasser im
1879 792 3140 887 fahren entstehen, die theils die an der Oder gelegenen Ortschaften,
3169 861 3259 913 wur¬
1868 844 3136 925 theils die Stadt Breslau bedrohen. Da die Vorfluth durch die
3169 895 3246 942 als
1872 897 3259 982 alte Oder fehlt und die, an und für sich unbedeutende, Vorfluth dorf
1873 1000 3145 1080 Komiker (Herr Kunstadt), dem der Dichter einige Züge aus den
1875 1042 3136 1123 italienischen „Bajazzi gegeben hat, mit Offizieren betrügt, steht
1872 1088 3141 1166 schon eine Stufe tiefer als die wiener Putzmachermamsell. In der
1868 1145 3127 1225 gemeinen Geschwätzigkeit wie im lebhaften stummen Spiele hat Frl.
1868 1189 3129 1275 Jurberg eine echte, in jedem Zuge wahre Gestalt geschaffen. Nicht
1870 1240 3129 1318 ganz erfreulich machte sich aber diesmal eine Neigung bemerkbar,
1860 1280 3134 1363 die Kraftstellen möglichst vorn an der Rampe vorzutragen. Gut
1868 1335 3124 1402 und wirksam waren auch die kleineren Rollen des Theaterdirectors
1868 1375 3124 1478 Regisseurs, ersten Liebhabers und Theaterkassirers durch die Herren
1861 1421 2922 1497 Steinrück, Thomas, Lettinger und Scholz besetzt.
3162 1409 3250 1489 Auf
3155 1480 3236 1525 nun
1953 1484 3127 1568 Die ganze Aufführung war tadellos abgerundet, alles griff
3157 1509 3253 1563 der
1868 1511 3124 1609 frisch in einander, und wenn das Badeleben im Hintergrunde sich
3157 1554 3236 1599 eine
3162 1592 3248 1639 gege¬
1861 1582 3129 1647 auch in recht bescheidenen Grenzen hielt, so zeugte es doch von der
3164 1632 3252 1677 zuver
1865 1627 3107 1706 Sorgfalt der Regie. Wenn man die Darstellung von „Freiwild
3164 1668 3248 1713 lagen
1856 1661 3126 1746 mit den ersten Aufführungen dieser Spielzeit vergleicht, so wird
3157 1703 3246 1751 dritte
1858 1718 3121 1794 man die erzieherische Begabung und den eisernen Arbeitsfleiß Herrn
3157 1741 3253 1792 bestir
1856 1765 3127 1853 Niedt's als eine ganz außerordentliche Leistung rühmen müssen.
3167 1782 3246 1828 geme
3160 1818 3240 1865 an
1851 1820 3115 1898 Vielleicht sorgt der verdienstvolle Regisseur auch noch dafür,
3157 1856 3243 1903 der
1849 1865 3117 1934 daß der österreichische Dragoneroffizier, der schon durch einen
3150 1891 3231 1944 dem
1851 1901 3119 1991 Ulanenhelm ausgezeichnet ist, künftig auf das Tragen der preußischen
3152 1932 3238 1985 einer
1846 1951 3117 2022 Offizierschärpe verzichtet, die Herr Kühns sich ganz völkerrechts¬
1842 2010 3115 2080 und reglementswidrig angemaßt hat. Das Werk des Dichters und
1851 2048 3112 2136 die Darstellung wirkten einträchtig zusammen, um eine tiefe
1847 2098 3107 2179 Wirkung hervorzubringen. Es ist, mag der Einzelne dabei auch
3145 2111 3240 2187 Pre
1842 2141 3107 2227 inzelnes wenig erfreulich finden, ein Stück, unmittelbar aus dem
1844 2191 3108 2268 Leben der Gegenwart geschöpft und mit dichterischem Vermögen
1844 2237 3110 2334 wie mit dramatischer Gewandtheit zum wirkungsvollen Bühnenbilde
3141 2236 3231 2332 Aus
1846 2282 2631 2365 voll Spannung und Steigerung gestaltet.
3138 2313 3226 2399 über
1932 2336 3108 2424 Ueber dem Eindrucke von Schnitzler's Schauspiel vergaß man
1844 2389 3105 2468 fast Paul Linsemann's geistreich witzige Plauderei, die nach Art
3148 2387 3226 2470 und
1844 2441 3103 2515 der kleinen französischen Einacter „pour le lever du rideau uns
3148 2463 3229 2508 lehr¬
1841 2479 3105 2558 den Verfasser eines Theaterstücks in seiner Aufregung am Abende
3141 2498 3243 2548 Refe¬
3150 2539 3240 2584 fort
1842 2531 3100 2615 der Première vorführt. Mit manchen gesuchten Witzen, aber
3143 2575 3227 2620 Arti¬
1842 2588 3105 2662 unterhaltend erzählt der Dichter (Herr Botz) einer jungen Malerin
3138 2613 3233 2662 Den
1842 2631 3103 2707 (Frl. Hohenau), was er von der Einreichung seines Stückes bis
3133 2644 3240 2705 könn¬
3138 2691 3241 2741 Theo¬
1841 2688 3100 2748 zu diesem Abende durchgemacht hat. Er versäumt sich bei der
3134 2726 3222 2786 die
1839 2729 3098 2807 Freundin und erhält hier die Nachricht vom Durchfalle seines
1846 2786 3100 2855 „Opus 1, für den ihn die Verlobung entschädigt. Herr Botz
1841 2820 3100 2901 führte die Plauderei mit Geist und Humor ganz reizend durch,
1830 2874 3093 2950 und seine Partnerin hatte glücklicherweise nicht viel zu sprechen,
1834 2915 3093 2996 denn die kleine Rolle läßt sich kaum dilettantenhafter und lang¬
1832 2960 3093 3045 weiliger verderben, als es durch Frl. Hohenau geschah. Daß Frau
3136 2970 3222 3024 Klas
3136 3015 3229 3062 gesta
1832 3010 3096 3077 Gallus wie gewöhnlich lautes Reden und heftige Bewegungen
3129 3053 3210 3100 sind
1837 3052 3096 3133 für humor voll hielt, war nicht überraschend; aber von Herrn Höflich
3126 3091 3222 3140 Vor¬
1825 3107 3093 3181 wäre wohl eine wirksamere Ausarbeitung der dankbaren Rolle des
3133 3129 3229 3177 dad
3136 3169 3217 3212 bewe¬
1823 3155 3091 3229 Theaterdieners, der den Durchfall des Stückes erzählt, zu erwarten
3133 3205 3210 3253 beso
1825 3203 3093 3271 gewesen. Hier wurde also die Aufführung, mit rühmlicher Aus¬
3127 3245 3215 3288 allse
1828 3253 3091 3324 nahme des Hauptdarstellers, der graziösen Plauderei nicht völlig
1828 3302 3093 3378 gerecht. Um so besser, daß bei dem Hauptstücke des Abends die
3131 3281 3221 3371 Le
1827 3348 2891 3424 Aufführung der Bedeutung des Werkes so gut entsprach.
3131 3359 3212 3405 gew.
3126 3433 3208 3524 Wo
