3484 4224
459 176 542 245 Fr.
289 178 546 274 8.
990 168 1397 267 box 14/4
594 174 823 243 wild
506 1094 1000 1187 chnitt aus
1067 1088 1549 1187 am Mittag, Berlin
806 1133 1064 1236 UN 19
643 1299 1291 1387 Schillertheater Charlottenburg.
599 1359 1384 1418 Arthur Schnitzlers Schauspiel „Frei¬
569 1397 1384 1468 ild", das gestern über die Bretter des Schiller¬
566 1466 1392 1514 heaters ging, hat bei dem Publikum, das aus
566 1501 1384 1552 sen kulturellen Elementen des Berliner Bürger¬
545 1555 1388 1606 ims sich zusammensetzt, die Empfindungen aus¬
540 1604 1384 1654 gelöst, die in der Absicht des Dichters lagen. Es
536 1639 1389 1693 galt, die treibenden Kräfte des Duellwesens in
542 1680 1391 1731 ihrer vollen Brutalität zu zeichnen und ihnen
536 1717 1388 1777 den Mut des Mannes gegenüberzustellen, der
542 1768 1388 1817 sich seiner Würde bewußt ist. Freilich, wo der
542 1812 1388 1859 Dichter sich verzeichnet hat, konnte weder die
542 1856 1396 1906 Kunst der Regie noch die der Darstellung das
551 1895 1388 1945 Bild verbessern. Das betraf in erster Linie die
533 1936 1388 1989 Rolle des Oberleutnant Karinski, dem der Dichter
530 1980 1391 2033 vergeblich einen gewissen Heroismus unterstellen
538 2021 1386 2062 wollte. Dieser Spieler, Schuldenmacher und
542 2053 1382 2108 Rowdy ist in Wahrheit ein erbärmlicher Feig¬
540 2102 1379 2156 ling, der sich für sein verkommenes Leben einen
520 2219 1375 2307 theatralischen Abschluß sucht. Karl Noack wurde
523 2277 1375 2356 der Rolle so gerecht, wie es eben möglich war,
520 2329 1374 2393 aber das „Satanische“ kam nicht heraus, weil
513 2384 1367 2447 es nicht darin liegt. Aehnlich steht es mit der
518 2410 1373 2489 Rolle des Gegenspielers, die von Conrad Wiene
517 2460 1370 2524 gegeben wurde. Es fehlt die Konsequenz, wenn
518 2505 1372 2569 ein anständiger Mensch glaubt, sich von einem
517 2548 1374 2629 Rowdy über den Haufen schießen lassen zu
511 2599 1359 2654 müssen. Leonore Ehn fand für die schwie¬
512 2639 1373 2696 rige Darstellung der sich wehrenden Tugend die
515 2686 1364 2751 rechten Töne und Gesten. Die übrigen Rollen
518 2723 1365 2794 spielten Otto Letron, Karl Elzer, Fritz
511 2766 1365 2835 Achterberg, Lavie Euler und Fessi Gold
511 2801 1365 2873 mit feinem Verständnis. Als Direktor des
512 2850 1358 2920 Sommertheaters betrat wieder einmal Herr
511 2895 1358 2959 Pategg die Bretter und zeigte seine bewährte
496 2927 1383 3016 Meisterschaft. Der Beifall war groß und die
508 2978 1357 3060 Parteinahme des Publikum für die Tendenz
489 3021 1010 3106 des Schauspiels offensichtlich,
1210 3033 1320 3110 .
2121 911 2577 1000 vonne Gewähr.)
2118 969 2940 1038 Berliner Börsen Courier, Berlin
1825 1004 2265 1093 Ausschnitt aus:
2334 1039 2717 1126 Abendausgabe
2199 1084 2543 1186 Juni 1913
1827 1128 1967 1186 vom
2012 1163 2649 1293 Theater und Musik
1967 1291 2686 1358 „Freiwild" im Schiller-Theater
2125 1337 2518 1392 Charlottenburg.
1898 1377 2770 1439 Eines der schwächeren Stücke Arthur Schnitzle
1829 1424 2822 1478 das in den siebzehn Jahren seit seiner ersten Auf¬
1844 1475 2824 1534 führung nicht eben besser geworden ist, fand gestern
1829 1517 2824 1559 abend beim zahlreich versammelten Stammpublikum
1829 1544 2826 1608 des Charlottenburger Schillertheaters starken Beifall.
1840 1594 2826 1649 „Freiwild“ ist im Grunde in der weniger erfreu¬
1837 1626 2824 1690 lichen Bedeutung des Wortes ein roh gezimmertes
1837 1670 2829 1726 Volksstück, das sich vor anderen Stücken dieses un¬
1834 1709 2831 1768 bedenklichen Schlages durch die Abwesenheit des Ge¬
1844 1743 2835 1817 sangs, durch ein sauberes Deutsch und die besondere
1840 1806 2833 1860 Note Schnitzlers, eine gewisse zwischen Witz und Me¬
1844 1842 2830 1898 lancholie schwankende Nonchalance, auszeichnet. Dieser
1846 1877 2825 1935 wienerischen Blütenstaub über dem Tendenz= und
1840 1909 2835 1972 Thesenstück hat das Schillertheater in seiner Auffüh¬
1844 1959 2829 2017 rung nicht eben zart behandelt, so daß der grobere
1846 2000 2831 2057 Staub, den die Zeit über solche Zeitstucke zu legen
1840 2043 2839 2096 pflegt, recht sinnfällig wurde. Es ist bekannt, wie
1846 2086 2838 2144 das Stück in einer sehr einfachen Handlung, die gute
1845 2121 2838 2184 Gelegenheit zu moralpolitischen Gesprachen gibt, zwei
1849 2167 2835 2231 Probleme ineinander verstrickt; die Frage des Duells
1844 2216 2843 2264 und die Lage der kleinen Schauspielerinnen. Beson¬
1849 2246 2841 2312 ders die spielerisch huschende und doch stereotyp char¬
1855 2285 2838 2354 gierte Art, wie dieses letztere Problem resolut und doch
1859 2324 2843 2381 schwächlich im Theater verwandelt ist, mutet heute
1852 2364 2838 2431 schon nicht im geringsten mehr ätzend an, sondern eher
1846 2407 2831 2466 wie ein Stück Sozialkritik aus der Postkutschenzeit
1846 2450 2846 2505 Daß das Stück sich trotzdem und trotz der gerade diese
1849 2486 2846 2558 Züge besonders hervorhebenden, nicht eben sein
1846 2530 2846 2593 nuancierten Aufführung als wirksam erwies, ver¬
1852 2575 2851 2629 dankt es der guten Erfindung, dem klaren und durch¬
1861 2613 2846 2681 sichtigen Aufbau und dem Dialog mit der Liebens¬
1854 2649 2846 2713 würdigkeit Schnitzlerischer Sprachkunst, banale und
1861 2707 2853 2762 schwächliche Gedanken witzig, grazios und schlagkräftig
1859 2748 2096 2805 einzukleiden.
1913 2752 2844 2836 Leonore Ehn gab die Naive, die ihre Mädchen¬
1852 2812 2859 2883 ehre verteidigen muß, mit lieblichem Ernst: Karl
1859 2904 2851 2972 Noacks Oberleutnant war im ersten Akt zu finster,
1861 2957 2851 3012 grimmig, hart, zu wenig wilder Draufganger; doch
1855 2998 2854 3053 wird mir berichtet, daß er im Schlußakt, den ich nicht
1855 3036 2853 3094 mehr sehen konnte, in echter Verzweiflung lebendig
1859 3080 2856 3143 gewirkt habe. Conrad Wiene war ein etwas
1861 3125 2854 3181 zarter, aber gut sprechender Verfechter der Unschuld
1855 3156 2853 3208 und der Thesen, und Max Pategg schmiß den
1855 3199 2859 3263 Schmierendirektor kraß hin und unterstrich das schon
1861 3235 2716 3323 mehr als genug Unterstrichene überdeutlich.
2697 3266 2826 3335 G. L.
