3436 4320
972 192 1366 292 box 14/4
422 194 792 267 Freiwild
271 196 493 300 8.
659 263 806 303 .
632 369 755 454 gen
648 457 1462 560 Theater und Kunst
613 597 889 673 wird.
700 633 1495 722 A. S. Na ja, vor zwanzig Jahren, als man
626 679 1495 741 Schmer „Freiwild zum ersten Male auf¬
634 728 1498 770 führte, mag die Sache einen Riesenrummel ent¬
581 769 1501 810 Sesselt und die zensorlichen Notstifte zu wahren
578 804 1489 876 Orgien begeistert haben. Aber heute? Das
632 840 1495 888 Thema hat jedes Interesse verloren, und wir
596 881 1502 934 begreifen wirklich nicht, daß vor noch gar nicht
634 919 1495 965 langer Zeit derartige Dinge nicht selten das
632 954 1506 1007 Um und Auf des sogenannten gesellschaftlichen
632 993 1505 1052 Lebens bildeten. Jetzt haben wir andere Sor¬
632 1031 1495 1086 gen .... Und die armen Offiziere auch. Oder
632 1071 1514 1119 erst recht. Wchmut beschleicht einen, wenn man
623 1104 1507 1158 unsere feschen Uniformen von vor der Revolution
623 1145 1507 1195 nun nur noch gewissermaßen als Musealparade¬
623 1179 1504 1242 stücke auf der Bühne droben sieht und sie mit
626 1219 1501 1276 den traurigen Fetzen vergleicht, die uns geblie¬
623 1258 1498 1303 ben sind. Und diese Wehmut mag es sein, die
626 1296 1499 1344 keine rechte Entrüstung in uns auskommen läßt,
623 1335 1501 1386 wenn von jener Ueberhebung, von jenen blöd¬
626 1370 1501 1426 sinnigen Standesvorurteilen und Standesvor¬
632 1405 1507 1462 zügen die Rede ist und gegen sie gewettert
634 1447 1504 1498 wird. Was wir noch vor einem Jahre als den
634 1485 1501 1538 Ausdruck unserer innigsten Ueberzeugung, als
632 1520 1501 1568 einen heroischen und nur zu berechtigten Auf¬
632 1560 1511 1612 schrei gegen Unwürdiges, Unbilliges mitempfun¬
626 1603 1505 1660 den und begrüßt hätten, wirkt gegenwärtig wie
629 1638 1507 1686 ein überflüssiger Protest gegen Abgetanes, Er¬
632 1671 1507 1724 lediges. Deshalb fehlt uns die Distanz zu
629 1707 1507 1759 dien in der Periode ihrer Entstehung hoch¬
632 1750 1504 1801 aktuellen, wagemutigen und pflichtgemäß so und
632 1786 1507 1840 so oft von der Zensur verbotenen dichterischen
634 1832 1512 1876 Erzeugnissen. Das Stadttheater schickte die
1311 1858 1507 1915 sowie die
629 1862 1278 1906 Damen Rosenquist und Geßner
632 1897 1507 1950 Herren Strobl, Norfolk, Heska, Walther, Rich¬
640 1936 1507 1987 ter, Böhm und Nerz für die Hauptrollen des
638 1975 1506 2024 Schauspieles ins Feuer. Man hat an dieser
631 2009 1507 2068 Bühne bereits bessere darstellerische Leistungen
629 2051 1504 2109 gesehen. Der ohnehin vertragliche Ueber¬
632 2087 1507 2151 schwang an Worten und theoretischen Ausein¬
632 2127 1516 2175 andersetzungen im „Freiwild“ wurde im Stadt¬
899 2279 1235 2384 Gehalt
891 2360 1534 2443 bieten „Vindo“-Rasierungen
942 2417 1531 2496 en Raa-
1534 405 2416 457 heater durch Verschulden der Mitwirkenden
1536 443 2416 492 noch verschärft. Ueberdies scheinen verschiedene
1539 483 2412 527 chtige Stellen des Buches — wenigstens des
1543 519 2416 563 Buches, wie es bei der Premiere im Jahre
1537 554 2416 605 1896 vorlag — gestrichen worden zu sein, und
1539 596 2419 642 war Stellen, die zum pychologischen Verständ¬
1537 633 2424 678 se und zum dramatischen Ausbau des Werkes
1539 673 2423 735 unbedingt erforderlich waren. Just das rem
1537 716 2419 757 Menschliche, das in „Freiwild“ besonders her¬
1537 741 2418 795 ausgearbeitet werden soll, fehlte den Darstellern
1537 781 2424 832 Hänglich, die entweder rasten, winkelten oder
1543 821 2408 877 predigten und eben, weil sie Menschen spiel¬
1539 854 2418 911 ten, statt einfach, Menschen zu sein. Puppen
1537 894 2421 943 wurden. Das Publikum spendete freundlichen,
1545 932 2218 1012 aber immerhin reservierten Beifall.
2027 1086 2916 1256 Theater und Kunst.
2268 1278 2670 1383 Stadttheater.
2121 1355 2930 1441 „Freiwild von Arthur Schnitzler.
2038 1421 2922 1483 Nach Jahren wieder. Solche Reprisen haben
2042 1464 2923 1531 ihre Gefahren. Sie enthüllen, was in des
1957 1519 2886 1586 — Dichters Werk nach Ewigkeit schmeckt und
2036 1556 2926 1625 das Zeitliche gesegnet. Im „Freiwild" bleibt
2043 1612 2919 1680 der Ewigkeit wenig. Ein sanft historisches Schau¬
2050 1653 2925 1729 spiel, in dem nicht mit Harnisch und Speer ge¬
2042 1699 2930 1768 rasselt wird, aber mit etwas ähnlichem: mit dem
2037 1743 2920 1824 Offizierssäbel. Und allem anderen Drum und
2041 1795 2927 1875 Dran, das zum weiland Oberleutnant gehörte.
2044 1850 2930 1906 Spielt in einer Zeit, da die Sterne noch am
2051 1904 2930 1969 Hals saßen und ihre Träger eine separate, der
2046 1952 2930 2014 anderer Berufe völlig verschiedene Ehre hatten,
2044 1992 2930 2055 die anzutasten, die Aufforderung zum Totschlag
2044 2037 2937 2107 nach sich zog. In einer Zeit, da der Mulatschak
2044 2078 2931 2154 Ausdruck einer Weltanschauung und das „fesche
2043 2124 2938 2191 Madl" ihre Inkarnation war. Auch sonst erscheint
2052 2191 2934 2247 die österreichische Welt in diesem Schnitzler¬
2056 2224 2938 2291 Drama noch gemitvoll ungemütlich orientiert.
2059 2288 2945 2347 Des Dichters bedingte Hochachtung für den hun¬
2050 2332 2942 2398 ten Rock äußert sich in der saloppen Schilderung,
2051 2369 2944 2434 wie es in ihm zugeht. Der Oberleutnant, dem
2051 2417 2941 2493 es, von Schulden bedrückt, schon alles eins ist,
2059 2479 2941 2536 wird ordinär, bekommt deswegen eine Ohrfeige
2059 2533 2956 2580 und schießt den Beleidiger, weil der sich dem
2056 2570 2937 2628 Duell entzieht und der Ehre doch irgendwie ge¬
2055 2612 2950 2681 nügt werden muß, über den Haufen. Das Mädel,
2056 2661 2948 2722 dessentwegen die Affäre passiert, ist eine Naive
2056 2707 2947 2771 beim Theater und wirklich naiv. Der Oberleut¬
2062 2764 2955 2827 nant Freund ist lebenskennerisch, der Leutnant
2062 2820 2955 2873 nur blöd, der Arzt humanistisch, das Volk der
2060 2851 2952 2918 Komödianten führt heitermelancholische Reden,
2066 2913 2956 2971 in denen es sich um Kunst und Liebe und Geld
2064 2959 2956 3022 handelt. Und in all dem dialektisch behutsam ge¬
2071 3005 2953 3071 bettet das Problem des „Freiwild": Für oder
2071 3055 2956 3108 gegen das Duell. (Die Nebenfrage nach der
2070 3092 2961 3159 Schauspielerinnen Ehre, war schon damals keine
2077 3131 2959 3210 Frage mehr.) Von diesen Dingen, die einst die
2077 3187 2854 3261 Zeit der Dichter bannten, kommt jetzt ein
2071 3236 2839 3301 Moder, aus Langeweile und Verwesung.
2077 3276 2879 3360 der Wunsch nach einer Welt, die derlei E.
2071 3336 2624 3410 ebenso schön sorglos machten.
2167 3376 2961 3445 Im Stadttheater wird „Freiwild“ nett ge¬
2073 3427 2953 3486 spielt. Man spürt in der Lebendgkeit des ersten
2079 3478 2953 3543 Aktes vor allem den Regisseur (Herrn Herzka,
2077 3525 2960 3587 der wirklich einer ist.) Herr Strobl hat für
2082 3572 2961 3633 den ungeistigen Offiziersgeist des Karinski den
2082 3631 2959 3681 richtigen Ton. Arroganz, gemildert durch Dumm¬
2073 3665 2961 3724 heit. Herrn Zeskas Rönning ist ein wenig
2086 3718 2962 3783 schwerblütig und Herrn Böhms Vogel nicht
2094 3758 2962 3832 so überlegen leicht, wie er glauben machen möchte.
2081 3807 2964 3878 Herr Norfolk und Herr Richter kommen
2082 3857 2967 3916 Schnitzler am nächsten. Fräulein Rosenquist
2088 3908 2964 3974 spielt die Anna Riedel so larmoyant, wie die
2087 3947 2961 4025 Person einmal ist. Sie kommt ja aus dem Un¬
2835 4007 2925 4080 gey
2080 4004 2660 4092 glücklich Sein gar nicht heraus.
