3344 4352
193 212 731 334 8. Freiwild
901 222 1297 334 box 14/4
572 480 862 599 26.0K. 1919
605 549 1029 668 Illustrirte, Zeitung
572 642 746 729 le
681 749 1354 873 Theater und Musik.
619 843 1521 936 Stadttheater. „Freiwild von Artur
524 913 1516 971 Schnitzler. Vor etlichen Jahren wurde Schnitzlers Schau¬
524 949 1520 999 spiel im Carl-Theater, dann auch im Deutschen Volks¬
524 996 1523 1040 theater gegeben. Diese Jugendarbeit des Dichters wurde
523 1027 1521 1083 ser nett gespielt und erntete die Wiederaufführung
518 1068 1521 1116 hellsten Beifall. Herr Strobl spielte den Oberleutnant
516 1105 1531 1153 Karinski mit eindringlicher Charakteristik. Angenehm
516 1149 1523 1194 trat Herr Zeska hervor. Herr Reusch entwickelte
524 1184 1516 1235 schauspielerische Gestaltungskraft und Fräulein Rosen¬
516 1232 1523 1306 quist gab die Anna Riedel recht gut. Lustig war Herr
519 1262 1007 1343 Ners als Theaterdirektor.
275 1593 1179 1821 als Silber
541 1741 1239 1933 der
374 1940 1409 2056 Stadttheater entsche einigermaßen über
248 2004 501 2075 Ser¬
648 2024 1419 2107 Schauspiel „Freiwild, das sich als
299 2069 1424 2145 nicht sonderlich literarische Variation auf das sattsam behandelte,
359 2112 1321 2175 glücklicher Weise schon überlebte Duellunwesen in un
319 2148 1344 2206 erskreisen entpuppte. — Die überlegene Regieführung Dire
324 2185 1386 2271 nos, die für eine einwandfreie Rollenbesetzung gesorgt hat
607 2231 1111 2304 Werke einen äußeren Erfolg.
984 2252 1262 2365 VERS
1235 3007 1989 3121 wild wir die
876 3097 1923 3187 stark durch seinen dichterischen
567 3223 1887 3341 allerdings längst überhob. Frl. Rosenquist, und die Herren
569 3298 1899 3420 Philipp Weska und Nerz boten auch recht gute Leistung.
2047 3091 2773 3192 alt, das Aktuelle darin
2190 3231 2290 3339 W.
2469 3231 2841 3357 alonblatt
2338 3379 2634 3493 1. 1919
