3436 4448
197 2340 292 2416 rath
197 2407 292 2453 walt¬
212 2442 290 2485 ein¬
201 2467 283 2520 sand¬
195 2512 288 2584 den.
197 160 723 246 8. Freiwild
885 171 1294 259 box 14/3
799 826 2259 955 „Fremden=Blatt" 19. Dezember 1896
904 953 2274 1041 „Goliath“. Es war eine dankenswerthe Aufgabe, welcher sich der Künstler
904 982 2280 1078 unterzogen hatte. Freilich mußten manche lyrische Stellen, die bei der Lektüre
791 976 877 1060 mit
904 1015 2272 1105 von wunderbarer Schönheit sind, wegbleiben, aber was übrig blieb, übte in
785 1048 869 1115 in
906 1056 2268 1142 seiner Gänze einen tiefen und nachhaltigen Eindruck auf die Zuhörer aus. Herr
914 1093 2266 1181 Felberg fand für das Timbre der nordischen Stimmungen den richtigen
783 1140 863 1202 des
898 1132 2264 1218 Ton, er las einfach und schlicht; nur an den Stellen, da die Dichtung mit
900 1169 2272 1261 wuchtigem Schwung einsetzt, wuchsen auch seine Töne zu eherner Kraft empor.
896 1200 2264 1298 Es war ein Meisterstück rezitatorischer Gestaltungskunst, das Herr Faelberg
900 1243 2266 1354 bot, und als er geendet hatte, lohnte den Künstler langanhaltender stürmischer
893 1276 1031 1352 Beifall.
1068 1319 2272 1415 Der bereits angekündigte Diskussionsabend der „Arbeiterbühne über
898 1360 2264 1448 „unsere Theaterzensur" findet Sonntag den 20. Dezember, Abends halb 8 Uhr,
776 1376 857 1436 sien
894 1399 2262 1491 im Saale des Hotel Union, Alsergrund, Nußdorferstraße Nr. 29, statt. Im
889 1425 2259 1518 Anschlusse daran wird der Schauspieler und Rezitator Albrecht Rhodens
764 1469 848 1528 en
891 1467 2262 1578 Szenen aus Gerhart Hauptmann's „Die versunkene Glocke zum Vor¬
891 1504 1163 1573 trage bringen.
1054 1553 2257 1633 Arthur Schnitzlers „Freiwild“ wurde vor wenigen Tagen im
889 1551 2251 1674 Breslauer Lobe=Theater aufgeführt und hat daselbst einen nachhaltigen Erfolg
887 1625 2255 1703 erzielt. „Mehr als einmal gemahnt „Freiwild“ an Sudermann's „Ehre" — so
881 1654 2257 1752 lesen wir in der „Breslauer Morgenzeitung" — „besonders in der durchdringenden
883 1692 2253 1779 Schärfe, mit der Schnitzler den Wahngebilden eines bis zur Verrücktheit un¬
879 1729 2251 1822 vernünftigen Sittengesetzes entgegentritt und dafür mit klaren, hellen Worten das
875 1769 2253 1855 ewige, immerwährende Recht der Vernunft etablirt... „Freiwild“ ist ein
877 1806 2259 1904 Tendenzdrama, aber ein gutes Drama mit einer guten Tendenz, im Uebrigen
873 1834 1627 1912 keineswegs ohne dichterische Qualitäten...
980 1906 2249 2015 (Repertoire des Hofburgtheaters.) Sonntag den 20. Dezember:
885 1964 1914 2062 „Die Räuber“. — Montag den 21.: „Der Veilchenfresse".
1999 1999 2245 2066 Dinstag den
879 2005 1703 2066 22. bis inklusive Donnerstag den 24. geschlossen.
986 2040 2241 2151 (Repertoire des Hofoperntheaters.) Sonntag den 20. Dezember¬
879 2060 1682 2149 „Wilhelm Telle. — Montag den 21: Excesser
571 2366 1087 2459 Theater und Kunst.
1855 2409 3036 2500 es wurzeln schlage. Hier müsse aber noch recht viel auf das Fami¬
401 2422 1313 2512 * Man schreibt uns aus Breslau: Arthur
1643 2469 3054 2541 eilichen leben eingewirkt werden, damit es sich sehr christlich gestalte. Mögen die
318 2502 1323 2551 Schnitzlers neues Schauspiel „Freiwild hat hier
1643 2518 3048 2576 Jolizei=Mitglieder nicht ermüden, trotz bitterer und schmerzlicher Erfahrungen, in
312 2543 1313 2600 am Lobe-Theater ein interessantes Schicksal gehabt.
1637 2551 3054 2617 er des der Ausübung der Werke leiblicher und geistlicher Barmherzigkeit, für die
314 2594 1319 2644 Nachdem das Stück, welches in Oesterreich spielt, vom
1635 2604 3052 2676 r jeden sie einst in der Ewigkeit den schönsten Lohn ernten werden. Mit Gebet
1631 2635 2717 2691 werden schloß der Herr Prälat sodann die Generalversammlung.
318 2641 1329 2691 Polizeipräsidium zur Aufführung zugelassen worden war, ist
1614 2670 1766 2719 all, sind
312 2689 1317 2756 es am Samstag mit Erfolg zum ersten Male über die
1610 2711 1756 2759 ußerhalb
318 2734 1319 2783 Bühne gegangen. In dem Stücke kommt ein Oberlieutenant
2233 2722 2592 2808 Lobetheater.
1612 2748 1760 2800 ten bei
312 2777 1319 2843 vor, der — im ersten Acte — mit einem Civilisten in Streit
1604 2779 1754 2833 icht nach
1834 2752 3141 2861 Recht aus dem Bewußtsein der öffentlichen Meinung heraus hat Dr. Arthur hen¬
314 2826 1325 2876 geräth. Die im Theater anwesenden Officiere hatten mitten
1602 2830 3147 2906 der Rad=Schnitzler sein neues Stück: „Freiwild geschrieben, das am Sonn. Ber¬
1606 2872 3034 2929 und den abend seine Erstvorstellung in Breslau erlebte, mit einem so rauschenden
318 2872 1319 2929 in der Vorstellung das Theater verlassen und am Sonntag
3063 2896 3153 2947 Sch.
1592 2898 3024 2968 ngen der unbestrittenen Erfolge, wie nur je ein Autor ihn sich träumen lassen mag
318 2917 1319 2972 in der zweiten Vorstellung erschien der Oberlieutenant im
1631 2952 3023 3005 — § 6. Die Aktualität wurde zur Trägerin des Stückes, das „den Fall Brüsewitz
314 2968 1319 3021 ersten Acte in Civil, im dritten dagegen in voller Uniform.
1584 2985 3032 3058 rrichtung dramat sich. Vorsichtigerweise hat der Verfasser den Schauplatz der Hand¬
312 3013 1319 3067 Man nimmt an, daß „höhere Einflüsse“ bei der Aenderung
1590 3030 3036 3081 er Lucerne lung ins Oesterreichische, einen kleinen österreichischen Badeort, verlegt, und
314 3056 1325 3110 mitgewirkt haben. Bekanntlich ist der Schwager des deutschen
1586 3061 3036 3120 Straßen aus dieser verhältnismäßig gesicherteren Position heraus sagt er, was er
1582 3102 3040 3165 welche auf auf dem Herzen hat. Seine Sympathien befinden sich nämlich augenscheinlich
314 3102 1325 3163 Kaisers, der Erbprinz von Meiningen, Commandeur des
1580 3139 3026 3210 merken ist. im vollen Einklang mit der öffentlichen Meinung, d. h. im gegebenen Falle
222 3147 1331 3198 että 16. (schlesischen) Armeekorps und bat als solcher sein Domicil
1571 3163 3136 3276 sern auf auf der Seite des Zivilisten. Die strenge Unparteilichkeit, mit der er folg
286 3192 505 3264 in Breslau
