3484 4256
239 196 737 272 8. Freiwil¬
211 1435 638 1511 ihrer melden. Paul
340 1481 545 1550 Karinski,
211 1526 622 1601 in berührter Provinz
205 1577 631 1647 genblicke des Glückes
265 1626 624 1698 heftig aneinander
249 1670 634 1749 im Gefühle seines
211 1713 631 1791 frech beschimpft, und
241 1765 625 1837 nicht schlagen will
216 1808 632 1904 fr. Riedl wie ihr Ver¬
216 1894 628 1979 iß mehr als einmal
271 1967 631 2032 Bühne lange für
212 2010 629 2078 ausdrücklich verboten,
225 2059 634 2123 wurde irgend eine
221 2102 622 2168 holungen des Stückes
214 2158 634 2214 s, bald nachdem die
208 2201 634 2264 flüchtig angedeutete
215 2242 638 2308 vornehmlich zu einem
215 2293 634 2350 ickeln; loyal kommt
251 2338 627 2406 der Dichter anregt,
206 2381 628 2452 er sich nicht schlagen
209 2430 628 2496 im Schaden für die
221 2482 628 2546 ist des Duells nahe
215 2526 629 2594 nun die Gegnerschaft,
221 2572 631 2642 Ist denn nicht
215 2621 638 2687 Pells längst verur¬
237 2668 631 2734 den Zweikampf, die
215 2718 631 2770 den Kreise fand?
206 2763 621 2829 chen den Zweikamp
215 2806 625 2875 hi früheren Verhält¬
221 2865 625 2919 den Kultur entspricht:
219 2906 638 2972 Anschauung auf dem
297 2954 639 3019 hierzulande neun
218 3007 641 3064 rechtigkeit wurde ! Den
218 3047 639 3116 ihr Wirken in der
229 3093 638 3147 die einer Clique an¬
221 3140 631 3207 ings ohne Schwierig¬
221 3186 625 3253 wie ein Freiwild
216 3233 512 3306 im Opfer fällt.
215 3268 644 3356 gatur, die in Wien
229 3331 638 3414 ner spärlich zu und
923 194 1339 285 box 14/4
690 1418 1821 1490 gelangen in überraschender Regelmäßigkeit an denselben
687 1477 1818 1531 auswärtigen Dichter, auch wenn dessen lorbeer¬
687 1520 1811 1583 gekröntes Werk hier keinen genügenden Anteil fand,
687 1571 1811 1630 Einer der berufensten und durch sein kritisches Talent her¬
687 1614 1819 1680 vorragendsten Vertreter in dem Kollegium zur Bestimmung
690 1666 1817 1720 des Grillparzer=Preises hatte die Aufmerksamkeit auf den
710 1712 1822 1769 Zapfenstreich Beyerleins und die „Elektra“ Hofmannsthals
687 1761 1814 1819 gelenkt; ohne Erfolg und gewiß nur in Erkenntnis der rela¬
684 1802 1817 1858 tiven Vorzüge beider Stücke. Hofmannsthal, mit der Gabe
684 1848 1822 1920 der Form ausgerüstet, ist, wenn der Vers den Dichter
677 1898 1001 1973 macht, ein Poet.
758 1941 1808 2017 In der Sturm= und Drangepoche der deutschen
681 2010 1812 2066 Literatur pflegt man jedoch, um die richtige Wert¬
690 2057 1817 2131 schätzung einer Dichtung zu erhalten, ihre gebundene
684 2108 1817 2165 Sprache in Prosa aufzulösen. Ein ähnliches Verfahren
678 2156 1805 2217 auf die Kunst Hofmannsthals angewendet, würde
684 2197 1815 2260 zeigen, wie wenig dramatisch seine Ausdrucksweise
681 2250 1817 2311 ist und wie schwach der geistige Inhalt seiner tönenden
693 2297 1824 2348 Sentenzen und Bilder geriet. Aber Berlin, das ehedem die
684 2340 1819 2397 Verse der Wiener Schule als einen wertlosen dekorativen
684 2386 1815 2450 Schmuck verwarf, berauscht sich jetzt an dem glatten Worte
687 2433 1814 2490 Hofmannsthals. Man hat „Elektra" im Neuen Theater
681 2483 1817 2535 über hundertmal gespielt. Hat der Verfasse dadurch nicht
681 2532 1808 2579 ein Anrecht, auch in seiner Heimat gegeben zu werden:
690 2575 1821 2631 Aber unser erstes Theater, das mit den echten Griechen
687 2625 1822 2680 nichts Rechtes anzufangen wußte, verschmäht das Werk
682 2667 1811 2726 des Wiener Pseudohellenen. Es geht Schnitzler nicht besser,
681 2720 1821 2767 wiewohl er viel bühnenmäßiger, viel dramatischer, viel
681 2763 1819 2817 innerlicher als sein Kollege ist. Die Kühnheit seiner Stoffe, der
681 2814 1819 2875 Freimut seiner Gesinnung schließt ihn vom Burgtheater
681 2862 1815 2923 aus, und das Volkstheater schenkt ihm erst jetzt, nach
681 2906 1819 2961 langer ablehnender Haltung, Beachtung. Das ist eine
681 2955 1819 3011 erfreuliche Umkehr, denn Schnitzlers Talent, seine
690 2999 1811 3061 Form, sein dramatischer Geist, seine Art, zu charak¬
687 3050 1819 3101 terisieren, sein Humor sind durchaus wienerisch. Auf der
687 3093 1819 3159 Wanderung in die Fremde hat er, wie seine letzten Stücke
687 3144 1819 3204 zeigen, manches von der Leichtigkeit, in der er seine ersten
684 3196 1817 3246 Stelle entwickelte, eingebüßt, um erklügelt und verworren
690 3240 1825 3295 zu den. In der Berührung mit dem Heimatboden
675 3288 1825 3358 wird die frühere Klarheit sicher neu gewinnen, und bei
1851 1427 3001 1482 der richtigen Pflege seines Talents kann er dem Volks¬
1857 1477 2845 1557 theater viel mehr sein, als der Retter in der Not.
1946 1511 3005 1589 „Freiwild“ ist diesmal flott und flach, aber nicht mit
1854 1574 3004 1637 voller Hervorkehrung der feinen charakteristischen Züge
1854 1620 3001 1676 des Dichters gespielt worden. Dennoch gelang seine Dar¬
1872 1665 3001 1719 stellung besser als die der „Minna von Barnhelm". Selbst
1854 1715 2999 1776 das Aeußere der Szene wirkte hier ungünstig, weil die
1851 1762 2989 1819 oberflächliche Regie Möbelstücke und Dekorationen des neun¬
1860 1807 2995 1865 zehnten Jahrhunderts zusammentragen ließ, um die Ro¬
1860 1857 2991 1914 kokozeit anschaulich zu machen. Herr Reinhard in Berlin
1857 1905 2988 1960 zog den greisen Menzel für das Szenarium
1851 1950 2997 2013 der Lessingschen Komödie heran, indes hat schon
1855 1999 2988 2060 ein Zeitgenosse des Dichters, Chodowiecki, Illustrationen
1860 2046 2987 2108 gefertigt, die das mustergiltige Vorbild für das Milieu
1854 2086 2978 2141 Minnas sind. Aber nicht nur der Rahmen des Bildes
1851 2139 2984 2199 auch dieses selbst ließ, so gut einzelnes den Darstellern ge¬
1862 2186 2486 2265 lang, das Beste doch vermissen.
1943 2224 2992 2311 Fräulein Petri allein erfaßte die Bedeutung ihrer
1855 2293 2987 2356 Rolle, und was Lessing einer Schauspielerin des
1860 2338 2873 2396 Hamburger Theaters nachgerühmt, galt diesmal
1851 2387 2885 2453 ihr: „Der Dichter erhielt durch sie die deutlichste
1857 2436 2988 2505 klärung, den vollständigsten Kommentar. Soll ihre Um¬
1857 2483 2866 2545 gebung in dem gleichen Sinne wirken, müßte
2898 2490 2982 2555 Herr
1860 2521 2987 2592 Kutschera, der offenbar ein viel zu weitgehendes
1860 2582 2992 2637 Entscheidungsrecht über Annahme und Ablehnung seiner
1860 2627 2981 2683 Rollen hat, Tellheim sein, Herr Räder hätte den Just,
1854 2677 2992 2737 Tyrolt — an mancher Stelle der berufenste Erbe
1857 2724 2898 2777 Baumeisters — den Werner, Tewele den Wirt
1865 2771 2987 2832 spielen, die „Dame in Trauer wäre Fräulein Sandrock
1855 2823 2903 2885 zuzuteilen, deren letzte Bühnenerfahrungen sie wohl reif
1857 2868 2902 2922 ihre Rettung und die Wiederkehr aus Volkstheater
1854 2879 2995 2979 macht; für Franziska wäre vielleicht Frau Schratt
1860 2962 2987 3015 nicht schwer zu gewinnen, die in dieser volkstümlichen
1871 3004 2987 3065 Figur die Kunst der Hartmann reizvoll zu erneuern
1857 3057 2971 3111 wußte. Bei solcher Besetzung wäre „Minna von Barnhelm
1870 3106 2995 3167 zweifellos sehr oft gespielt worden, und das Volkstheater
1857 3153 2995 3217 hätte es kaum nötig gehabt, auf die sträflich geistlose
1860 3194 2992 3250 Muse Kadelburgs und den albernen „Familien¬
1860 3243 3001 3319 tag Hoffnungen zu setzen, die der gute Geschmack des
1860 3292 2503 3372 Publikums glücklich zerstört hat.
2789 3292 2954 3374 F. Sch.
