3436 4448
354 178 655 294 wild
807 173 1221 290 box 14/2
1190 650 2422 775 M. MARCHER DE FORTSCHRITE DER ABRIKULTURCHEME.
2693 702 2794 787 25
850 775 1805 853 hatte es nie ein witziges Frankreich gegeben.
1844 799 2796 887 man nicht den realistischen Banalitäten unserer
847 844 1796 914 Sie werden so roh, so tappisch, so breitspurig,
1850 854 2793 943 Tagesreporter verfallen und den Dichtern kein
856 880 1793 954 und wenn Stücke wie Paul Herrn
1851 913 2794 988 Unrecht thun will. Im Allgemeinen aber,
840 933 1804 1014 fesseln in Berlin überhaupt gegeben werden,
1850 959 2790 1038 habe ich über diese Gestalt des nordischen
848 994 1799 1066 so schreibt sich dies Glück von dem Ansehen
1851 1009 2787 1077 Meisters an anderer Seite gesagt, kann das
850 1028 1794 1100 ihrer Vorfahren und dem grossen Repertoir¬
1837 1055 2790 1141 Publikum wenigstens das Eine von ihm lernen,
844 1071 1796 1158 Mangel des deutschen Theaters her. Die
1837 1114 2794 1190 dass ein Mensch nicht aufhört, seine eigene
844 1118 1796 1202 französische Dramatik, die ja immer nur wenige
1831 1155 2787 1233 Psychologie zu haben, weil ihn die Gesellschaft
842 1169 1796 1258 Motive gehabt hat, hat sich erschöpft. Auch
1833 1202 2793 1271 ausgestossen hat. Das Drama ist gleichsam
842 1232 1787 1298 den Possendichtern fällt nichts mehr ein, als
1837 1250 2787 1340 ein wieder aufgenommenes Verfahren. „Die
844 1287 1787 1354 geschmacklose Vergröberungen älterer Motive
1831 1305 2406 1387 Bahne wird zum Tribunal.
839 1324 1793 1391 und Situationen. Das eigentliche dramatische
1905 1354 2784 1422 Menschliche Handlungen und Schicksale
842 1365 1790 1446 Genie der Franzosen aber sitzt nicht in Paris,
1831 1391 2787 1472 vor eine höhere Instanz zu bringen, ist die
834 1420 1787 1497 sondern in Brüssel und heisst Maeterlinck,
1833 1439 2785 1532 eigentliche Lebenstendenz des Dramas, das
834 1468 1788 1552 aber zu ihm hat man weder in Paris noch in
1833 1491 2784 1569 Steuer, welches sie zwischen die Gefahren
840 1512 1192 1583 Berlin den Mut
1827 1563 2781 1626 raffinierter Künstlereien und roher Zirkuseffekte
908 1551 1782 1641 Die stärksten Dramatiker unser Zeit sind die
1827 1600 2785 1661 hindurchbringt. Sie befreit das Publikum von
836 1592 1781 1702 Nordgermanen, lösen und Strindberg. Aber
1819 1633 2784 1715 der Ohnmacht passiven Zuschauens, sie lost
833 1676 1781 1744 seit der Wildente will sich auch von ihnen
1821 1704 2781 1775 seine geistigen Lebenskräfte und macht aus
831 1712 1779 1804 kein Werk mehr bei uns einbürgern. Die
1821 1748 2768 1819 dem Theater ein organisches Ganzes. Der
831 1752 1778 1840 letzten Dramen Ibsens sind nach wenigen
1819 1776 2771 1871 Zuschauer aus der dramatischen Handlung
825 1817 1778 1893 Aufführungen von der Bühne verschwunden.
1822 1839 2775 1911 ausgeschlossen, — man begreift wahrlich nicht
825 1862 1773 1939 Der „John Gabriel Borkman hat ein glück¬
1813 1883 2770 1963 mehr, zu welchem Zwecke er sich der Un¬
831 1910 1776 1995 licheres Schicksal, aber keinen Erfolg gehabt,
1813 1934 2773 2011 bequemlichkeit eines Theaterbesuchs aussetzen
831 1971 1776 2038 wiewohl er seinem Gegenstand nach gewisser¬
1813 1992 2775 2055 soll. Seine Schaulust zu befriedigen oder ihn
822 2021 1773 2097 massen sogar aktuell ist. Trotzdem ist er die
1808 2025 2771 2115 zu zerstreuen, ist die Aufgabe des Zirkus und
822 2048 1767 2138 Alles überragende Erscheinung dieses Theater
1814 2095 2775 2152 des Tingeltangels, und sie erreichen ihren
817 2109 1768 2187 Jahres, gegen diese Kunst der Darstellung
1813 2140 2765 2213 Zweck besser und leichter. Das Theater steigt
830 2166 1773 2242 und dramatischen Technik gemessen, ist alles
1816 2187 2767 2253 und fällt mit dem öffentlichen Geiste eines Volkes.
822 2202 1775 2271 Andere der stotternde Versuch von Anfängern.
1810 2227 2764 2291 Ein Volk, dessen Theater im Niedergange be¬
819 2256 1770 2333 Freilich, es ist die Kunst der Auflösung, keine
1811 2268 2762 2365 griffen ist, steht immer schon vor der Gefahr,
817 2311 1770 2388 naiv aufbauende Dramatik, das realistische,
1808 2336 2719 2420 seine politischen Freiheiten zu verlieren.
813 2347 1773 2426 aber künstlerisch rekonstruierende Verfahren
821 2396 1768 2486 mehr als das des schaffenden Dichters. Der
816 2454 1768 2534 alternde Ibsen identifiziert sich nicht mehr
810 2489 1764 2581 mit seinen Personen, was er freilich so recht
1810 2508 2755 2629 M. Marcker: Die Fortschritte der Agrikul¬
810 2551 1767 2620 nie gethan hat. Für ihn hat die realistische
1882 2601 2701 2683 turchemie in den letzten 25 Jahren.
817 2598 1764 2666 Formel einen ironischen Nebensinn, er steht
811 2647 1764 2722 über seinen Gestalten und charakterisiert als
1894 2653 2670 2735 (Ber. d. d. chem. Gesellsch. XXX Nr. 5)
810 2683 1762 2767 Ironiker, d. h. naturgetreu, aber immer schon
1873 2715 2752 2799 Der Begriff Agrikulturchemie ist weiter
817 2747 1764 2828 ein wenig vom Standpunkte seines nächsten
1810 2753 2753 2850 als der Name besagt und die physiologischen
810 2796 1758 2868 Dramas aus, das er aber dann, wenn er es
1811 2822 2748 2900 Wissenschaften spielen darin fast eine noch
808 2847 1755 2914 schreibt, schon wieder überwunden hat. Das
1808 2883 2747 2951 grössere Rolle als die Chemie. Marcker bie¬
804 2891 1758 2977 im Allgemeinen oder Einzelnen zu verfolgen,
1798 2923 2742 2988 tet uns daher in seinem Vortrag weit mehr, als
810 2952 1758 3017 würde den Raten dieses Aufsatzes sprengen,
1798 2965 2745 3040 man erwartet, er schildert in kurzen Zügen die
807 2986 1745 3068 innerhalb dessen ich auch eine Würdigung
1807 3028 2742 3092 wissenschaftliche Entwicklung der gesamten
808 3044 1752 3114 des Dramas nicht versuchen kann. Er giebt
1801 3068 2744 3141 Ackerbaulehre im letzten Viertel des Jahr¬
807 3092 1747 3155 die Psychologie eines verkrachten Bank¬
1791 3109 1998 3172 hunderts.
802 3155 1755 3207 direktors, dessen Leben und Verhältnisse wir
1862 3124 2744 3242 Bei der Lehre von der Pflanzenernährung
805 3201 1752 3270 schrittweise, durch gegenseitige Enthüllungen
1804 3216 2739 3275 untersucht die Agrikulturchemie, welche Nähr¬
808 3250 1752 3313 der mithandelnden Personen seitwärts und
1799 3273 2736 3342 stoffe, in welchen Formen und Mengen, für
805 3273 1745 3365 rückwärts vor uns aufsteigen sehen. Die
1796 3310 2736 3385 die höchste Pflanzenproduktion erforderlich
798 3328 1755 3413 Bankdirektoren in Wirklichkeit mögen anders
1798 3353 2736 3436 sind. Die wichtigsten Bestandteile der Pflanze
801 3383 1745 3469 sein. Workman ist Ibsen, wenn er ein ver¬
1799 3402 2742 3486 sind die Kohlehydrate (in Form von Cellulose
798 3442 1750 3508 krachter Bankdirektor wäre, wie Faust ein
1801 3463 2732 3526 und Stärkemehl etc.) und die Eiweissstoffe.
793 3479 1753 3558 hypothetischer Goethe und Hamlet ein hypo¬
1791 3492 2730 3583 Die erstern enthalten Kohlenstoff und die Be¬
799 3541 1745 3604 thetischer Shakespeare, oder Karl Moor
1790 3560 2735 3635 standteile des Wassers (Wasserstoff und Sauer¬
796 3578 1747 3661 Schiller, falls er ein Rauberhauptmann gewesen
1784 3615 2735 3684 stoff), bei den letztem tritt zu diesen Ele¬
796 3627 1748 3709 wäre. Dies Grundgesetz der Dichterpsycho¬
1778 3650 2732 3718 menten noch Stickstoff und Schwefel. Man
798 3681 1758 3790 logie muss man allerdings festhalten, wenn
1784 3710 2730 3794 hat schon lange erkannt, dass die Pflanzen
