3484 3936
150 163 330 263 8.
849 153 1258 248 box 14/4
323 161 685 231 Freiwild
520 849 1559 941 Diese scharf beobachtenden, scharf denkenden und ihre
423 935 1559 988 Absicht haarscharf ausführenden Künstler verstehen es offen¬
423 982 1562 1036 bar sehr gut, in fleißigen Proben das Bild der Scene zu
430 1018 1562 1088 stellen, abzurunden und bis in die geringfügigsten Details
428 1063 1562 1138 herauszuarbeiten. Sie besitzen einen vortrefflichen Stimmungs¬
428 1111 1555 1173 motor — das kleine Haus, in dem sie zu spielen pflegen.
428 1158 1566 1225 Als Förster an Stelle der Leitung des Deutschen Theaters
418 1202 1563 1280 die des Burgtheaters übernahm, blickte er verzweifelt in die
425 1252 1560 1319 prunkvollen Räume des neuen Hauses. „Hier ist es vorüber mit
428 1296 1566 1366 den intimen Wirkungen!" seufzte er. Aehnlich äußerten sich
428 1343 1559 1413 die Kunstfreunde Wiens schon, als in der josephinischen
437 1398 1559 1465 Epoche zum erstenmale die Erweiterung des alten Burg¬
428 1443 1560 1515 theaters nöthig wurde. Damals warnte Sonnenfels, man
425 1492 1567 1566 möge die Stentorstimmen nicht zu Herren der Kunst machen,
433 1545 1562 1606 und Iffland ließ sich wie folgt vernehmen: „Man richte
433 1586 1560 1654 unsere Schauspielhäuser für Stücke von Lessing ein, man
430 1629 1566 1699 baue sie nicht für die Naumachien der Römer. Die Wüstenei
428 1674 1563 1743 eines großen Zuschauerraumes zerstört das Behagen an
440 1734 1567 1800 jeder feineren Darstellung." Das Gastspiel der Berliner
431 1767 1566 1857 zeigte, wie sehr ihre Kunst in dieser Richtung im Vortheile
437 1829 1567 1891 gegen die unsere ist. Ihre Technik wird hiedurch einfacher
437 1866 1567 1939 und natürlicher, ihre Comparserie weniger geräuschvoll,
437 1914 1573 1974 das Bild ihrer Scene inniger und stimmungsreicher. Man
437 1974 1565 2021 kennt die Uebelstände, die bei uns Reformen in einem ähn¬
443 2023 1573 2076 lichen Sinne verhindern, und doch geschieht nichts oder
438 2054 1573 2130 Verkehrtes, diese herbeizuführen. Gleichmuth und Indolenz
443 2113 1570 2178 drängen in Wien diejenigen beiseite, welche das Gute
448 2148 1576 2223 energisch wollen, und lassen Jene schalten, welche das Böse
451 2205 1575 2271 schaffen. Sicher würde bei einem Wettkampfe unsrer ersten
445 2248 1575 2311 Schauspieler mit den Berlinern die reichere Individualität
448 2291 1579 2367 nicht bei diesen sein, zweifellos erreicht auch die norddeutsche
451 2341 1576 2408 Darstellung nicht die Höhe einer modernen Aufführung, wie
443 2392 1570 2464 etwa die des „Hannele" im Burgtheater — in der Durch¬
460 2444 1583 2505 schnittsleistung, in dem resoluten, frischen Ton, in der
463 2478 1573 2552 schlichten Vortragsweise, in der gleichmäßigen guten Ge¬
460 2530 1580 2609 sammtbesetzung beginnen die Berliner das einst so schwer
448 2572 1589 2642 erreichbare Wiener Vorbild zu überflügeln. Das Gastspiel
454 2622 1585 2691 des Deutschen Theaters zeigte, wie der tüchtige, rührige,
457 2684 1586 2747 fleißige, nur von den Principien eines gesunden Menschen¬
457 2718 1583 2782 verstandes beherrschte Nachbar auch auf dem Gebiete der
457 2776 1589 2834 Kunst ein gefährlicher Rivale ist. Selbst hier beginnt Wien
455 2812 1593 2875 Berlin gegenüber an den verarmten Edelmann zu mahnen.
467 2861 1593 2958 Schon gut, wenn wir zum mindesten den Eindruck des
1380 2904 1570 2971 E. Sch.
463 2925 891 3002 Edelmannes bewahren.
1599 825 2725 905 den bösen Geist der Regierung bezeichnet. Sonnino verwirft
1607 889 2728 951 jede Nachgiebigkeit, jedes Zurückweichen — und die äußerste
1595 936 2735 1002 Linke rüstet sich zum äußersten Widerstande. Hübsche Aus¬
1607 982 2270 1052 sichten für die beginnende Session!
1697 1005 2739 1096 Vorgestern ist an die Mitglieder der französischen
1605 1081 2737 1145 Kammer der Bericht des Abgeordneten Trouillot über
1605 1118 2738 1183 das neue Vereinsgesetz vertheilt worden, der in
1607 1169 2728 1233 kürzester Zeit — gleich nach Erledigung der Vorlage über
1602 1216 2735 1285 die Altersversorgung der Arbeiter — zur Verhandlung
1602 1278 2739 1336 kommen soll und ohne Zweifel sehr heftige Debatten hervor¬
1607 1313 2731 1370 rufen wird. Der Bericht wendet sich in der Einleitung sehr
1607 1360 2735 1423 scharf gegen die Congregationen. Das Gesetz selbst ist sehr
1607 1403 2735 1470 streng. Wird es in der vorliegenden Form mit den Ab¬
1607 1447 2744 1517 änderungen des Ausschusses angenommen, so müssen die
1607 1497 2738 1566 staatlich nicht anerkannten geistlichen Orden verschwinden.
1607 1549 2738 1609 Die Güter, die sich in ihrem Besitze befinden, gehören, wie
1607 1593 2744 1654 der Bericht Trouillot's ausführt, nicht ihren Mitgliedern,
1607 1640 2744 1704 sondern fallen als herrenlos an den Staat und sollen gemäß
1602 1692 2747 1776 dem Vorschlage Brisson's zur Dotirung der Altersversor¬
1609 1739 2408 1807 gungskasse für Arbeiter verwendet werden.
1730 1814 2638 1904 Mittheilungen aus dem Publicum.
1613 1896 2741 1994 Erste k. k. priv. Donau=Dampfschifffahrt=Gesellschaft.
2004 1960 2360 2026 Donaufahrten.
1696 1983 2747 2071 An jedem Sonn= und Feiertage Vormittags 9 Uhr und Nach¬
1606 2044 2748 2104 mittags 3 Uhr finden Donaufahrten von Wien=Weißgärber caual¬
1606 2081 2748 2141 abwärts bis zur Mündung, im Hauptstrome aufwärts bis zur
1607 2118 2741 2187 neuen Schleuse und sodann zurück nach dem Ausgangspunkte statt.
1712 2158 2747 2245 In beiden Richtungen wird an den Stationen Sophienbrücke
1613 2190 2007 2281 und Praterkai gelandet.
1702 2215 2747 2300 Fahrpreise: Per Person und Fahrt 80 H., Kinder unter
1616 2268 2751 2357 10 Jahren 40 H., k. und k. Militärpersonen (in Civil mit Legiti-
1616 2323 1871 2382 mation) 40 H.
2026 2364 2355 2430 Sarmingstein.
1709 2425 2747 2481 An der bisherigen Haltestelle Sarmingstein wird vom 18. Juni
1616 2461 2749 2520 dieses Jahres an eine Agentie fungiren. Von diesem Tage ange¬
1619 2498 2751 2558 fangen können demnach Frachten mit Gebührenüberweisung und
1619 2538 2757 2611 Nachnahmenbelastung dortselbst aufgegeben und ebendahin befördert
1617 2595 1747 2667 werden.
2437 2604 2728 2675 Die Directien.
1707 2602 2117 2712 Wien. 1. 190.
1637 2712 2757 2816 Clara Rendelstein, Jacob Landsisch,
2404 2776 2581 2846 Veterinär,
1753 2792 2080 2865 Podwoloczyska.
2385 2829 2609 2904 Tarnopol,
1873 2881 2538 2988 empfehlen sich als Verlobte.
3150 805 3299 894 .
2786 847 3289 946 Sie
3108 916 3303 966 bei Sch
3041 986 3303 1051 Tafelwass
2834 1158 3296 1245 aller
2776 1259 3299 1355 Aussee, Dr. Schreiber
2784 1336 3305 1410 Kaltwassercur. — Sool
2921 1386 3309 1487 — Nen ollut
2775 1463 3312 1559 Elite-Pens.
2796 1537 3305 1607 — Allererstes
2992 1593 3290 1733 AND
3002 1727 3308 1789 1000 Zimmer
2998 1772 3298 1826 welchem man sich
2998 1813 3313 1864 bestellen kann, wir
2794 1921 3290 2073 Hotel Er
3136 2048 3302 2137 Gaben
2852 2106 3309 2195 Hotel er¬
2784 2177 3313 2260 Verbindung mit den Schwefelt
2941 2231 3313 2307 Das ganze Jahr geöft
3179 2297 3319 2371 Nr. 140
2885 2482 3319 2571 Grösstes erstes
2829 2601 3239 2709 Central¬
2939 2728 3312 2836 500 Zimmer von
2918 2819 3296 2896 Gegenüber Central¬
