3436 4224
236 170 764 250 8. Freiwild
926 170 1336 267 box 14/4
1732 175 2088 330 und
2058 248 2423 359 Telephon 1791.
1691 327 2786 419 Alex. Weigls Unternehmen für Zeitungs-Ausschnitte
1892 416 2616 555 „OBSERVER
1695 537 2789 618 I. österr. behördl. konz. Bureau für Zeitungsberichte u. Personalnachrichten
1887 612 2621 678 Wien, I., Concordiaplatz 4.
2121 666 2376 735 Vertretungen
1702 727 2789 779 in Berlin, Budapest, Chicago, Genf, London, New-York,
1706 764 2790 836 Paris, Rom, Mailand, Stockholm, Christiania, St. Petersburg.
1977 805 2543 904 Quellenangabe, ohne der
2588 802 2861 907 POST
1707 896 2168 993 Ausschnitt aus:
1709 1002 1878 1083 vam:
2078 957 2342 1113 0
1972 1120 2502 1225 Theater und Kunst.
1818 1199 2755 1300 Das Deutsche Volkstheater hat A. Schnitzler
1772 1270 2758 1339 Schauspie „Freiwild" in seinen Spielplan au
1769 1324 2758 1392 genommen und einer unverdienten Vergessenheit en
1769 1373 2760 1439 rissen. Das Stück wurde vor einer Reihe von Jahre
1769 1425 2763 1478 an einer anderen Wiener Bühne aufgeführt, dort, w
1776 1469 2760 1530 die tragische Muse niemals einen Hort zu finden ver
1777 1526 2760 1572 mochte. Dessenungeachtet ist seinerzeit viel darübe
1769 1574 2768 1639 geschrieben worden und die Tendenz des Schauspiele.
1776 1617 2771 1687 ist den Theaterfreunden in Erinnerung geblieben. Der
1769 1668 2770 1727 Verfasser variiert das Thema „Freiwild“, einmal in
1769 1717 2778 1789 der Schilderung des schutzlosen Zustandes, in dem sich
1769 1776 2767 1841 eine junge Schauspielerin von moralischer Lebens¬
1772 1810 2775 1877 führung befindet, und ferner durch den Konflikt, der
1766 1866 2773 1937 daraus erwächst, wenn ein Angehöriger eines in Bezug auf
1761 1916 2773 1986 Ehranschauungen besonders einfühligen Standes für eine
1769 1956 2774 2036 schimpfliche Behandlung ritterliche Satisfaktion nicht
1765 2020 2778 2088 zu erlangen vermag. Also wieder die Duellfrage, die
1759 2070 2768 2138 nicht zum ersten Male auf dem Theater zur Dis¬
1757 2107 2764 2185 kussion kommt. Schnitzler beweist in dem Für und
1755 2162 2771 2238 Wider der Auffassung eine starke dialektische Kraft,
1757 2216 2764 2273 und wenn er mit allen Gründen des gesunden Ver¬
1765 2261 2755 2329 standes den Zweikampf verwirft, läßt er ihm gleich
1751 2309 2755 2384 wieder, noch dazu durch den Mund sympathischer,
1751 2363 2755 2423 klardenkender Männer, das Wort reden. Auf beiden
1751 2403 2763 2483 Seiten geht es ohne sophistische Argumente freilich
1754 2464 2764 2535 nicht ab, indes für den Augenblick behält der
1751 2511 2748 2572 Sprechende immer Recht. Mit geistvoller Geschicklich¬
1750 2564 2759 2632 keit drängt der Dichter den Zuhörer in ein Dilemma
1751 2605 2762 2667 des Urteils, welches die endgültige Beant¬
1751 2666 2763 2717 wortung der Frage immer aussichtsloser macht.
1744 2706 2760 2777 Auch sonst konnte der Dichter zu keinem Resultate ge¬
1746 2751 2762 2823 langen und mußte zuletzt — wie immer, wenn der
1744 2807 2532 2872 Dramatiker nicht mehr ein und aus weiß
2572 2812 2748 2871 — zu dem
1737 2860 2747 2917 Knalleffekte eines Revolverschusses seine Zuflucht neh¬
1739 2905 2748 2969 men. Der Beleidigte verschafft sich selber Genugtuung,
1739 2955 2755 3014 genauer genommen: er rächt sich an dem, der ihn
1744 3007 2752 3063 als Duellgegner verschmähte. Damit ist im Grunde
1736 3052 2744 3112 nichts gesagt und nichts getan, es ist ein Schluß,
1739 3103 2758 3167 weil alles ein Ende haben muß. Hier liegt auch die
1739 3150 2747 3212 Schwäche der Erfindung, aber man war zwei Stunden
1739 3195 2743 3253 lang in Atem gehalten worden, und das ist nichts
1742 3246 2749 3304 Geringes. — Es gab denn auch reichlichen Beifall.
1732 3304 2749 3367 Die Schauspieler haben der Sache des Autors redlich
1732 3349 2748 3412 gedient. Von überzeugender Innerlichkeit und Wärme
1739 3393 2743 3463 war Frl. Erl in der Rolle der braven Schauspielerin,
1732 3449 2743 3517 belustigend wirkte Frau Glöckner durch die Dar¬
1739 3498 2737 3558 stellung einer minder rigorosen Sommertheater¬
1739 3547 2747 3613 Soubrette. Herr Kramer — der den tragischen
1747 3599 2741 3666 Helden des Schauspieles gab — erfaßte die Figur in
1739 3651 2733 3705 jedem Zug, wie der Autor sie sich vorgestellt haben
1729 3700 2740 3768 möchte, und in den bewegten Szenen des letzten Aktes
1732 3753 2733 3835 geschah das, was im Theater immer „das Wunder¬
1744 3821 2725 3870 bare“ ist, man vergaß den Schein und ließ sich von
1747 3866 2728 3926 einer schauspielerischen Leistung packen, die die vol
1732 3915 2737 3984 Realität vortäuscht. Den zweiten Leutnant spielte Her
1739 3979 2734 4033 Jensen verständnisvoll und mit sympathischer Über
1747 4015 2737 4071 legenheit, den dritten gab nach dem Theaterzett
1747 4071 2743 4128 Herr Höfer. Vielleicht ist es ein Irrtum, den
