3436 4448
136 182 637 301 8. Freiwil
817 182 1246 291 box 14/2
1357 708 2244 805 BURG, DAS THEATER M WINTER 189697
2686 734 2775 807 261
1832 824 2782 914 Resume von Geschichtsphrasen giebt. Wil¬
839 826 1794 902 Fuida, sondern E. v. Wildenbruch zu, und
1828 897 2782 953 denbruch ist ein Erbangesessener der Phrase.
831 897 1786 957 das kann ernsthaft niemanden überrascht
1830 945 2785 1006 In ihm ist einmal eine Phrase unterdrückt
831 948 1786 1006 haben. Ein Dichter, der so königsbegeistert
1835 996 2778 1052 worden, das ist seine Tragik geworden, die
834 994 1781 1049 ist, wie sollte der nicht den Schillerpreis ver¬
1837 1040 2780 1105 Tragik der unterdrückten Phrase. Sein dra¬
831 1045 1791 1110 dienen! Und Wildenbruch ist der unwürdigste
1835 1093 2782 1146 matisches Leitmotiv laut: Zum Kampf der
831 1093 1786 1161 gewiss nicht. Nur gerade dieses Drama, für
1840 1144 2782 1195 Phrasen und Geschichtsbilder. Jedes neue
836 1142 1784 1197 das er ihn erhielt, das Heinrichsdrama, hat
1837 1188 2782 1251 Motiv, das ihm einfallt, giebt eine neue Ver¬
836 1190 1791 1243 den Schillerpreis wieder einmal gründlich
1837 1234 2782 1289 wirrung der Situation, der Charaktere, der
839 1239 1789 1316 diskreditiert. Diese zehnaktige Geschichts¬
1835 1285 2785 1348 Motive. Er hat die Dialektik eines Kindes
839 1285 1784 1343 fälschung ist eine dichterische Rohheit, die
1828 1338 2787 1394 ohne die Unschuld eines Kindes. Um das zu
834 1335 1777 1396 an die wüstesten Ritter- und Räuberstücke er
1828 1384 2787 1445 sein, was Heinrichs Sohn (V.) ist, mis er
831 1386 1789 1452 innert, vor keiner künstlerischen Plattheit
1835 1430 2782 1498 sich erst sein deutsches Herz ausreissen, den
831 1432 1786 1493 zurückschreckt, nicht vor den rührseligsten
1835 1481 2790 1532 Schwamm, der jedem Deutschen im Herzen
831 1483 1779 1558 hirch-Pfeifferiaden, nicht vor den tollsten Ge¬
1832 1532 2790 1585 wächst. Mit ihm soll das Unglück des Kaisers
834 1529 1791 1595 schmacklosigkeiten, vor keinem Byzantinismus
1830 1580 2787 1643 motiviert werden, wiewohl die Fürsten nachts
839 1580 1784 1638 wie vor keiner Unlogik. Die dramatische Ent¬
1835 1631 2802 1692 von dieser Krankheit haben, sie sind wilde
839 1631 1794 1694 wicklung geschieht bei Wildenbruch auch
831 1680 1794 1733 sonst, indem jeden Augenblick umgeworfen
1837 1677 2797 1738 Raubtiere, Aber noch hat er seine Empörung
1835 1726 2814 1786 nicht in die That umgesetzt, da fühlt er den
839 1731 1784 1794 wird, was vorher aufgebaut war. Man steht
1837 1769 2782 1837 Schwamm schon wieder im Busen sich nach¬
834 1774 1784 1835 immerwährend vor dem Gefühle entweder
1828 1825 2782 1886 gewachsen, und kann nun der zärtliche Sohn
836 1825 1784 1891 der Held ist plötzlich blödsinnig geworden,
1828 1871 2782 1949 sein, dessen Pietät einen Rachezug gen Rom
843 1874 1789 1929 oder er war es im vorangegangenen Akt.
1828 1922 2790 1987 erheischt. Der zweite Teil des Dramas löst
836 1920 1791 1985 Das Ganze ist ein historisches Tableau und
1830 1971 2790 2038 sich in zusammenhangslose Bilder auf, die
831 1971 1789 2041 kein Drama; als historisches Drama müsste
1828 2017 2729 2077 alle darin ist Wildenbruch Meister
839 2019 1784 2075 der Kampf zwischen dem Kaiser und dem
1828 2070 2787 2126 höchst theatralisch aufgebaut sind und Einen
836 2072 1784 2135 Papst seinen Mittelpunkt bilden, und es sieht
1828 2116 2787 2177 zuweilen über die dramatische Ohnmacht des
839 2121 1789 2184 auch zuweilen so aus, als sollte dies des
1837 2167 2785 2227 Dichters tähen können. Im besten Falle
839 2169 1794 2223 Dramas Kern sein. Wenigstens der erste
1828 2208 2782 2276 ist ein Wildenbruchischer Akt ein Drama für
836 2215 1791 2283 Teil, der immerhin noch eine gewisse dra¬
1828 2261 2782 2322 sich. Der folgende Akt hat niemals mehr
839 2264 1794 2324 matische Anlage hat, spitzt sich zu diesem
1828 2310 2782 2368 einen vernünftigen oder künstlerischen Zu¬
839 2312 1784 2378 Kampfe zu, von dem man nur nicht weiss,
1828 2363 2686 2416 sammenhang mit dem vorangegangenen.
839 2363 1784 2419 wozu er uns heute soll. Wildenbruch ist der
1907 2390 2782 2465 Die Wirkung der Heinrichstragödie geht
831 2414 1789 2467 Dramatiker verspäteter Motive; er kommt mir
1835 2460 2780 2518 nicht sehr tief. Das dramatische Ereignis die¬
836 2467 1791 2523 vor, wie jemand, der einen Streit verschlafen
1828 2506 2782 2576 ses Winters ist „Die versunkene Glocke" von
836 2513 1791 2569 hat, und nachdem er schon fast vergessen
1837 2555 2775 2608 Gerhart Hauptmann, die nach zwei Richtun=
836 2557 1791 2620 ist, plötzlich mit grosser Leidenschaft sich
1828 2603 2782 2681 gen hin bemerkenswert ist: erstens wegen
836 2608 1784 2669 einmischen will. Dabei identifiziert er sich
1823 2654 2780 2717 seines völligen Abfalls von seinen Kunstten¬
831 2659 1791 2719 nun in sehr naiver Weise jeweilig mit einem
1835 2702 2785 2765 denzen, dann wegen des persönlichen Schick¬
836 2705 1794 2765 seiner Helden, da er endlich einsicht, dass
1835 2753 2778 2816 sals, das sich in diesem „Deutschen Märchen¬
843 2753 1791 2819 der andere Recht hat; damit er aber wieder
1835 2804 2782 2862 drama" abspielen soll. Hierin freilich bin ich
836 2804 1791 2858 zu seinem Recht kommt, muss der andere
1835 2850 2790 2916 nicht kompetent zu urteilen. Die Freunde des
839 2855 1789 2916 schnell eine Gemeinheit begehen und im Un¬
1830 2901 2785 2959 Dichters sagen, das Märchendrama sollte so¬
839 2899 1789 2986 recht sein. So wechselt sich das Spiel ab.
1828 2947 2785 3005 zusagen eine Entschuldigung vor seiner Ehe¬
846 2947 1789 3015 Gregor hat Recht gegen Heinrich, als der
1830 2998 2780 3054 frau sein, von der er sich getrennt hat. Das
839 2996 1796 3066 reife Charakter, der weise Staatsmann gegen
1835 3042 2790 3122 Eine ist offenbar: der Dichter dieser „Ver¬
836 3052 1794 3107 den unerzogenen jungen Fürsten, Heinrich
1830 3095 2775 3156 sunkenen Glocke" muss ein von Gewissens¬
839 3102 1781 3151 aber hat Recht gegen Gregor, als der ge¬
1828 3141 2775 3219 bissen zerfressenes Herz haben, ein schwerer
839 3141 1786 3209 borene Fürst gegen den Usurpator, den po¬
1828 3192 2782 3253 beängstigender Traum scheint über ihm zu
836 3197 1781 3250 litischen Intriguanten; Heinrich ist ein Ehe¬
1828 3236 2775 3294 liegen, aber das Zauberwort, das ihn befreite,
834 3245 1789 3304 brecher, also trifft ihn sein Schicksal mit
1825 3287 2782 3347 fallt ihm nicht bei. Ein von der Sünde Ge¬
839 3289 1789 3352 Recht, Heinrich ist der ideale Fürst, also
1835 3338 2782 3391 beugter glaubt sich aufzurichten, wenn er dem
839 3345 1784 3403 trifft es ihn wieder nicht mit Recht. Das
1835 3386 2780 3449 Lichte folgt, das jenseits von Gute und Böse
836 3388 1784 3456 Schlimmste aber ist, dass damit nicht einmal
1835 3434 2778 3502 weist. Aber dies Eiland der moralischen Un¬
839 3442 1784 3502 der Mensch charakterisiert wird. Schliesslich
1835 3488 2778 3548 schuld liegt unerreichbar vor ihm, er stam¬
839 3488 1789 3556 lauft alles auf Phrasen hinaus, wie: Treue
1828 3534 2775 3590 melt, er schwärmt, er flucht, er schreit, aber
839 3539 1789 3609 gegen seinen König ist Deutschlands Reli¬
1828 3582 2775 3648 keine Barke bringt ihn hinüber; seine Recht¬
836 3582 1791 3650 gion, Ich bin Deutschland, Deutschland ist
1835 3633 2780 3687 fertigung ist keine Rechtfertigung, so lang er
836 3628 1794 3703 Ich u. dgl. m. Die Menschen handeln und
1825 3679 2775 3735 diesseits steht, hier, und in seinem Munde
836 3689 1791 3752 sind nicht, sondern reden, was sie sein sollen,
839 3728 2787 3825 jeder sagt seine Mission her, indem er es haben alle diese Worte gar keinen Sinn:
