3392 4256
250 174 342 252 8.
420 167 643 245 rei
399 236 530 287 M.
945 160 1352 264 box 14/3
2855 121 2946 216 Nr.
2054 124 2565 238 „OBSERVE
1634 225 3049 326 1. österr. behördl. concess. Bureau für Zeitungsberichte und Personalnachrichten
1927 292 2753 393 Wien, IX/ Türkenstrasse 17.
1874 363 2825 461 Filiale in Budapest: „Figyel“, VIII. Josefsring 31 a.
1640 544 2076 624 Ausschnitt aus:
2154 590 2478 702 en
2657 594 2850 697 blatt
1950 682 2510 792 vom 5. En 1938
1939 883 2834 964 Carl-Theater. Arthur Schnitzler's Schauspiel
1847 934 2834 1010 „Freiwild", in Berlin schon vor Jahresfrist auf¬
1849 998 2831 1060 geführt, hat nun auch auf heimatlichem Boden Einlaß
1838 1048 2834 1108 erhalten und einen freundlichen Empfang gefunden. Hier
1847 1087 2836 1157 wie dort erschienen die dem Stücke nothwendigen Officiere
1843 1127 2836 1202 in merkwürdigen Phantasie=Uniformen, nur mit dem
1843 1186 2834 1244 Unterschiede, daß diese sich in Berlin mehr den öster¬
1838 1228 2836 1294 reichischen, in Wien mehr dem preußischen Zuschnitt
1840 1280 2834 1338 näherten. Die veränderte Uniform genügte indeß nicht,
1835 1322 2827 1386 um über des Autors Absichten hinwegzutäuschen. Er
1838 1372 2838 1422 wollte den besonderen Standpunkt des Officiers
1835 1411 2834 1478 in Ehrensachen, den Duell zwang, in dramatisch
1833 1455 2834 1517 bewegten Gegensatz bringen zu den Anschauungen jener
1835 1512 2838 1574 bürgerlichen Menschen, die unter allen Umständen das
1838 1558 2836 1622 Duell perhorresciren. Wir sagen absichtlich: jener
1840 1601 2834 1663 Civilpersonen, die den Zweikampf absolut verweigern;
1833 1645 2831 1710 denn in dem vom Dichter vorgeführten Falle würde wohl
1827 1698 2831 1765 die Mehrzahl von Männern in Wirklichkeit kaum so ge¬
1829 1741 2834 1815 handelt haben, um das Schauspiel „Freiwild entstehen
1831 1790 2831 1854 zu lassen. Gewiß: der Lieutenant Karinsky ist ein rüder
1829 1835 2825 1904 Poltron, der, seiner Schulden wegen ohnehin vor dem schlichten
1827 1881 2831 1946 Abschied stehend, absichtlich in wegwerfendem Tone von einer
1827 1932 2827 2001 jungen anständigen Schauspielerin spricht, um deren stillen
1827 1982 2829 2033 Anbeter, den Maler Paul Rönning, zu reizen. Dieser
1836 2031 2820 2093 versetzt dem Lieutenant vor Zeugen dafür einen Schlag
1670 1999 1749 2090 Für
2893 2028 3040 2090 inclusive
2914 2083 3022 2118 Porto.
1755 2074 2827 2139 100 ins Gesicht, sträubt sich aber unter Anführung von tausend
2900 2108 3024 2150 Zahlbar
1829 2113 2815 2184 Vernunftgründen, dem Beleidigten die geforderte Genug¬
2882 2131 3059 2200 im Voraus.
1835 2164 2827 2224 thuung vor der Mündung der Pistole zu geben. Der
1693 2166 1813 2251 100
1831 2194 3098 2256 Lieutenant, nun in Gefahr, nicht blos wegen Schulden nitte ist das
1679 2237 3102 2318 schlicht verabschiedet, sondern wegen nicht erreichter Satis steht es den
1686 2304 3006 2379 Abonne faction sogar cassirt zu werden, stellt den mit einem andern.
1827 2356 2827 2416 Terzerol in der Tasche auf den Zusammenstoß vorbereiteten
1833 2402 2827 2473 Maler und schießt ihn in dem Augenblicke nieder, als
1827 2439 2822 2519 dieser abermals jede Genugthuung verweigert und eben
1826 2487 2476 2545 das Terzerol zu seinem Schutze zieht,
1925 2522 2822 2604 Aus dieser Inhaltsangabe ist wohl schon zu er¬
1827 2577 2818 2648 kennen, daß Schnitzler dem Problem zu Liebe zwei crasse
1822 2641 2818 2700 Helden gewählt hat; den über jedes Maß der Erfahrung
1826 2682 2815 2746 rempelnden Officier und den allzu philosophisch angelegten
1826 2721 2817 2790 Nächer einer Frauenehre, der zwar selbst schlägt, aber ein
1822 2769 2817 2840 Feind des Sichschlagens ist und der, aus Liebe zum Leben
1826 2825 2818 2886 einem Zweikampfe ausweichend, die Chance verliert,
1824 2861 2818 2932 licherweise seinen Feind todtzuschießen, indem
1820 2907 2806 2978 dieser die Sache nun ohne alle Förmlichkeiten ein¬
1820 2949 2806 3027 seitig besorgt und danach mit den Worten enteilt:
1822 3006 2806 3072 „Der Lieutenant Karinsky weiß, was er nun zu thun
1822 3047 2801 3107 hat.“ Wenn Arthur Schnitzler eine dramatische Streit¬
1817 3089 2806 3162 schrift wider das Duell verfassen wollte, so ist ihm just
1817 3139 2809 3215 das Gegentheil gelungen, nämlich zu zeigen, daß eine
1813 3178 2806 3245 thätliche Beleidigung unter Männern nach den An¬
1815 3222 2813 3302 schauungen gewisser Stände nur durch Blut gefühnt
1810 3279 2808 3348 werden kann, und zwar durch Mord, wenn der Zweikampf
1808 3323 2801 3389 verweigert wird, so daß der letztere eigentlich als das
1813 3373 2797 3444 geringere Uebel erscheint. Unbequem für die Tendenz
1806 3412 2799 3490 des Autors ist es auch, daß der Zuhörer nicht im
1806 3463 2795 3538 Stande ist, sich im Gemüthe vollständig wider
1804 3508 2795 3573 den Officier zu erklären und die Partei des Anderen
1803 3561 2797 3623 zu nehmen, weil eben trotz der Provocation die
1808 3605 2795 3664 Ohrfeige ein furchtbares Züchtigungsmittel ist, das mit
1808 3646 2795 3728 Rücksicht auf den Stand des Betroffenen dessen verzweifelte
1808 3696 2529 3754 That einigermaßen erklärlich scheinen läßt.
1897 3742 2790 3806 So sind wir denn am Schlusse so klug wie zuvor.
1797 3761 2790 3866 „Freiwild“ wird der Welt nicht einen Zweikampf ersparen,
1797 3834 2792 3912 im Gegentheil, es kann Rencontres kleinerer Art sogar
1799 3887 2786 3956 herbeiführen. Die Leidenschaftlichkeit, mit der gestern
1799 3923 2786 3995 einzelne Stellen wider das Duell beklatscht wurden,
1792 3969 2786 4038 hinderte nicht, daß ebenso laut wieder andere Stellen
1792 4027 2788 4089 acclamirt wurden, die von der Pflicht handelten, eine thätliche
1790 4063 2792 4144 Mißhandlung auch persönlich zu vertreten. Es saßen also zwei
1799 4110 2003 4188 in
