3436 4256
826 149 1232 250 box 14/3
135 158 573 246 8. Freiwi
1396 1143 1587 1222 Singve
1399 1209 1598 1260 Marie Pr.
1398 1248 1590 1309 glied des
691 1253 1183 1327 Theater und Kunst.
1404 1284 1588 1337 girt Herr
511 1298 1373 1365 Deutsches Landestheater. Daß nicht vor
1404 1322 1588 1378 eine Reihe
429 1362 1547 1434 edem Bürger zu verlangen ist, daß er nach dem Kodex nen auf.
450 1404 1373 1447 des gegenseitigen Erschlagens ins Geschirr gehe und
1477 1396 1587 1452 Frau
457 1434 1583 1485 gegen jeden beliebigen Raufbold, der nichts mehr zu der am 2.
450 1475 1569 1523 verlieren hat, sein Leben einsetze, ist selbstverständlich, stattfindet
457 1516 1597 1557 andererseits ist es erklärlich, daß auf dem Gebiete der zusammeng¬
453 1551 1601 1597 Ehrenkränkung in Ständen, deren Begriffe von Ehre dernen Rid
462 1587 1371 1634 schärfer entwickelt sind, mitunter das auf dem Verbo¬
1404 1588 1595 1634 entweder
447 1624 1373 1677 der Privatsehde beruhende Strafrecht mit dem Ehren¬
1404 1629 1595 1674 gehört wur¬
453 1665 1601 1713 gesetz der ultima ratio in Widerspruch geräth. Das von poetisch
457 1703 1601 1753 am Samstag zur Aufführung gelangte Drama geberin. Ko
458 1736 1373 1785 „Freiwild von Arthur Schnitzler zeigt dieser
1404 1738 1595 1790 handlung,
447 1774 1383 1820 Widerspruch an einem aus dem Leben gegriffenen
457 1818 1375 1859 Exempel, um zu dem Schlusse zu kommen, daß wer
447 1854 1373 1902 auf die eigene Ehre hält, umsomehr sich hüten muß
1500 1877 1610 1945 Wie
453 1892 1380 1935 die der Anderen zu beflecken; wer aber mit einem
453 1920 1606 1973 Schlage Richter und Rächer in Sachen einer steuer: vor
453 1964 1373 2015 Ehrenkränkung sein will, zuvor Person und Stand
1408 1961 1603 2014 Rindfleisch
450 2002 1603 2045 des Beleidigers und die Art der Beleidigung so genau 64 fl., bin
450 2040 1606 2086 wäge, wie ehedem die Alten die Münze gewogen haben. Schweinflei
447 2078 1613 2129 Zur Erinnerungsfeier an Donzetti hat man gestern 72 bis 80
457 2116 1613 2166 „Lukrezia Borgia" aufgeführt, jene Oper, die hinteres Se
457 2160 1583 2198 in der vollen Blüthe seines Talentes geschaffen worden gramm; 1
453 2188 1610 2240 ist. Auch die Trägerin der Titelrolle, Fr. Claus, Zickl fl. 1.1
458 2229 1610 2277 zeigte sich in der vollen Blüthe ihres Gesangstalentes, lebende Ga¬
445 2270 1373 2318 wenngleich sie den Forderungen der spezifisch italieni¬
1404 2268 1605 2318 fl. 2.80 bi
462 2301 1606 2352 schen Oper nur so viel Konzessionen zu machen sich (Polak)
462 2342 1601 2390 geneigt zeigen konnte, als eben unumgänglich nöthig Huhn 50
453 2383 1603 2444 war. Ein prachtvolles südländisches Kolorit gab Hr. fl. 1.50 bis
581 2464 1234 2648 rage et
1846 1225 2989 1339 mann den großer Die erstat, sage an, schaft, diri¬
1670 1304 1817 1355 und son¬
1846 1314 2978 1376 Maschinen, als Dreschmaschine, Schneidmaschine, Putz=Petersburg
1670 1342 1818 1394 sorgte der
2792 1368 2988 1419 nahm 1874
1670 1352 2408 1421 zullen mit und Schrottmühle sind verbrannt.
2796 1404 2993 1455 die er seit
1677 1422 1825 1467 das Ge¬
2794 1444 2991 1496 Stadttheat
1680 1457 1828 1508 thal von
2116 1434 2769 1544 Theater.
2799 1482 2988 1534 führte. Vi
1698 1500 1822 1547 förderte
2042 1509 2986 1592 Neues deutsches Theater. Gestern rühmten
1680 1539 1818 1592 gendu
1677 1580 2993 1652 seits das wurde das neue Drama von Arthur Schnitzler: Theater als
1677 1613 1815 1667 terstützte
1692 1616 2983 1690 Freiwild“ zum erstenmal gegeben und hatte einen Wiener Kr
1849 1674 2986 1733 starken und entschiedenen Erfolg. Aus dem mit saty lichkeit, das
1695 1693 1818 1741 Karoli=
1677 1715 2996 1800 nen ließ. rischer Schärfe geschilderten Milieu des Theaterlebens ten der gre¬
1684 1769 2777 1822 iesen ist, an einer kleinen Sommerbühne hebt sich ein scharfer
1685 1813 2779 1871 ie vollste Conflict empor, der energisch bis zu seinen äußersten
1685 1853 2779 1920 urch die Consequenzen entwickelt wird. Die Frage des Duells
2891 1882 2994 1951 De
1684 1894 2774 1974 ten in findet in dem Stück eine männlich klare Beleuchtung
2802 1927 2998 2012 Schulerh.
1688 1963 2771 2015 Dienst die markanteste Stelle der Tiscussion wurde mit spon¬
2805 1997 2993 2055 siksaale des
1680 2010 2773 2071 in einem tanem lebhaften Beifall begrüßt. Der zweite Act is
1688 2045 1813 2093 Handen
2794 2043 2993 2107 Mädchen=
1688 2056 2771 2119 mit dichterisch der bedeutendste, seine Wirkung ist kräftig zu¬
2796 2091 3001 2153 auf Gewan
1692 2109 2768 2158 3 statt, sammengefaßt, während in den beiden andern die Detail
2805 2142 2998 2203 Güte des
1697 2158 2773 2206 eite der zeichnung überwiegt, die freilich eine Fülle von Beob¬
1695 2189 3001 2265 zu ihrer achtung bietet. Der Dichter wurde nach jedem Act übrig. Das
2802 2237 3006 2298 auf ein al
1849 2254 2771 2318 stürmisch gerufen. Das Stück zählt bei uns zu den er¬
2800 2285 3007 2347 schaft, aus
1851 2303 2771 2367 folgreichsten der letzten Jahre. Die Hauptrollen wurden
2802 2334 3001 2400 deren Aussi
1856 2349 2777 2413 von Herrn Tauber und Herrn John mit Glück
1703 2378 1810 2442 eister
2799 2380 2998 2449 dem Auslar
1846 2400 2764 2451 dargestellt, Fräul. Fasser vertrat die weibliche Schlicht
1702 2426 1817 2488 den Ge¬
2802 2433 2975 2495 das gute
1845 2447 2419 2521 heil wie immer warm und ehrlich.
2626 2449 2748 2502 F. A.
1710 2474 1815 2546 Kauf
1937 2475 3011 2574 — Vom Neuen deutschen Theater. Heute tückischen Er
2799 2528 3016 2595 indem Mar
1739 2513 2773 2618 zum wird Blumenthal=Kadelburg's Schwank „Hans Hucke¬
1703 2571 1817 2638 Simon
2792 2577 3001 2641 tursängerin
1846 2595 2768 2648 bein" gegeben. Morgen geht zur Feier von Donizetti,
2802 2630 3001 2690 Mitwirkung
1713 2644 2763 2705 duda hundertstem Geburtstag neu einstudirt „Lucrezia Borgia
1708 2669 1818 2731 Joh
2796 2681 3011 2740 durch einen
1849 2692 2768 2746 in Scene. Die Besetzung ist: Lucrezia Frau Claus
1711 2723 1818 2787 16 vor
2799 2727 2971 2787 mysler
1849 2745 2777 2809 Orsino Frl. Carmasini, Gennaro Herr Guszalewicz,
1723 2773 1820 2832 Fort¬
2802 2769 3021 2832 Wunderknab¬
1849 2792 2771 2843 Alphonso Herr Dawison, Gubetta Herr Sieglitz, Live
2796 2820 3025 2889 vermittelt wor¬
1708 2828 2771 2896 indigen retto Herr Pauli, Gazella Herr Taussig, Petruzzi Herr
2791 2869 3014 2945 mit mannig¬
1710 2873 2723 2963 in den Ehrl, Vitellezzo Herr Launer, Mustiahallen=
