3436 4384
158 204 744 305 8. Freiwild
825 179 1260 291 box 14/3
2171 305 2510 414 Telefon 1939.
1887 378 2774 517 Unternehmen für Zungs-Ausschnitte
2865 446 3048 524 Ausschritt
2041 499 2613 611 OBSERVER
2851 515 2946 589 Nr.
1615 557 3042 698 1. österr., behördl., concess. Bureau für Zeitungsberichte und Personalnachrichten
1908 644 2742 756 Wien, IX. Türkenstrasse 17.
1745 728 2799 840 — Filiale in Budapest: „Finyelö", VIII. Josefsring 31 a.
1613 884 2052 996 Ausschnitt aus
2080 985 2345 1081 Cedeute
1926 1074 2048 1134 vom
2110 1085 2370 1187 494
1848 1314 2693 1487 Kunst und Wissenschaft.
1853 1441 2794 1523 Carltheater. Unter jauchzendem Jubel seiner
1752 1495 2804 1578 Stammesgenossen hat gestern Herr Arthur Schnitzler
1752 1555 2790 1603 sich auch in Wien seinen schöngelockten Kopf an einer
1761 1594 2781 1651 Thüre blutig gerannt, die ihm und seinesgleichen wohl
1761 1628 2789 1695 immer verschlossen bleiben wird. Es gibt Dinge, die
1754 1684 2794 1740 nicht gelernt und nicht begriffen werden können. Man
1757 1716 2785 1780 muß sie fühlen, mit dem sozialen Verstande von der
1761 1755 2785 1821 Straße ihnen nicht beizukommen, sonst blamirt man
1755 1796 2785 1866 sich, wenn anen mit ihnen öffentlich demonstrirt. Die
1757 1846 2781 1897 Ehrenfrage, die in der letzten Zeit in Folge der ver¬
1748 1874 2778 1942 schiedenen Zusammenstöße zwischen Militär und Zivil
1745 1921 2804 1993 wieder in den Vordergrund der öffentlichen Diskussion
1754 1967 2773 2034 getreten ist, hatte es auch Herrn Schnitzler angethan,
1748 2006 2787 2079 und so setzte er sich hin und schnitzelte sich nach seinem,
1752 2052 2780 2118 Sinne ein Opfer verworrener Begriffe über Muth und
1741 2098 2773 2160 re zurecht und jagt es nun als „Freiwild“ zur
1743 2139 2803 2203 Freude Aller, die aus natürlichen Gründen Duellgegner
1750 2183 2773 2251 sind, über die Bühnen. Es läßt sich über die Sache
1752 2238 2767 2290 reden, und es ist gut, wenn dies von Zeit zu Zeit ge¬
1752 2274 2771 2338 schieht, damit das, was einmal lebendiges Be¬
1748 2325 2769 2373 wußtsein war, nicht zur wesenlosen Formel erstarre. Nur
1750 2359 2771 2425 darf dies nicht so geschehen, wie es Schnitzler thut, sonst
1757 2400 2767 2460 spielt man die lächerliche Rolle des Blinden, der über
2824 2425 2957 2481 inclusive
1748 2446 2767 2508 Farben redet. Ein Offizier, außerdem ein vollendeter
2840 2476 2945 2512 Porto.
1748 2489 2769 2549 Kavalier, der, um seinen verzweifelnden Kameraden vor
2824 2496 2948 2544 Zahlbar
2801 2520 2978 2599 im Voraus.
1605 2524 2765 2590 100 dem Tode der Schande zu bewahren, einem Zivilisten
1736 2574 2758 2636 ein Scheinduell anbietet, eine solche Unmöglichkeit
2789 2579 3005 2661 te ist das
1590 2590 2760 2673 on konnte nur in dem Gehirn eines Schnitzler ausgebrütet
2789 2652 3012 2709 steht es den
1587 2661 2758 2719 Abonn werden. Herr Schnitzler wird gut thun, zu¬
2783 2689 2911 2753 dern.
1743 2702 2762 2749 erst einen Duellkoder nach seinen Reformideen vor¬
1736 2746 2758 2803 zulegen, denn so lange man diesen nicht kennt,
1745 2789 2760 2842 so lange ist es unmöglich, den ethischen Inhalt seines
1738 2822 2760 2884 Stückes ernst zu nehmen. Aber auch als tendenzloses
1740 2867 2760 2929 Drama wäre „Freiwild“ eine schlechte Hervorbringung.
1740 2909 2758 2961 Die wenigen Episoden aus dem Getriebe eines Sommer¬
1734 2948 2758 3016 theaters sind so dürftig an Blut und an Fleisch, daß
1732 2993 2762 3053 hier nicht einmal der Schein mehr trügt. Und die
1734 3026 2765 3104 Handlung? Sie ist Brettermathematik, kein Erlebniß,
1736 3085 2758 3142 ein Knalleffekt ohne Ursache, hergeleitet von einer bürger¬
1736 3117 2748 3183 lichen Tendenzohrfeige, die wegen einer kleinen Schau¬
1736 3160 2758 3225 spielerin einem Offizier in Anwesenheit von zwei anderen
1729 3199 2751 3270 Offizieren ohne Säbeleingriffe verabreicht
1729 3252 2755 3312 wird! Herr Reusch ließ auch diese Ohrfeige mit
1743 3284 2758 3349 Würde über sich ergehen, sein vornehmes Wesen setzte
1724 3341 2748 3394 auch als verlotterten Offizier gegen die unvornehme
1734 3378 2753 3431 Kampfesweise des Herrn Schnitzler in's Recht. Sonst
1734 3426 2762 3484 machten sich noch Herren Tewele, Natzler (in
1731 3463 2758 3522 einer belustigenden Kindes Herrn Krastel), Czasta
1727 3497 2751 3564 und Klein um die Darstellung verdient. Der unga¬
1725 3552 2748 3598 risch deutsche Dialekt des Herrn Blum nahm sich in der
1725 3589 2744 3641 bayrischen Uniform recht seltsam aus. Daß Israel
1748 3625 2749 3683 erst vergnügt war, braucht wohl nicht erst gemeldet
1729 3672 2742 3747 zu werden. Es lebe das geistige Scheinduell der Herren
1752 3706 2293 3786 Schnitzler und Konso ten
2565 3715 2712 3802 Th. A.
