3484 4192
136 131 341 251 8.
558 126 673 215 d
835 129 1253 234 box 14/4
821 1000 1255 1095 .
642 1131 1601 1203 Splitter geschossen. Was der Nihilismus in lang¬
647 1164 1584 1248 samer Bohr= und Sägearbeit nicht vermochte,
1713 1155 2560 1301 Theater und Kun
649 1222 1580 1293 noch lange die Aufklärung nicht vermocht hätte,
1644 1238 2513 1365 Schnitzlers „Freiwilde im Volkstheater.
640 1269 1575 1341 diesen massiven Tragbalken des Zarenthrones
637 1324 1582 1396 zu brechen — Wladimir hat es mit wenigen
1911 1324 2291 1401 (28. Januar 1905.)
642 1367 1580 1434 Gewehrsalven vermocht. Er meinte, eine Aufgabe
1644 1379 2544 1468 Im Deutschen Volkstheater ist gestern schnitt¬
635 1413 1575 1499 Romanowscher Staatskunst zu lösen, und hat
1606 1427 2546 1491 lers Drama „Freiwild" gegeben werde nach¬
1601 1468 2544 1527 dem es schon im Jahre 1898 im Buchhandel er¬
640 1468 1522 1561 ahnungslos, eine weltgeschichtliche Mission
637 1515 749 1573 füllt.
1608 1520 2551 1573 schienen und längst an anderen Ort gespielt
1596 1565 2544 1625 worden ist. Die Dichtung bekämpft in pelter
678 1544 1472 1635 In Zarskoje Selo erwartet Nikolaus
1599 1599 2541 1661 Richtung soziale Uebelstände, sie gleichsam unter
630 1604 1496 1680 energischen Onkel. Durch den Prunk seiner
1599 1656 2546 1704 einem Gesichtspunkte betrachtend oder doch mit
630 1668 1573 1740 mächer irrend, über Perlmutterböden, Malacht¬
1601 1694 2544 1747 einander in Parallele setzend. „Freiwild, das
630 1711 1568 1783 treppen, in Sälen, deren Wände aus köstlichen
1596 1723 2544 1792 ist die Schauspielerin, die sich darauf beschränken
628 1778 1568 1840 Kristall geschliffen blitzen, tief eingebettet im
1596 1783 2537 1835 will, ihren vertragsmäßigen Verpflichtungen zu
628 1816 1568 1888 übermütigen Pomp seines Hauses wartet Niko¬
1599 1821 2539 1885 genügen, und die schutzlos den Launen des Publi¬
1594 1864 2537 1921 kums und der Willkür eines Ungebührliches von
623 1871 1561 1942 laus. Wird, einsam, wieder von der Sentimen
1599 1904 2534 1966 ihr heischenden Direktors ausgesetzt ist. Und
620 1916 1563 1990 talität beschlichen, weint um das Blut, das ver¬
1587 1959 2532 2033 „Freiwild“ ist auch der Bürger, den ein unglück¬
625 1961 1561 2028 gossen ward, tröstet sich mit Heiligenbildern und
1594 2000 2537 2064 licher Zufall, den fremdes Verschulden in einen
623 2009 1558 2074 bebt, ob seine „Feinde bis hierher dringen
1594 2040 2537 2102 Konflikt mit einem Offizier gebracht hat und der
618 2064 2534 2152 werden, hat den Kartätschendonner vom Drei¬ sich weigert, sich den Bestimmungen eines Ehren¬
616 2100 2527 2195 königstag noch im Ohr und in den Nerven, und koder zu unterwerfen, deren Sinn, deren Billig¬
625 2164 2527 2229 während eine ganze Welt in diesen Tagen ent¬ keit, deren Berechtigung er nicht anzuerkennen
616 2217 1558 2276 täuscht, gespannt, hoffend und bestürzt das
1584 2214 2532 2281 vermag, der es ablehnt, die Ehre eines Offiziers,
1584 2262 2527 2331 die dieser selbst geschädigt hat, mit Einsetzung
618 2260 1558 2317 Antlitz dieses Zaren zu sehen erwartet, seine
1589 2303 2537 2360 seiner Persönlichkeit, mit Aufgabe seiner Grund¬
616 2312 1561 2372 eigene, wahre, wirkliche Wahrheit, wartet der
1594 2350 2529 2424 sätze wieder herzustellen. Die Schauspielerin, die
618 2350 1561 2420 Kaiser auf Onkel Vladimir, der die Wahrheit
1584 2403 2527 2460 glaubt, sie hat genug getan, wenn sie die Bestim¬
613 2393 1558 2467 bringen soll. Und Wladimir kommt, Wladimir
1584 2444 2520 2496 mungen ihres Vertrages erfüllt, und die sich
613 2453 2522 2544 bringt sie: „Eure Majestät! Petersburg ist ruhig, durch diesen Vertrag auch geschützt wähnt, wird
616 2503 2525 2594 Moskau ist ruhig. Ein paar Tote am Sonntag auf die Straße gesetzt, wird in ihrer Existenz ver¬
616 2563 1546 2618 Seither nichts. Die Ruhe ist wieder hergestellt.
1577 2580 2525 2637 nichtet. Der Bürger aber, der glaubt, es sei genug,
608 2608 1551 2673 Ein glückliches, beschwichtigtes Lächeln huscht über
1584 2613 2520 2675 wenn er die staatlichen Gesetze befolgt, und der
1577 2654 2556 2716 sich einbildet, die staatlichen Gesetze verleiben ihm
608 2649 1551 2730 Koljas bleiche Züge. Aber die ganze Wahrheit
1584 2706 2525 2763 auch hinreichenden Schutz gegen Vorurteile und
611 2696 1553 2775 hat ihm der Onkel doch nicht gemeldet: daß unter
1577 2751 2522 2813 Expressungen der Gesellschaft, wird straflos
611 2749 1546 2828 den Toten vom letzten Sonntag ein wichtige
1577 2787 2520 2854 niedergehauen oder niedergeschossen — oder er
608 2794 1556 2873 Mann sich befindet: der Zarl Daß der Zar diesen
1577 2832 2515 2902 kann wenigstens straflos niedergeschoffen werden
611 2852 1549 2911 Sonntag im Herzen des Russenvolkes gestorben,
1608 2887 2522 2966 — und das kommt ja für den Dichter und für
611 2902 2164 2985 hat seinem Neffen der Großfürst Wladimir ver- uns wohl auf dasselbe hinaus.
608 2952 1558 3021 schwiegen. Denn das weiß der Großfürst selbst
1618 2961 2515 3033 Schnitzler hat in diesem Drama nicht nur sein
604 3007 1549 3064 noch nicht. Und an Gavons Priesterworte glaubt
1577 3019 2513 3081 Kompositionstalent und seine dramatische Kraft
580 3038 902 3128 er wohl kaum.
1255 3047 1503 3126 Felix Salten.
1568 3052 2513 3157 betätigt, er hat auch seine freie, männliche, mutige
594 3121 1539 3248 Frauen nicht um ihre Männer, nicht einmal die
589 3217 1534 3298 Kinder um ihre Väter. Trepow wird das Werk,
577 3248 1534 3365 das am Sonntag begonnen ward, krönen. Wladi¬
1157 3329 1561 3424 hat endlich den
