3484 4384
879 194 1292 302 box 14/3
462 201 715 316 wild
181 212 406 319 8. F.
177 993 569 1087 chen Landtages,
191 993 2955 1129 pragmatische Sanction geradezu alberne Phraseologie, welche die Czechen über diesen dringendsten Interesse der Regierung gegen ist, der in he¬
1820 1083 2962 1146 schwüle Atmosphäre in Böhmen nicht noch durch eine
642 1097 1785 1160 ihren Lieblingsgegenstand sich gebildet haben, ist in die Adresse
174 1115 608 1167 mit dem schmetternden
174 1125 2966 1219 sie der Landtag auf dem übergegangen, und man kann kaum mehr ernst bleiben, wenn Adreß=Debatte erhitzen zu lassen, welche die denkbar
1816 1229 2959 1288 ist. Gleich hier finden wir einen ersten Fehler der Beweis¬
642 1243 1792 1309 Liebesjagdlaune, schnurrige Comödianten und Theatermädchen
181 1222 611 1320 Die glückliche Fran¬
1823 1278 2966 1347 führung. Dieser Paul Rönning wird von vorneherein als
653 1295 1781 1372 flattern in leichtem Schwarm über die Scene. Die hat ein
184 1299 608 1365 det sich auf Seite 21
1823 1323 2966 1389 der Sympathische angelegt, und wir sollen uns auf seine
653 1340 1785 1406 „Verhältniß mit dem, und so weiter. Der Director über¬
188 1347 608 1413 vorliegende Nummer
1816 1368 2966 1434 Seite begeben. Aber was stellt er eigentlich vor? Er ist ein
642 1389 1788 1452 blickt väterlich die Beziehungen, die sich schnell knüpfen und
174 1392 611 1452 Auß der Aufzeichnungen
1816 1420 2966 1483 reicher junger Mensch, hat künstlerische Neigungen und will
639 1434 1781 1504 lösen. Aber Eine will im allgemeinen Taumel nicht mit
177 1452 601 1528 herrn v. Pratobevera
1820 1462 2972 1528 vor Allem sein Leben auf das beste genießen. Wer sich in
646 1479 1781 1552 thun, das ist die Naive Anna Riedel. Es stellen ihrs¬
1833 1507 2969 1577 solcher Lage befindet, hat in der Wirklichkeit zunächst mehr
649 1531 1799 1601 ziemlich alle Herren nach, und sie bleibt sam. Sie ist
649 1559 2966 1642 zum Theater gegangen, um ihr Brot verdienen, die Anspruch auf unsern Neid, als auf unsere Theilnahme. Es
1827 1604 2972 1670 ist sehr angenehm, ein Sybarit sein zu können, aber der
170 1583 299 1691 du.
646 1618 1795 1691 höchst Naive, und will gerade nur ihr Brot, bedienen, nicht
1823 1649 2972 1722 Werth eines Menschen beginnt erst dort, wo er anderen
642 1670 1802 1729 mehr und nicht weniger. Das ist schwer. Hungern oder
1823 1698 2969 1764 Menschen nützlich wird oder dies wenigstens versucht. Wer
649 1708 1799 1781 Schwelgen, ein Drittes gibt es für junge Damen an diesem
174 1712 379 1809 Schnitzler.)
1823 1740 2972 1820 ist mehr Mann, Karinski oder Rönning? Zweifellos der
649 1764 1799 1827 Kunstinstitute nicht. Es ist sehr anziehend, zu sehen, wie sich
253 1761 629 1847 aber es wird nicht
1827 1792 2972 1868 wilde Lieutenant. Der Rock, den er trägt, bürgt dafür, daß
170 1816 1795 1875 wir schließlich aus dem alle Leute, Colleginnen und Collegen, der Director, der
1827 1840 2962 1910 er in jedem Augenblicke bereit ist, sich für allgemeine Inter
653 1854 1795 1920 Regisseur und nicht zum wenigsten die Zuschauer bemühen,
208 1879 625 1945 mitnehmen. Nun ist
1833 1889 2976 1955 essen umbringen zu lassen, und das versöhnt mit mancher
653 1906 1795 1972 die arme Kleine in ihren vorsintfluthlichen Grundsätzen
208 1927 629 1993 ein Stück etwas be¬
1823 1934 2976 2000 Uebelthat, die er sonst begehen mag. Hingegen ist Paul
642 1948 1799 2028 wankend zu machen. Selbst diejenigen, welche sich keine un¬
181 1976 622 2031 wie ein Advocat auf¬
1833 1983 2979 2049 Rönning nur behaglich, nur mit sich zufrieden, er dient
653 1997 1795 2066 mittelbare Befriedigung davon versprechen, daß die Naive
181 2018 632 2080 t sein mag. Doch wenn
1830 2038 2976 2104 lediglich seinen eigenen Genüssen, und von der Höhe an¬
653 2045 1799 2111 am Abendmal der Lebemänner theilnehme, arbeiten wie
188 2070 629 2136 muß der logische Bau
1833 2084 2983 2146 gesehen, ist er ein unnützeres Mitglied der Gesellschaft als
653 2090 1795 2153 Verschworene darauf los, daß sie falle. Laster w. Gesell¬
181 2115 622 2188 st sein. Die Sophisti
1830 2125 2979 2195 der zügellose Kriegsmann, obwol auch dieser keine Werthe schafft.
667 2143 1799 2219 schaft haben, die Tugend bleibt gern einsam. Oder gedeiht
188 2163 622 2233 na in der Regel lebt
1927 2177 2983 2247 Es begibt sich, daß der Lieutenant eine Wette eingeht,
191 2195 1354 2264 ten, als das Spiel mit die Tugend nur in der Einsamkeit?
1833 2222 2983 2292 Anna Riedel werde seiner Einladung zum Nachtmal folgen.
743 2222 1802 2309 Zwei Männer aber streiten, um das Mädchen; der
194 2257 625 2351 sem fortwährend mit¬
1833 2274 2986 2330 Damit ist natürlich etwas Aergeres gemeint. Er verliert die
660 2288 1809 2358 Eine will sie in Ehren gewinnen, der Andere seinen Spaß
1837 2320 2983 2379 Werte. Das Mädchen hat ihn abgewiesen. In seinem Grimm
656 2330 1799 2399 mit ihr haben. Dieser, der Lieutenant Karinski, ist ein
465 2323 625 2410 der Un¬
219 2334 406 2417 an welch
1833 2365 2986 2431 darüber hält er vor Rönning herausfordernde Reden, weil
656 2375 1806 2448 wilder Mensch. Er wird im Stück nicht übel mit den Worten
451 2399 629 2462 Geschichte
233 2396 396 2465 soll.
1833 2413 2983 2472 er dessen Neigung zu Anna eräth, und beschimpft sie endlich
660 2427 1809 2493 charakterisirt, daß er ein Soldat für den Krieg sei. Für
444 2448 622 2507 Bühnen¬
212 2448 379 2514 zwar be¬
1833 2462 2979 2521 in grober Weise. Rönning hat eine Weile an sich gehalten
660 2472 1806 2538 den Frieden taugt so Einer nicht, da sind seine Instincte
438 2493 632 2556 Schmiere,
208 2493 351 2552 eine be¬
1833 2504 2979 2573 dann reißt ihm die Geduld, und er schlägt den Lieutenant
660 2518 1802 2590 zu heftig und fügen sich nicht in den gelassenen und gesetz¬
427 2545 622 2601 ne Gegend
226 2545 337 2604 Wie
1840 2556 2983 2618 ins Gesicht. Karinski war in Uniform, jedoch ohne Säbel,
427 2566 1806 2650 its wieder lichen Lauf der Dinge. So Einer braucht Aufregungen
194 2584 330 2660 se Ding
1844 2611 2983 2670 sonst hätte er den Angreifer in der Ehrennothwehr nieder¬
420 2622 1809 2684 der Murger heißerer Art, den Ritt auf unbändigem Pferde, das ihn
194 2643 313 2719 er is
1833 2646 2993 2709 machen müssen. Zwei Officiere, Karinski's Freunde, schleppen
413 2663 1802 2733 Leben sieht abwerfen will, den Kampf bis aufs Messer um eine Dirne
188 2691 271 2761 me.
1840 2695 2986 2781 den Wüthenden sogleich weg, so daß er sich für die thätliche
656 2712 1802 2775 oder hohes Kartenspiel, in dem er Leben und Ehre wagt
399 2726 632 2802 Rausch und
184 2719 316 2802 u bie
1844 2743 2844 2823 Beleidigung nicht im selben Augenblicke rächen kann.
392 2757 1806 2834 als ob die Der Krieg braucht solche Gesellen, im Frieden rumoren sie
188 2785 299 2851 gen
2910 2764 2993 2847 die
1934 2792 2861 2858 Da die Zeit gegeben ist, in der das spielt
656 2806 1806 2875 nur schädlich und lästig herum, benehmen sich überall wie
399 2823 632 2900 Ferd plötz¬
194 2834 278 2889 Poldi
1847 2827 2993 2903 Gegenwart — so folgt jetzt wol ein Duell. Nein, es folgt
663 2847 1809 2917 in Feindesland. Das Mädel, auf das er Lust hat, gehöre
368 2858 642 2938 Werken nicht
194 2882 295 2945 in se¬
1830 2889 2993 2966 keines, und darin besteht das Stück. Paul Rönning weigert
667 2900 1813 2966 ihm, meint Karinski, der darin als ein rechter Wilddieb
337 2917 632 2990 ere Frage über
194 2934 288 2986 ne
1847 2941 2993 3004 sich, dem Lieutenant mit den Waffen Genugthuung zu geben.
323 2948 1813 3056 acht er sich sie vorgeht. Auf ein Mädchen vom Theater könne man doch
1840 2983 3000 3059 Er findet, daß er ihm keine schulde. Karinski habe sich wie
667 3000 1483 3091 ohneweiters Jagd machen, es sei Freiwild.
1844 3028 2997 3097 ein Bube benommen, er habe ihn daraufhin wie einen
754 3014 1813 3104 Dieses Mädchen hat nun zufällig einen Bertheidiger,
288 3045 635 3129 eren Ausgang des
281 3084 3000 3216 Lebemänner in der der Paul Rönning heißt und ein stilvergnügter Lebemann Buben gezüchtigt, und damit sei die Sache erledigt. Rönning
