3484 4384
217 170 447 268 8. F.
492 162 643 268 wi
915 147 1326 251 box 14/3
1688 41 2303 113 de
2456 41 3182 115 se an da an die
1686 98 3169 175 lung, der über das Duell genau die vorge¬ die Rolle einheitlich durch. Man glaubte
1692 141 3173 192 schrittenen Gedanken hegt, wie zweifellos im vollauf den Revolver=Schuß.
1679 181 3197 241 der größte Theil des Publikums, das seine Herr Faber gab den Rönning im Ganzen
1692 226 2413 270 tapferen und vernünftigen Worte gestern
2443 228 3178 281 mit gutem Gelingen, nur sollte er seiner
1683 260 2420 317 Abend oft stürmisch applaudirte. Rönning
2446 268 3173 323 Neigung zum Posiren mit unerbittlicher
1692 306 2426 358 geht sogar noch einen sehr beträchtlichen
2452 317 3190 366 Strenge entgegenarbeiten, sie verleiht seinen
1683 355 3180 407 Schritt weiter: er hält das Duell, soweit Charakteren etwas Eitles und Unaufrich¬
1683 392 2422 439 er selbst in Frage kommt, nicht allein für
2452 394 3186 451 tiges. Fräulein Braga fand für die brave
1688 428 2422 475 einen vollständig überwundenen Stand¬
2450 434 3184 502 A na die schlichten Töne und die überzeu¬
1688 472 2416 519 punkt, er zeigt auch den vollen Muth seiner
1692 483 3184 564 Meinung durch die That. Für seine Uebersende Herzenswärme. Ein guter, würde¬
2450 526 3186 573 voller Rohnstedt war Herr Senius und als
1692 555 2420 613 zeugung wird er das Opfer eines Mordes.
2450 560 3188 615 Wiener Gigerl, der aber für das Duel
2454 605 3190 664 schwärmt, brachte Herr von Seyfferlitz in
1799 592 2356 726 se
2448 651 3193 707 der Rolle des Poldi Greßlinger die Lacher
2450 688 3192 751 auf seine Seite. Eine treffliche Charge
2446 732 3190 787 war der Enderle des Herrn Hanno, voll
2441 773 3199 830 komischer Nuancen, und Frl. Estrée als
2450 815 3195 871 Pepi bot eine gute Studie einer kleinen
2450 856 3188 911 Schmieren=Soubrette. In den übrigen
2450 900 3188 956 Rollen sind noch Herr Ascher, Herr Heber
2443 943 3190 1024 als Dr. Wellner, Herr Horwitz und Herr
2443 988 2839 1047 Müller hervorzuheben.
2435 1011 3186 1096 Das Publikum nahm das Stück mit
2446 1071 3190 1128 großem Interesse entgegen, applaudirte
2443 1111 3190 1162 mehrfach sogar bei offener Scene und rief
2441 1152 3197 1222 die Darsteller nach allen Aktschlussen wie¬
2450 1200 2880 1252 derholt vor den Vorhang.
2480 1213 3195 1283 Heute gelangt als volksthümliche Vor¬
2452 1262 3188 1328 stellung das reizende Lustspiel „Mauer¬
2437 1311 3199 1388 brüchen von Blumenthal und Kadelburg
2452 1354 2744 1424 zur Aufführung.
1907 1673 2237 1762 Arthur Schnitzler.
1698 1726 2443 1809 Die Handlung ist in einen kleinen österrei¬
1701 1796 2456 1860 chischen Badeort verlegt, in dem sich eine
1698 1839 2443 1890 Garnison befindet. Ihre freie Zeit ver¬
1701 1875 2448 1928 bringen die jungen Officiers im Sommer¬
1703 1920 2448 1971 Theater, wo sie Liaisons mit den Schau¬
1707 1960 2445 2015 spielerinnen anknüpfen und in frivolen
1707 2001 2443 2048 Amusements Zeitvertreib suchen. An die¬
1703 2037 2443 2092 sem Theater ist auch Anna Riedel für das
1701 2079 2441 2143 Fach der Naiven engagirt, ein Mäde von
1709 2120 2437 2171 reinem Charakter und unbescholtenem Ruf.
1707 2164 2437 2214 Dieser für jene Verhältnisse etwas unge¬
1701 2201 2441 2273 wöhnliche Charakter macht Anna zur Ziel¬
1707 2248 2437 2297 scheibe aller Verleumdungen von Seiten
1713 2282 2441 2337 ihrer weniger spröden Kolleginnen und zum
1709 2330 2446 2373 Gegenstand eifrigster Nachstellungen von
1713 2365 2446 2420 Seiten des Oberlieutenants Karinski, der,
1707 2409 2443 2458 wie Schnitzler ihn selbst durch den Mund
1713 2452 2446 2505 seines Kameraden Rohnstedt charakterisiren
1709 2501 2445 2546 läßt, vielleicht ein Heros in einem großen
1707 2533 2443 2588 Kriege geworden wäre, dessen gefährliche
1707 2577 2443 2626 Eigenschaften der Müßiggang des Garni¬
1716 2618 2450 2665 sonlebens jedoch üping in's Kraut schießen
1713 2663 2443 2714 läßt. Anna Riedel besitzt in Paul Rön¬
1707 2695 2446 2746 ning einen Freund in der lautersten Bezie¬
1713 2741 2454 2794 hung des Wortes, einen Freund, der sie
1720 2782 2446 2860 schon zu Beginn der Handlung liebt, wenn
1707 2824 2309 2871 er es sich auch noch nicht eingesteht.
1749 2860 2448 2916 Karniski erhielt für eine zudringliche
1713 2895 2443 2952 Einladung zu einem Souper von der
1716 2948 2446 3003 Schauspielerin einen scharfen Refus, wo¬
1709 2984 2445 3037 rüber Rönning seine innere Genugthuung
1709 3035 2450 3076 durch ein Lächeln offenkundig zeigt. Dieses
1718 3065 2448 3126 Lächeln gefällt Karinski nicht, er beschwört
1709 3112 2454 3176 eine Scene, beschimpft das Mädchen und
1709 3152 2448 3207 erhält von Rönning einen Schlag in's Ge¬
1722 3190 2452 3250 sicht. Das ist der Schlußeffekt der meister¬
1718 3233 2446 3312 lich geführten Exposition, womit der erste
1718 3282 1930 3339 Akt schließt.
1760 3301 2458 3382 In diesen Kreisen wird ganz selbstver¬
1724 3344 2458 3414 ständlich von Allen angenommen, daß die
1716 3405 2462 3454 tödtliche Beleidigung nur durch Blut abge¬
1713 3435 2458 3493 waschen werden kann. Allein Rönning will
1720 3480 2452 3535 sich nicht duelliren, und alle Beredsamkeit
1730 3522 2460 3574 seiner Freunde Dr. Wellner und Poli
1722 3563 2458 3637 Greßlinger vermögen ihn von seinem
1724 3603 2463 3659 Standpunkt nicht abzubringen. Er hat
1718 3640 2454 3699 einem Elenden die verdiente Züchtigung er¬
1722 3686 2458 3737 theilt, warum soll er sich dafür todtschießen
1698 3727 2475 3822 lassen? Auch als Karistis Kamerad,
