3436 4224
245 145 500 239 8. Fr.
409 151 646 256 ei
949 130 1361 242 box 14/4
740 1030 1741 1132 Stadttheater. Es ist nun über zwanzig Jahre her, daß
626 1116 1744 1179 der Dichter des „Anatole mit dem Tendenzstück „Freiwild über¬
629 1163 1736 1222 raschte. „Freiwild war jeder Mann aus den Gesellschaftskreisen,
624 1212 1749 1276 welche sich die guten nannten, für irgend einen Bravo seiner
626 1257 1750 1324 Kaste, der in der Laune war, ihn zu beleidigen. Der Duell¬
626 1308 1745 1374 koder, der ebenso hoch über dem Strafgesetz stand wie über dem
626 1352 1756 1424 biblischen „Du solls nicht töten, verpflichtete den Beleidigten
635 1402 1744 1469 für die Büberei seines Widerparts sein Leben aufs Spiel zu
626 1447 1752 1518 setzen, wenn er nicht als verächtlicher Feigling gelten wollte.
632 1499 1747 1558 Die Arbeiterklasse ging diese Einrichtung nur mittelbar an:
637 1543 1745 1603 wegen der innewohnenden Unmoral und wegen der frechen
635 1603 1752 1658 Scheidung der Menschen in solche, die mit den Waffen Genug¬
635 1649 1750 1708 nung geben durften, und solche, die zu gering dazu waren.
635 1692 1752 1749 Denn satisfaktionsfähig waren nur die Offizierskaste und die¬
639 1738 1749 1809 jenigen Schichten, welche sie ihres Verkehrs würdigte, wie reiche
632 1786 1756 1855 Richtstuer, Adelige, Hochstapler und leider auch Akademiker¬
639 1830 1749 1900 satisfaktionsunfähig dagegen alle, die ihre Hände mit Arbeit
632 1880 1745 1947 befleckten. Für diese kam nur der Ehrennotwehrparagraph
635 1930 1752 1995 in Betracht, der den Offizieren erlaubte, ja gebot, wehrlose
635 1992 1752 2048 Menschen, von denen sie sich beleidigt glaubten, ohne
632 2025 1749 2087 weitere Förmlichkeiten niederzuhauen. Heute ist das alles
642 2075 1764 2140 ja Vergangenheit, freilich eine zu junge, noch zu
642 2125 1753 2176 lebendig in unserer Erinnerung haftende, als daß wir
639 2162 1753 2233 Schnitzlers Schauspiel so rein historisch betrachten könnten
642 2209 1749 2283 wie etwa Lenzens „Soldaten, die vor anderthalb Jahr¬
639 2264 1745 2331 hunderten die Gefährdung der bürgerlichen Moral durch das
632 2306 1756 2379 Offizierskorps schilderten. Immerhin tritt jetzt die Kendenz
632 2378 1758 2418 hinter dem rein menschlichen Inhalt des Stückes zurück. Wir
645 2400 1755 2481 sehen in Paul Rönning nicht so sehr das Sprachrohr des
639 2464 1752 2526 Dichters als den Menschen von Fleisch und Blut. Dem Stück,
645 2503 1760 2571 das ja, ein bei Tendenzdichtungen nicht seltener Fall, zu den
648 2559 1758 2621 schwächeren Werken Schnitzlers gehört, kam die Aufführung im
645 2609 1758 2678 Stadttheater wenig zu Hilfe. Philipp Zeska in der Haupt¬
637 2642 1781 2723 rolle war gut, doch hätte man gewünscht, daß er Rönnings Lebens¬
645 2687 1767 2768 gefühl und Selbstsicherheit klarer zum Ausdruck bringe. Pa¬
639 2762 1764 2813 Richter, der Rönnings Freund Dr. Wellner gab, betonte
640 2788 1760 2848 mit Recht den ehemaligen Couleurstudenten, hätte aber doch
645 2834 1756 2905 auch den Arzt durchschimmern lassen können. Die Anna Riedel
645 2887 1772 2949 The Rosenquists war allzusehr aufgescheuchtes Vöglein
646 2932 1756 3005 und man war erstaunt, vom Theaterdirektor, den Audwig
645 2977 1760 3038 Nerz nach guter Tradition gab, zu hören, daß sie auch recht
645 3029 1755 3105 temperamentvoll sein könne. Julius Strobis Karinski
654 3083 1756 3146 glaubte man weder den Hitzkopf noch den eingefleischten
648 3133 1760 3190 Offizier und Louis Böhm gab einen zappeligen Husaren¬
651 3176 1758 3244 leutnant, der gar nicht daran dachte, sich den Zivilisten überlegen
659 3221 1755 3315 zu fühlen. Anerkennend zu nennen wären noch Felix Norfolk,
1611 3271 1730 3349 A. b.
654 3272 1497 3354 Alexander Marich und Adrienne Geßner.
2125 290 2623 400 Theater.
1994 370 2876 453 Stadttheater. Gestern wurde Schnitt
1914 443 2881 492 Schauspiel „Freiwild", das einst zu jenen
1911 486 2879 539 Stücken gehörte, bei denen das Publikum über die
1908 529 2882 584 Kühnheit des Verfassers stante, neu inszeniert in
1911 576 2879 628 den Spielplan aufgenommen. Die recht sauber vor¬
1911 618 2879 678 bereitete Aufführung kann natürlich mit den
1911 664 2873 724 früheren Glanzbesetzungen nicht verglichen werden,
1914 710 2865 770 verfehlte aber nicht ihre Wirkung. Ein technischen
1914 757 2876 815 Fehler ist es, die weibliche Hauptrolle, die vom
1919 801 2866 857 Dichter als Naive bezeichnet wird, im Grunde
1911 848 2870 895 aber eine Sentimentale ist, von einer Naiven
1916 895 2874 949 spielen zu lassen. Die besten Sellen des Stückes
1916 938 2874 991 gingen dadurch verloren, nichts destoweniger ver¬
1905 982 2879 1038 dienen Fräulein Rosenquists Bemühungen
1914 1030 2873 1077 Anerkennung. Die Publikumswirkung des Schau¬
1914 1071 2865 1126 spieles war nicht allzu stürmisch. „Freiwild
1905 1112 2876 1171 macht heute ungefähr den Eindruck, als ob
1911 1155 2870 1238 jemand in einem Nachtlokal um 9 Uhr abends
1905 1202 2634 1279 sänge: „Weil i an alter Drahren bin!"
2749 1210 2843 1277 r. b.
1994 1291 2876 1363 Obligatorische Schülervorste
1908 1344 2874 1411 lungen im Komödienhaus. Ueber An¬
1905 1397 2876 1452 regung des Herrn Ernst Oesterreicher, Sekre¬
1888 1444 2873 1500 tär des Komödienhauses, finden gegenwärtig im
1877 1541 2175 1638 rogramm:
2242 1563 2873 1666 Künstlerkapelle Eduard Seidl
1886 1622 2175 1700 — Frieda u.
2236 1646 2876 1756 geunerkapelle Miskolcz y el
1903 1674 2169 1755 koma Salus
2220 1735 2890 1827 Aeren Berahtschaft
2156 1874 2668 1983 Neues 8 Uhr Blatt,
2336 1945 2492 2037 . .
2350 2041 2621 2165 539
1998 2503 2866 2596 Stadttheater. Artur Schniker Schau¬
1886 2562 2866 2631 spiel „Freiwild“ wurde gestern hervorgeholt.
1883 2614 2870 2663 Hier ist der Charakter des Dichters noch größer als
1886 2639 2863 2707 sein Talent. Es gehörte schon einiger Mannesmut
1878 2674 2871 2752 dazu, 1893 den k. k. Vorurteilen so unerbittlich zu
1878 2723 2862 2785 Leibe zu rücken und mit dem schwarz=gelb gestrichenen
1880 2763 3135 2893 ärarischen Ehrenloder anzubinden. Die Herren Strobl, 15000
1883 2793 2856 2865 Zeska und Nerz, sowie das bildhaft schöne
1874 2834 2856 2899 Fräulein Rosenquist nahmen sich ihrer Aufgaben
1874 2868 2859 2940 mit dem schätzbarsten Eifer an. Gleichwohl hielt sich
1875 2910 2859 2979 der Beifall in seinen Grenzen; er klang gar nicht be¬
1874 2948 2860 3015 sonders enthusiastisch. Die Türen, die hier eingerannt
1874 2980 2860 3046 werden, hat eben die Zeit längst aus den Angeln
1875 3016 2041 3077 gehoben.
2400 3018 3085 3135 ne le
