3436 4096
192 215 317 304 8.
458 200 698 310 wil-
891 177 1300 279 box 14/2
1168 1181 2053 1295 DAS NEUE RITTERDRAMA.
1581 1285 1660 1372 VON
1449 1372 1783 1441 ALFRED KERR.
966 1506 2384 1601 Das neue Ritterdrama birgt nicht, wie das alte, eine Sehnsucht nach der
856 1574 2385 1656 Wiederkehr vergangener Zeiten. Es zeigt die Ritter im Kampfe mit der Gegen¬
860 1618 2389 1687 wart; die Gegenwart im Kampfe mit den Rittern. Die Ritter haben keine Knappen
858 1662 2387 1739 mehr und sind nicht immer strahlende Gestalten. Sie sind oft lachhaft, oft be-
858 1710 2401 1793 dauernswert, oft auffallend rüde. Sie werden nicht am glänzenden Hofe des
856 1745 2395 1828 mächtigen Kaisers gezeigt, weil das, in Deutschland, die Censur verbieten
866 1791 2389 1883 würde. Es giebt keine Erstürmung von Burgen, aber Kapitulation von Ritter¬
866 1835 2395 1924 gütern. Das Gottesgericht hat die himmlisch inbrünstigen Formen abgelegt
870 1891 1935 1964 und den Inhalt wichtigen Schautentums angenommen.
977 1920 2397 1997 Das neue Ritterstück zeigt in seinen erschütterndsten und grössten Er¬
858 1976 2403 2037 scheinungen, nämlich bei August Strindberg, die tragischen Nachteile eines
870 2016 2401 2095 gewissen Ehrgefühls; des „Ehrgefühls, welches die höheren Klassen ererben
927 2062 2399 2132 von wo von der Barbarei, von der asiatischen Urheimat, von dem Ritter-
864 2099 2403 2180 tum des Mittelalters? — und welches sehr schön ist, jetzt aber unvorteilhaft
871 2147 2401 2226 für das Bestehen der Art.“ Jeder, der mit tiefem und weitem Blick sieht,
879 2195 2403 2268 wird am Rittertum die Merkmale des Untergangs heut als das Wesentliche
870 2228 2395 2322 sehen; er wird die ganze Bewegung erfassen, den Riesenprozess des Welt¬
868 2272 2403 2362 geschehens, der neue Werte und neue Menschen aus den Fluten gehoben hat
870 2326 2403 2403 und ihnen für eine gewisse Zeit die Kommandobrücke wie die Maschinenräume
870 2364 2401 2443 ausliefert. Er wird die Aussichtslosigkeit im Kampf der Ritter gegen diese Mächte
870 2407 2403 2476 zuerst erkennen und entweder Teilnahme bereit haben, wie Strindberg, oder
885 2451 2401 2532 Hohn, wie ein Plebejer, oder Gleichmut, wie ein Geschichtsbetrachter, für die
879 2491 2401 2576 Überbleibsel des alten Kriegeradels, „welcher jetzt vor dem neuen Nerven¬
875 2537 2407 2616 oder Grossgehirn-Adel untergeht.“ So ähnlich sah auch Jules Lemaître die
885 2591 2409 2661 Dinge, der als zart übliger Republikaner halb bedauernd, halb befriedigt ausruft:
875 2628 2401 2703 les rois s'en vont. Kleiner ist es für einen tragischen Dramatiker, die gelegent-
871 2674 2407 2749 lichen Unannehmlichkeiten mit tötlichem Ausgang vor allem wahrzunehmen,
879 2714 2409 2795 welche die Ritter vereinzelt der heutigen Menschheit bereiten können; ein
881 2761 2405 2841 Zustand, der mit dem grossen Ganzen der Entwicklung weit weniger zusammen-
875 2805 2414 2884 hängt als mit der zufälligen Haltung einiger Regierungen. Unter diesem kleineren
881 2861 2410 2930 Gesichtspunkte dürften Duelldramen entstehen. Immerhin auch sie können be¬
885 2893 2410 2970 deutungsvoll werden und tiefgreifend, wenn zwei ganze Menschen einander
885 2939 2414 3020 gegenübertreten, von denen der eine im Charakter für die Merkmale des
891 2970 2412 3059 Rittertums Wurzeln bietet, der andre in seinem Wesen die Züge des modernen
883 3024 2412 3111 Menschen begründet zeigt. „Freiwild“ von Arthur Schnitzler, diesem Dichter,
887 3070 2412 3138 welcher auf andrem Gebiete manches letzte Wort gesagt und manche letzte
889 3111 2424 3197 Empfindung geweckt hat, ist ganz zweifellos ein Duellstück. Es zeigt im
891 3165 2416 3234 ersten Akt den Anlass zu einer Forderung, im zweiten die Ablehnung dieser
885 3201 2424 3272 Forderung, im dritten die Folgen dieser Ablehnung. Hat er zwei ganze
891 3251 2420 3328 Menschen hingestellt? Hat er zwei Welten klar werden lassen? Ist er, über
891 3288 2420 3376 das zufällige, zeitliche Problem hinaus, zu ewigeren Dingen gelangt? Die
893 3345 1945 3432 Antwort, fiat justitia et pereat mundus, heisst: nein.
1008 3388 2428 3453 Den reinen Kunstwert eines Problemstücks abzuschätzen ist leicht. Man
891 3419 2422 3526 nimmt das Problem als gelöst an. Ein französisches Drama, siebziger Jahre,
