3344 4352
241 166 752 241 8. Freiwild
933 161 1336 257 box 14/5
1701 87 2680 143 handgreiflich versucht er, das unbescholtene
1707 135 2675 200 Mädchen zu entehren. Und als sie seinen Ver¬
1721 174 2680 253 führungsversuchen Festigkeit, seinen Gewalt¬
1715 224 2687 285 anwendungen Widerstand entgegensetzt, rächt sich
1712 278 2684 331 der energisch Zurückgewiesene, indem er das
1712 318 2682 387 Mädchen in einer Eingabe an die Polizei des
1715 371 2140 447 Diebstahls beschuldigt.
1828 420 2196 473 Und die Polizei
1825 439 2687 528 Ja, die Polizei hatte es sehr eilig. Sie ver¬
1721 505 2689 569 haftete ohneweiters die von ihrem Brodherrn des
1718 553 2695 625 Diebstahls beschuldigte Angestellte. Verhaftete sie
1715 602 2693 665 und behielt sie zwei Tage in Haft, trotzdem
1724 651 2689 723 Schodl, wie amtlich in der Anklageschrift des
1715 694 2692 752 Staatsanwaltes constatirt erscheint, nachdem sich
1721 742 2701 815 der Spieß gegen den verleumderischen Anzeiger
1730 799 2696 861 gekehrt hatte, in seiner Anzeige keinerlei Anhalts¬
1724 840 2701 897 punkte für deren Inhalt geben, und „man aus
1750 895 2697 950 einen Angaben nur schließen
1728 929 2695 990 konnte, daß die Anzeige höchst
1724 974 2701 1074 leichtfertig erstattet, oder aus der
1728 1025 2268 1096 Luft gegriffen sei.
1841 1049 2707 1143 Wie, man konnte aus der Anzeige Schools
1739 1111 2707 1193 gegen Anna Haraschin nichts Thatsächliches ent¬
1734 1155 2708 1226 nehmen, sondern nur schließen, daß sie höchst
1739 1219 2709 1277 leichtfertig erstattet, oder aus der Luft gegriffen
1749 1259 2707 1328 sei, und trotzdem zaudert die Polizei keinen
1739 1315 2709 1370 Augenblick, gegen den Ruf und die Ehre eines
1736 1360 2714 1413 unbescholtenen Mädchens einen Streich zu führen,
1739 1407 2722 1467 der vernichtend wirken kann!? Warum? Wäre
1739 1454 2716 1509 die Polizei auch dann mit sofortiger Verhaftung
1737 1502 2716 1563 vorgegangen, wenn beispielsweise die Cassierin
1749 1537 2719 1604 Anna Haraschin gegen ihren Brodherrn Schodl
1742 1599 2720 1654 eine gleich höchst leichtfertige Anzeige erstattet
1742 1635 2723 1709 hätte? Oder sind auch in den Augen der Polizei
1742 1683 2722 1755 weibliche Angestellte und deren Ehre Freiwild!
1864 1742 2722 1799 Sicher ist, daß — vom Urtheile ganz ab¬
1749 1782 2725 1858 gesehen — die Sittlichkeit und Unschuld der ver¬
1755 1825 2727 1901 leumdeten Cassierin sowohl aus der Untersuchung,
1753 1882 2733 1944 wie aus der öffentlichen Verhandlung glänzend
1753 1925 2725 1991 hervorgegangen sind, und daß diese Sittlichkeit und
1761 1989 2734 2042 Unschuld das arme Mädchen weder vor der Be¬
1755 2026 2732 2094 leidigung ihrer Frauenehre durch unsittliche An¬
1755 2072 2727 2136 träge, noch vor der Verleumdung ihrer bürger¬
1755 2109 2729 2180 lichen Ehre und nicht einmal vor der Gefährdung
1757 2177 2729 2238 ihres unbescholtenen Rufes durch eine schwer be¬
1757 2220 2734 2313 greifliche polizeiliche Verhaftung geschützt haben.
1866 2266 2266 2341 Woher rührt dies?
1874 2300 2739 2378 Das rührt von der niedrigen Taxirung der
1763 2368 2738 2424 weiblichen und bürgerlichen Ehre der Mädchen und
1771 2407 2732 2477 Frauen in abhängiger Stellung; eine Taxirung,
1766 2458 2743 2521 welche die Affaire Schodl, oder richtiger den Fall
1772 2497 2740 2571 Anna Haraschin, keineswegs als einen vereinzelten
1771 2557 2736 2625 erscheinen läßt, bei dem es sich um etwas Aus¬
1764 2594 2743 2664 nahmsweises handelt. Derartige Fälle ereignen sich
1772 2653 2736 2708 in verschiedenen Varianten alltäglich in Wien und
1771 2697 2738 2766 Oesterreich, und die Fülle diesbezüglichen Materials
1772 2743 2747 2816 könnte viele Bände statt eines einzigen Zeitungs¬
1780 2799 2066 2872 artikels füllen.
1885 2799 2751 2911 Gibt es nicht auch anderwärts, außerhalb
1771 2883 2453 2958 Oesterreichs, ähnliche Verhältnisse?
1885 2916 2747 2996 Gewiß! Ueberall, wo das Gesetz den Werth
1777 2975 2754 3046 der weiblichen Ehre so niedrig, wie bei uns, taxirt,
1787 3025 2749 3095 sind die weiblichen Angestellten Attentaten auf
1780 3069 2749 3143 ihre bürgerliche und Frauenehre ausgesetzt. Anders
1789 3116 2760 3187 aber stellt sich die Sache dort, wo das Gesetz den
1793 3185 2755 3240 Schutz der Weiblichkeit ernst nimmt. So in Eng¬
1783 3207 2763 3280 land, so vornehmlich in Nordamerika. Wenn in
1787 3259 2762 3332 Oesterreich ein Wüstling die Ehre, das Glück und
1788 3325 2766 3390 das Leben eines unbescholtenen Mädchens ver¬
1789 3352 2775 3432 nichtet, so erhält er nur dann Strafe, wenn er
1785 3400 2773 3511 sein sittliches Verbrechen unter dem nichteinge¬
