3484 4256
148 233 705 308 8. Freiwild
832 236 1237 333 box 14/4
682 971 1054 1068 Telefon 12801.
217 1075 1505 1163 Alex. Weigls Unternehmen für Zeitungs-Ausschnitte
1223 1137 1382 1197 Ausschnitt
557 1146 1160 1295 „OBSERVER
1255 1188 1502 1288 Nr. 34
157 1273 1565 1359 I. österr. behördl. conc. Bureau für Zeitungsberichte u. Personalnachrichten
337 1348 1401 1433 Wien, IX. Türkenstrasse 17.
546 1429 1190 1523 Filiale in Budapest: „Figel“
160 1496 1565 1584 Vertretungen in Berlin, Chicago, Genf, London, Newyork, Paris, Rom, Stockholm.
155 1625 647 1715 Ausschnitt aus:
721 1629 1310 1789 se rendre la de¬
166 1727 580 1863 vom 15190
539 2030 1488 2148 Schiller-Theater.
504 2096 1546 2194 Schnitzlers „Freiwild", das mit seinem starken Aufluge
323 2113 1542 2233 von haut-goût vor einigen Jahren das Stammpublikum des Deutschen
328 2189 1537 2275 Theaters entzückte, hat jetzt eine neue Stätte im Schillertheater ge¬
326 2223 1539 2319 funden, das sich damit immer weiter von seinem ursprünglichen
328 2261 1539 2349 Plane, dem Volke gesunde Kost zu bieten, entfernt. Diese auf
321 2316 1535 2383 „Freiwild“ (d. h. Theatermädchen), pürschenden Offiziere, die
319 2342 1537 2429 tugendsame Naive, ihr Tugendhold von Beschützer, der den sie frech
314 2378 1532 2469 verfolgenden Offizier züchtigt, aber jede Genugthuung verweigert und
314 2422 1542 2508 dann einfach niedergeschossen wird, sind so sehr nach der üblichen
319 2457 1533 2542 Schablone gezeichnet, und die Absicht, in tendenziöser Weise den
314 2494 1525 2586 Offiziersstand herabzusetzen, tritt so deutlich hervor, daß man wirklich
312 2534 1532 2626 nicht begreift, daß den Leuten diese theils gepfefferte, theils parfümirte
317 2571 1528 2663 Speise auf die Dauer nicht endlich zuwider wird. Die Darstellung
157 2561 275 2651 Für
314 2614 1533 2697 verstand es nur theilweise, diese rein auf den Kulisseneffekt berechneten
315 2660 1547 2727 Höhepunkte des Stückes zu mildern. Den bitterbösen Leutnant
310 2691 1530 2774 Karinski gab Hr. Gregori mit allen Mitteln seiner Kunst, als
310 2728 1523 2822 Schurken ohne jede Spur edleren Gefühls, Frl. Wulf gab die
301 2771 1530 2859 Tugendheldin Anna mit all der Natürlichkeit, die derartige Typen
303 2802 1516 2894 stets besitzen müssen, und ihr Liebhaber, der tugendboldige Maler,
164 2838 1510 2942 Abonn und in Hrn Päschke einen durchaus angemessenen Vertreter. In
164 2892 1516 2979 Abon den kleineren Rollen leisteten die Herren Pattegg, Patey,
298 2928 1406 3030 Schmasow, Kaiser, Frl. Ernst u. s. w. Ausgezeichnetes.
166 2984 1075 3061 Inhaltsangabe aber wenigen Men¬
174 3042 1565 3106 blätter (Tagesjournale ausser „Neue Freie Presse“ und „Wiener Zeitung“
169 3088 1574 3139 wodurch eine Uebersicht über das gesammte politische und wirthschaftliche Leben
173 3128 1577 3195 des In- und Auslandes in drastischer Kürze geboten wird. Diese Mittheilungen
174 3165 945 3224 werden in Wien um 9 Uhr Früh verschickt.
476 3236 1273 3319 Prospecte gratis und franco.
2101 1144 2718 1237 Vor den Coulissen.
1909 1198 2890 1269 Das „Schiller=Theater" führte seinem
1895 1251 2890 1308 Publikum gestern Abend zum ersten Male den Wiener
1900 1301 2890 1352 Schriftsteller Arthur Schnitzler vor — mit dem
1900 1334 2894 1389 reidetigen Schauspiel „Freiwild", das von seiner
1904 1380 2894 1431 Premiere am „Deutschen Theater“ her noch in bester
1904 1421 2898 1470 Erinnerung steht. Die Frische und Kraft, mit der
1891 1461 2896 1509 Schnitzler seine Stoffe anpackt und ausgestaltet, prägt
1896 1507 2898 1553 ich auch in diesem Werke, das einen Beitrag zum
1900 1547 2899 1602 Duellung bringt und die Frage des modernen oder
1895 1583 2898 1629 besser mittelalterlichen Ehrbegriffs behandelt. Der
1891 1622 2894 1674 Autor hat einen sicheren Blick für das Leben;
1715 1662 2899 1729 Für 50 Zaus ihm schöpft er seine Charaktere, und darum er¬
1895 1678 3046 1771 füllt sie alle auch volles, warm pulsirendes Leben, inclusive
1731 1725 1865 1801 „ 200
1895 1738 3019 1803 „Freiwild machte bei der gestrigen Wiederbelebung Porto.
1891 1785 3030 1851 einen starken Eindruck, an dem Schnitzler und seine Zahlbar
2920 1803 3061 1868 Voraus.
1731 1826 1865 1898 „ 1000
1896 1837 2892 1884 Interpreten gleichmäßig betheiligt waren. Den
1796 1870 2795 1921 Im Oberleutnant Karinski, der die allgemein
2912 1875 3086 1942 ist das
1676 1911 3093 1990 Abonnementtigen, ungeschriebenen Gesetze der Gesellschaft für es den
1676 1948 2896 2018 Abonnenten sich selbst nicht anerkennt, diese von höchster Bru¬
1891 1993 2896 2039 talität erfüllte Rowdienatur, deren versöhnender
1789 2006 2885 2089 Der Zug nur in der unendlichen Hingabe an ihren Beru¬
1685 2036 3079 2127 Inhaltsan liegt, spielte Herr Gregori mit ingrimmiger Veraltend die
2903 2101 3093 2152 organ¬
1683 2119 3056 2182 blatte bissenheit und einer kalten Energie, die der Wirkung Zeitung
1680 2157 3070 2219 wodurch einsicher sein durften. Herrn Paeschke hätte ich mir erleben
1683 2196 3079 2261 des In- unals Rönning etwas fester gewünscht; durch das allzu heilungen
1685 2238 2905 2284 werden in Weise Haushalten mit seinen schönen Mitteln er¬
1896 2275 2901 2325 reichte der junge Künstler nur, daß man ihm
1900 2319 2903 2367 sein mannhaftes Auftreten nicht recht glaubte, d. h.
1895 2358 2901 2408 daß man über dem Spiel nie die Wirklichkeit
1895 2402 2906 2448 vergaß. Fräulein Marianne Wulf zeigte als Anna
1891 2438 2908 2499 Riedel die ganze Gluth ihres durch echte Weiblich¬
1895 2485 2912 2533 keit gemilderten Temperaments und fesselte durch die
1904 2520 2912 2575 glückliche Auffassung ihrer Rolle. Der Oberleutnant
1889 2568 2922 2630 Rohnstedt, der in dem Stücke die Stimme der ge¬
1896 2605 2905 2674 funden Vernunft gegenüber dem Draufgängerthum
1895 2663 2899 2712 Karinskis repräsentirt, war bei Herrn Erich Kaiser
1895 2697 2906 2748 vortrefflich aufgehoben, und dem gutmüthig naiven
1891 2744 2898 2801 Husarenleutnant Vogel lieh Herr Patry mit aus¬
1895 2785 2903 2843 gezeichnetem Gelingen seine reife Kunst. Herr
1896 2816 2901 2869 Holthaus faßte den Dr. Wellner stellenweise
1895 2861 2901 2913 etwas zu pathetisch auf; eine prächtige Leista,
1896 2899 2899 2952 die bis auf das geringste Detail mit liebevollster Sa¬
1900 2945 2894 3002 falt ausgearbeitet war, bot dagegen Herr Pet¬
1895 2979 2908 3032 als Theaterdirector. Kleinere Aufgaben wurden von
1896 3021 2901 3072 den Damen Ernst und Storm und den Herren
1891 3063 2903 3109 Köslin, Zollin und Schmasow mit bemer¬
1896 3106 2908 3157 kenswerther Flottheit gelöst. Der Regie — wer sie
1896 3143 2901 3194 führte, verräth der Zettel nicht — gebührt ein beson¬
1900 3185 2903 3232 deres Lob für die vorzügliche Inscenirung der im
1891 3222 2903 3276 Kurgarten spielenden Acte, in denen die Bühne ein
1900 3268 2905 3312 treues Bild des Badelebens bot, bei denen aber die
1900 3303 2908 3356 Massen doch so geschickt und discret dirigirt wurden,
1900 3347 2905 3402 daß sie nie die Aufmerksamkeit von den Hauptvorgängen
2686 3386 2852 3453 N. W.
1891 3393 2087 3462 ablenkten.
