3392 4320
898 175 1304 279 box 14/4
628 190 730 262 1
385 178 522 263 re
197 194 522 299 8.
362 1258 1504 1371 wenig Nachsicht, doch auch ziemlich mat gezeichnet hat.
362 1350 1505 1422 die Soubrette und die Sentimentale, der Komiker, der im
362 1406 1511 1456 Leben natürlich melancholisch, der Heldenliebhaber, der ein
374 1455 1501 1517 fideles Huhn ist, der Kassier, der zur Abwechslung jüdelt,
368 1502 1512 1568 und der Regisseur, der ein armer, gedrückter Lohnsklave
374 1550 1509 1606 ist. Die Nebengestalten sind nicht sehr farbig, auch die
368 1601 1502 1665 Hauptpersonen sind, wie bei den meisten Dramen aus
359 1653 1509 1718 dieser frühen Epoche, keine Charaktere, sondern Träger einer
374 1702 1501 1765 Situation, Verkörperer einer Klasse, Illustrationen einer Idee.
456 1751 1501 1811 Aber diese Ideen sind die gleichen, die sich tief und
359 1795 1504 1854 wie Narben durch Schnitzlers ganzes Schaffen ziehen.
362 1844 1501 1909 Das Duellmotiv läßt kalt, obzwar ein scharfer Kopf uns
365 1896 1506 1951 zeigt, wie das Ueberspringenwollen eines Gliedes in einer
359 1948 1508 1998 Kette von Ursachen auf Umwegen zwar, aber doch zur un¬
359 1998 1496 2063 erbittlichen letzten Konsequenz führt. Näher berührt uns
362 2044 1506 2097 das verantwortungsvolle Mitleid, das auch aus diesem
362 2093 1505 2161 Werke schon für die Frauen spricht, denen ihr voller
362 2138 1504 2211 Anteil am Leben nicht wurde; für die armen kämpfenden
362 2191 1485 2240 Mädchen, die alles einsetzen sollen, um zu ein biß
361 2238 1506 2299 Glanz, ein bißchen Freude zu kommen. Es ist das Mit¬
356 2290 1505 2346 leid des Wohlhabenden, Gebildeten, Unabhängigen, sozial
362 2336 1506 2405 Geborgenen, für die Hilflosigkeit jener, denen alle Ressourcen
362 2391 1504 2451 fehlen, in denen nichts frei und groß werden konnte,
362 2432 1506 2491 nur die verhängnisvolle Empfindlichkeit des Gemüts.
359 2485 1512 2539 Wer Schnitzlers Lebenswerk kennt, wird in diesem Stück
359 2534 1504 2598 tausend Spuren und Ansätze zu finden wissen. Als Ein¬
362 2586 1504 2654 zelnes, Ganzes aber wirkt es nicht mit der überzeugenden
362 2634 936 2711 Wucht des wirklich Erlebten.
438 2656 1498 2760 Vielleicht hat den Entschluß des Ungarischen Theaters,
362 2738 1412 2799 diesen gleichsam historischen Schnitzler aufzuführen,
356 2790 1423 2843 Umstand beeinflußt, daß ihm für mehrere Rollen
365 2843 1501 2897 sonders geeignete Kräfte zur Verfügung standen. Als
359 2885 1414 2948 Anna gebütierte ein junges Fräulein, Martha Verö,
362 2931 1504 2990 Mädchen von kaum achtzehn Jahren, ein Geschöpf von
359 2987 1501 3052 der Wesensart der Varsanyi, nur weicher und ein wenig
359 3036 1351 3094 empfindsamer. Eine gute Bühnenerscheinung,
1402 3036 1504 3105 starke
359 3083 1407 3135 Augen und eine sehr warme, vibrierende Stimme
356 3135 1412 3193 ihre natürlichen Mittel. Eine prachtvolle Sicherheit,
356 3181 1505 3239 nur aus innerer Berufenheit hervorwächst, eine seltene
356 3232 1498 3286 Unmittelbarkeit des Empfindens und eine nahezu voll¬
362 3283 1501 3345 endete Sprachtechnik stempeln sie zur Künstlerin. Die
362 3332 1498 3385 Rolle der Anna bewegt sich ja in keiner sehr weiten Ge¬
368 3381 1502 3444 fühlsskala; auf ihre Verwandlungsfähigkeit wird die junge
365 3423 1504 3482 Schauspielerin also noch zu prüfen sein. In allem an¬
358 3474 1512 3555 deren aber wußte man schon heute: hier haben wir ein
1716 1208 1876 1271 ...
1544 1311 2678 1371 glänzendes Versprechen für die Zukunft und etwas,
1538 1354 2680 1412 dessen man sich jetzt schon herzlich freuen darf. Das
1552 1410 2674 1472 Publikum machte diesen Theaterabend zu einem Triumph
1548 1456 2677 1518 für die Debitantin. Sie wurde sehr oft, und oft allein,
1544 1506 2685 1567 hervorgerufen. Ein warmer Luftstrom der Sympathie
1560 1563 2681 1637 schlug ihr entgegen, der echte Talente doppelt gedeihen
1544 1600 1669 1673 macht.
1622 1624 2674 1718 Von den übrigen stand Herr Törgs wieder in
1547 1686 2681 1758 erster Reihe. Sein Paul Rönning war fein, überlegen,
1547 1751 2671 1806 klug und gut. Die Duelldebatte sprühte von Energie und
1552 1798 2682 1852 Laune, und die vertiefte Zartheit in der Szene mit
1550 1844 2677 1899 Anna im zweiten Akt weckte Applaus bei offener Szene.
1544 1896 2674 1955 Sehr verständnisvoll gab Herr Papp den Doktor, mit
1537 1939 2680 2007 drolliger Beschränktheit Herr Tarnai den goldenen
1547 1992 2682 2060 Jüngling Poldi. Herr Csortos als Karinski war
1547 2041 2681 2099 maßvoll und lebensecht, Herr Sebestyen (Rohn¬
1552 2093 2691 2146 stedt) sehr intelligent, aber ein wenig farblos. Herr
1547 2136 2677 2195 Z. Molnar (Leutnant Vogel) verdarb wenigstens
1538 2182 2682 2245 nichts. Leider kann man dies von Herrn Vago nicht
1547 2237 2677 2290 behaupten, der den Theaterdirektor spielte; er machte aus
1547 2287 2682 2337 dieser Charakterrolle einen Wurstel, und einen unan¬
1550 2337 2688 2396 genehmen dazu. Herr Vag war noch vor kurzer Zeit
1547 2380 2682 2437 ein ausgezeichneter Charakterspieler; seitdem er Komiker
1551 2434 2677 2491 sein will oder soll, versagt er. Auch Herr Kerteß
1547 2483 2674 2544 machte aus dem Heldenliebhaber einen Wurstel, aber
1544 2530 2674 2589 einen, über den man herzlich lachen mußte. Sehr brav
1547 2576 2677 2639 waren die Herren Kardos und Rethey, der eine
1538 2623 2677 2688 als eifersüchtiger Komiker, der andere als schüchterner
1538 2678 2682 2736 Regisseur. Die Damen Haraßty und Ronai, so¬
1547 2721 2677 2784 wie Herr Harmat der Kassier Kohn) waren nicht
1547 2774 2681 2832 ärger als ihre Rollen. Allerdings kann man sich vor¬
1552 2820 2677 2882 stellen, daß im Original das Wienerische mancher Rolle
1544 2876 2680 2928 aufhilft; damit kann die Uebersetzung, selbst wenn sie so
1544 2924 2674 2977 tüchtig ist wie die des Dr. Ernst Salgo, eben nicht
1544 2976 2674 3027 Schritt halten. Die Regie des Herrn Vajda hat uns
1544 3019 2355 3079 nicht gerade verblüfft; aber sie entsprach.
1622 3042 2677 3124 Es bedürfte eines ungewöhnlichen Maßes von
1538 3114 2677 3167 Scharfsinn, wollte man den Grad des heutigen Premieren¬
1538 3168 2677 3217 erfolges feststellen. Schnitzler hat hier so viele Bewunde¬
1544 3216 2678 3269 rer, daß ein warmes Interesse schon von vornherein da
1544 3269 2682 3326 war. Man ging auch willig auf jede Feinheit, auf jeden
1544 3313 2668 3372 Witz ein. Doch das letzte Urteil, nach den Aktschlüssen,
1547 3367 2671 3418 verklang unkontrollierbar in den lauten Beifallsstürmen,
1544 3413 2680 3483 die dem jungen Fräulein Verö immer wieder sagten, daß
1547 3464 2330 3543 man sich freute, sie gefunden zu haben.
2717 1236 3309 1343 Armee, damals un
2726 1311 3286 1383 unser Freund, zur
2730 1358 3328 1419 Feier eingeladen wor¬
2726 1407 3326 1479 Erinnerungen, die als Fak
2723 1459 3306 1527 nicht mehr aber als
2720 1511 3332 1593 keit zwischen den Völkern die
3144 1611 3336 1709 Oester¬
2996 1683 3338 1771 Gerüchte über
2904 1739 3335 1843 Telegramm des
2819 1824 3332 1919 Nach einer Meldung des
2723 1887 3339 1954 Rücktritt des Finanzministers R
2720 1944 3331 2015 definitiver zu betrachten.
2723 1994 3332 2056 man für die nächste Zeit auch
2720 2048 3331 2112 Handelsministers Dr. v. Schu
2723 2092 3336 2161 weder ein polnischer Parlamen
2720 2146 3334 2198 Beamter, der als Vertrauensme
2720 2196 3312 2270 trachten wäre, berufen werden
2891 2241 3339 2324 Die Konferenzen in der
2884 2300 3325 2392 (Telegramm des
2807 2383 3325 2480 Die Konferenzen be¬
2714 2447 3331 2524 klubs mit dem Minist.
2721 2504 3326 2569 heute beendet. Es handelte sich
2717 2553 3341 2619 zischen Landtages im Laufe des
2723 2610 3346 2677 Statthalter Ritter v. Koryto
2718 2661 3342 2733 gleichen Angelegenheit mit de
2717 2702 2940 2780 konferieren.
2852 2743 3336 2848 Dr. Kramar Vorsitzenden
2797 2848 3344 2927 In einer heute abgehaltene
2714 2904 3339 2983 Landtags= und Reichsratsab¬
2726 2968 3336 3029 freisinnigen Nationalpartei w
2717 3020 3342 3076 Dr. Kramar den Vorsi¬
2744 3069 3346 3127 chusse der Partei wiede
2717 3112 3345 3200 tion Dr. Kramar auch anna
3043 3171 3344 3250 Ein nationales
2878 3207 3329 3313 Telegramm des
2805 3296 3313 3401 Das „Grazer Tagblatt"
2721 3364 3342 3444 Gemeindeausschuß hatte die be¬
2711 3424 3335 3493 naa, Dante und Perrarka
2702 3480 3348 3545 ist nun ein Statthaltereierlaß zu
