3436 4064
233 144 353 229 8.
402 146 758 226 Freiwild
938 146 1340 248 box 14/3
1095 315 2102 428 gut wie immer, Herr Schmittlein weniger schlecht
2151 341 2417 437 In mehreren
1098 397 1370 457 als gewöhnlich.
2155 410 2411 477 Marseille, w
1967 424 2069 484 b. b.
1222 421 2094 528 Carl-Theater. Schnitzlers „Freiwild is
2156 463 2415 528 gehenden Al
1096 464 2100 577 Freitag erfolgreich gegeben worden. Literarisch gering¬
2151 508 2408 576 Bestimmunge
1096 541 2104 619 werthig, ist es doch ein sehr wirksames Bühnenstück. Wie
2140 552 2397 623 von Weizen,
1096 594 2102 676 in Herzl's „Das neue Ghetto", klingt die Handlung auch hier
2149 601 2413 672 zum Ausdru¬
1089 636 2096 725 in einen Ehrenhandel aus. Der geohrfeigte Officier tödtet
2240 656 2406 718 Londo
1085 690 2091 781 den Beleidiger im Duell. Herzlis Officier wird aus con¬
2140 694 2397 769 wärtige Amt
1093 730 2093 810 fessionellen Gründen geohrfeigt und der Schnitzlerische wegen
2133 749 2408 820 daß die aufs
1085 783 2080 865 einer Frau. Der Officier hält die Theaterdamen für Frei
2142 798 2406 865 Fort Lubwa
1080 838 2087 923 wild, deren Ehre man ungestraft verletzen darf. Ein kräftigen
2142 845 2379 909 Streitkräfte
1084 880 2087 967 Dialog und eine spannend geführte Handlung entschieden
2133 885 2391 956 Booten über
1085 932 2087 1011 zu Gunsten des Autors, der warm acclamirt wurde. Er
2127 940 2402 1014 geschafft habe
1076 980 2084 1056 fand gute Interpreten in Herrn Reisch, dem Specialisten
2127 989 2402 1058 Mann, zwei,
1085 1027 2080 1118 für Officierstypen, Herrn Klein, Tewele und Korff.
2131 1038 2399 1109 abmarschirt,
1075 1076 2078 1151 Auch Fräulein Sangora gefiel. Fräulein Glümer
2133 1089 2404 1167 Nil zu übers.
1071 1122 2071 1209 trägt zu stark auf. Das thut man im Allgemeinen sehr
2216 1136 2408 1204 London
1076 1182 2078 1277 gerne im Carl-Theater. Und nicht zum Nutzen der Stücke
2120 1182 2402 1251 aus Pratoria
2116 1228 2408 1297 obersten Gerich
1940 1248 2040 1304 b. b.
1160 1244 2063 1359 Theater in der Josefstadt. „Aschermittwoch
2118 1280 2406 1348 an den Präsi¬
2111 1322 2379 1404 das Ueberein¬
1062 1317 2065 1415 am Alter und Kurs de la Renat den
1018 1832 1228 1898 Seite 2
2355 1834 2450 1920 So
1448 1832 1781 1932 Wien Montag
2167 1934 2444 2016 sogar recht hüb
1401 1960 1723 2060 Theater.
2171 2000 2435 2053 Bisgurn ein w.
2165 2042 2439 2094 ehemaliger Cav
1364 2040 1750 2129 Carl-Theater.
2165 2082 2439 2133 Stücke eine re¬
1091 2118 2430 2171 H—e. „Freiwild" — ein kurzweiliger Titel für ein lang seinen lieblichen
2165 2158 2428 2211 nummern fand
967 2149 2135 2211 weiliges Stück. Jetzt, nachdem wir die Schnitzlerische Komödi
971 2198 2411 2257 gesehen, begreifen wir, daß sich unsere Bühnenleiter nicht beeilt neue Operette
971 2236 2426 2289 haben, sie aufzuführen. Der ganze zweite Act des dreiactigen Stückes Die Vorstellun
971 2275 2420 2320 besteht aus langwierigen Abhandlungen über die Duellfrage. Es ist war glänzend
967 2318 2433 2380 an den Behauptungen für und wider manches Wahre und Treffende fasserin nach
971 2360 2138 2411 aber das ist kein Theaterstück. Der erste Art führt uns das Leben
971 2404 2144 2448 und Treiben einer Theater=Schmiere in einem kleinen Badeorte vor;
974 2439 2144 2490 das „Freiwild“ sind die jungen Schauspielerinnen, auf die Jeder
967 2479 2140 2526 glaubt Jagd machen zu können. Nicht übel, aber doch nicht hin¬
2171 2471 2420 2555 hatte am Ma¬
963 2522 2136 2570 reichend witzig und lustig und der letzte Act bringt uns den tragischer
2171 2537 2408 2592 haftes. Public
965 2555 2138 2604 Abschluß, indem der wegen übler Nachrede über eine Schauspielerin
2167 2579 2411 2632 dem Einacter
967 2597 2140 2648 von dem Maler Röning, der das Mädchen liebt, gezüchtigte Officier
2171 2615 2411 2674 besonders aus
974 2635 2138 2686 den Maler, welcher die geforderte Genugthuung verweigert, auf der
2165 2655 2419 2710 Rederei, die
974 2674 1319 2739 Straße niederschießt.
2167 2695 2408 2748 dreht, die nich
1069 2701 2135 2756 Unwillkürlich nimmt man für den Officier Partei. Der Maler
2162 2734 2400 2790 wegen geliebt
967 2746 2415 2819 welcher demselben öffentlich einen Schlag versetzt und ihm dann die ihr zu Gesicht
974 2796 2135 2847 ritterliche Genugthuung verweigert, hat nicht unsere Sympathie
2175 2808 2410 2868 scheinung und
971 2834 2138 2878 Wenn er das Duell auch nicht aus Feigheit, sondern aus „Grund¬
2167 2848 2408 2901 ihrer Rolle
974 2870 2406 2934 satz" ablehnt, so wird man doch bei der hartnäckigen Weigerung des ist ein glatter
967 2910 2140 2954 Malers, sein Leben einzusetzen, ein unbehagliches Gefühl nicht los
2165 2932 2410 2981 einactigen Lu¬
967 2949 2140 2994 Röning mußte doch wissen, daß sich ein Officier nicht schlagen lassen
2169 2969 2408 3023 Schratt du
967 2985 2140 3031 darf und eine Herausforderung die unvermeidliche Folge einer solchen
2165 3009 2408 3067 Hartman
967 3025 2136 3071 Züchtigung sei. Aber zuhauen und dann sagen: „Ich schlage mich
2280 3049 2411 3096 In de
967 3063 2140 3114 grundsätzlich nicht — das geht nach unseren Ehrbegriffen absolut
2165 3072 2406 3136 Fräulein Sch
960 3103 2124 3149 nicht. Diese Ehrbegriffe mögen vielleicht vor der „reinen Vernunft
967 3122 2404 3189 nicht Stand halten, aber jetzt beherrschen sie unsere Anschauungen reiche in
2165 3164 2400 3218 gefallen. Zun
965 3184 2122 3233 noch und ihre Macht wird Jeder zu fühlen bekommen, der sich dar
2158 3202 2400 3249 dete Köchi
960 3215 1359 3286 über hinwegsetzen will.
1082 3242 2406 3304 Es war keine glückliche Idee des Autors, ein Theaterstück um in die he¬
2158 3276 2406 3346 großen Luxus
960 3276 2133 3342 darüber zu schreiben. Daß Herrn Schnitzler nichts anderes, als ein
967 3337 2131 3384 so trockenes, undramatisches Thema eingefallen ist, das zeigt nich
960 3377 2124 3428 von großer Erfindungsgabe und auch die in das Stück hineinge
2165 3347 2400 3448 Eine Ge¬
967 3418 2140 3466 zogene Theaterwirthschaft ist ein leider gar zu abgedroschenes Sujet.
2162 3422 2397 3490 kann man
967 3455 2140 3499 Unsere dramatischen Dichter verstehen es nicht, ins volle Menschen¬
963 3477 2397 3564 leben hineinzugreifen und der Gesellschaft einen Spiegel vorzuhalten, Dienstag
971 3530 1492 3593 in dem sie sich beschauen kann.
2158 3526 2395 3590 cums in de
1076 3561 2397 3633 Die Aufführung war sehr gut und macht dem Carl-Theater theaters sta¬
962 3604 2138 3653 Ehre. Für solche Rollen paßt Herr Klein. Nur feurige Liebhaber
2165 3622 2397 3686 Mühe hatte
960 3642 2138 3693 darf er nicht spielen. Herr Tewele schlug aus der kleinen Partie
2162 3673 2393 3735 zufinden, v.
960 3686 2133 3728 des Theaterdirectors das möglichste komische Capital heraus. Und
967 3721 2364 3779 auch die Anderen machten alle ihre Sache vortrefflich, namentlich Einladung
960 3765 2116 3810 die Herren Reusch und Korff. Aber Zugstück wird „Freiwild
2158 3772 2393 3830 oder in der
971 3803 2131 3854 keines werden. Gegen „Liebelei“ ist dieses Schauspiel kein Fortschritt
2162 3816 2382 3885 besaß. Und
962 3837 1242 3912 Im Gegentheil.
2155 3863 2388 3932 hatte, wie
2156 3916 2379 3978 mußte man
1231 3896 1887 3989 Deutsches Volkstheater.
1085 3963 2368 4038 Wir sind in Wien nicht geduldig und phlegmatisch genug, um schreiberin
