3436 4448
350 0 960 65 e
156 47 233 112 hi¬
270 52 1242 104 jungczechischen Parteileitung, heißt es
1271 62 2241 119 las eine Anekdote „Die schöne Frau“. Es ist ein per¬
270 99 1242 153 der betreffende Staatsmann gebe sich einer verhängniß¬
156 101 239 153 eine
1274 104 2241 166 sönliches Erlebniß. Der Mann einer reizenden Frau, die
259 135 1240 205 vollen Täuschung hin, wenn er glaubt, daß eine Sprachen¬
1268 153 2244 215 es nirgends aushält, wo sie nicht bewundert wird, dingt
262 179 2244 252 verordnung, deren Zweck es wäre, die Czechen zu be¬ in Schliersee einen Bewunderer gegen Barzahlung.
275 223 2238 293 friedigen, lediglich den äußeren Verkehr berühren Um die Komik der an Drolerien reichen Humoreske zu
158 236 2238 340 eren würde, ohne den inneren zu alteriren. Es sei unwahr, erhöhen, ist der Bewunderer ein — Meßner! Von der
265 301 2241 379 daß eine Sprachen verordnung, geschweige denn eine so ersten bis zur letzten Zeile währte die Heiterkeit im
265 350 1242 402 magere, die einzige Bedingung für irgend ein Ab¬
1274 355 2238 415 Saale, zumal Bahr der beste Vorleser ist, dem
161 392 2246 451 als kommen zwischen den Czechen und der Regierung abgeben wir jemals begegneten. Das macht ihm kein Schau¬
275 433 1235 485 könnte. Welche Bedingungen erfüllt werden müßten, dami
1274 436 2238 490 spieler nach. Er sollte dem Bonn die Rolle
265 472 1237 524 in der czechischen Politik eine Wendung eintrete, darüber
1263 480 2238 545 in „Tschapel wegnehmen und sie selber spielen. Wir
262 516 1235 589 sei mit den czechischen Abgeordneten überhaupt nicht ver
1263 516 2241 581 kennen auch keinen Volkstribun, der so zu wirken ver¬
262 552 547 628 handelt worden.
1274 560 2241 617 stünde, zumal Bahr aus der Wiener Mundart ungeahnte
371 571 1232 651 Berlin, 29. März. (Privat=Depesche,
1274 607 2244 667 Effecte zu gewinnen versteht. Wir fürchten, er wird noch
270 638 1237 695 Nach einer Pariser Privatmeldung wurde gelegentlich
1266 641 2244 703 im Parlamente enden. Der Erfolg läßt sich nicht beschreiben.
265 682 1237 737 Nansen's Pariser Aufenthaltes die Gründung eine
1266 693 2241 744 Die Leute eilten zur Estrade und drückten Bahr die Hand.
262 729 2238 788 internationalen Clubs für Nordpolforschung beschlossen. Trotzdem die Vorlesung bis 10 Uhr dauerte, zeigte das
262 773 1237 820 Nansen, der den Plan dazu fertig aus London mit
1266 773 2244 827 Publicum keine Ermüdung. Die Locken von Schnitzler
259 814 1237 869 brachte, wird Director des Institutes. Zur praktischen Durch¬
1266 814 2238 872 und Bahr waren sogar bis 10 Uhr bewundert und
272 856 2236 921 führung der im Institut vorgenommenen wissenschaftlichen begehrt. Und wenn sie noch nicht abgeschnitten sind, so
265 892 1618 957 Resultate soll eine Flottille von sechs bis acht Rund¬ leben sie noch heute.
272 939 1235 993 schiffen nach Muster der „Fram" gebaut und aus
1375 910 2244 1012 Im Carltheater beginnen von Donners¬
262 988 2244 1061 gerüstet werden. Die Betheiligung von englischen und tag, den 1. April angefangen die Vorstellungen um
1268 1025 1564 1089 halb 8 Uhr.
270 1027 1240 1079 französischen Finanzhäusern ist gesichert. Vorläufig seien
1367 1058 2241 1115 * Aus Carlsruhe wird uns telegraphirt:
272 1066 1245 1118 fünf Millionen Francs zur Verfügung gestellt. Auch von
1268 1089 2244 1152 Gestern wurde Freifrau Marie v. Glaubitz=Alton¬
265 1105 1240 1157 Berlin und Petersburg werde eine rege Be¬
1274 1144 2244 1191 gel beerdigt, die, eine geborene Wienerin, als Fräulein
270 1152 1235 1222 theiligung erwartet. Der Centralsitz des Unternehmens sol
1279 1178 2246 1229 Für die erste tragische Liebhaberin der Carlsruher
262 1191 628 1253 vorläufig Paris sein.
1268 1219 1598 1286 Hofbühnte gewesen.
371 1224 1237 1294 Budapest, 29. März. (Privat=Telegramm.
267 1263 1242 1328 Die Generalversammlung der ungarischen Credit¬
262 1320 1237 1367 bank setzte eine Dividende von 21 fl. fest und beschloß
265 1346 1416 1411 den Emissionswerth der neuen 50.000 Stück Actien mit Situati
1263 1401 1411 1452 Abreise
265 1398 1092 1471 525 fl. und mit 200 fl. Nominale zu bestimmen.
1258 1437 1421 1486 die Aeut
1261 1476 1419 1541 Krieg
563 1458 970 1546 Theaterzeitung.
1266 1517 1427 1567 tion zu
376 1489 1432 1598 Jung Wien bei Bösendorfer. Unter diesem stärker he
272 1574 1427 1637 Schlagworte wurde die gestrige Vorlesung angekündigt sehr sch¬
270 1618 1429 1676 Es war Jung=Wien, gemischt mit Jung=Berlin, denn zu Thronred
262 1657 1408 1707 den hierorts gemeldeten Schriftstellern Hermann Bahr, sich in
272 1696 1416 1777 Hugo v. Hofmannsthal und Arthur Schnitzler Valuten
265 1751 1240 1805 gesellte sich Georg Hirschfeld, der in Berlin zu
1268 1766 1429 1823 394.— bi
257 1797 1429 1860 Hause ist. Die geistreiche Frau eines berühmten Anatomen Länderba
262 1831 1432 1912 kam auf die gute Idee, die vier Parnaßgänger für einen Staatsba
262 1880 1248 1930 wohlthätigen Zweck als Vorleser zu gewinnen. Ein zahl¬
1274 1888 1385 1935 82.—,
262 1922 1240 1974 reiches Publicum strömte herbei, doch fehlten merk¬
1274 1909 1434 1984 Buschtieh¬
1268 1963 1414 2026 Montan
262 1961 1235 2010 würdigerweise die theuren Häupter des literarischen Wien
1268 2000 1370 2046 Rente
265 2002 1240 2057 die den Bestrebungen unserer begabten Jugend denn doch mehr
262 2026 1434 2088 Aufmerksamkeit zuwenden sollten. Die Mehrzahl der Besucher ungarische
1268 2078 1427 2119 98.50, T
259 2078 1434 2168 bestand aus schönen Frauen und Mädchen, die mit Wonne ich
270 2129 1240 2202 am Rande des Arthur Schnitzler wandelten. Man sah
272 2171 1240 2231 sogar einige unerschrockene Damen, die auf den
1268 2155 1440 2246 Fredit 80
265 2212 1235 2264 äußersten Hermann Bahr gefaßt waren. Die Vor¬
1263 2223 1445 2285 Bankverei.
259 2254 1393 2301 lesung begann mit dem Dichter der „Mütter" und endete 437.—.
265 2282 1442 2345 mit dem Verfasser der „Mutter". Der sympathische Georg thalbahn;
265 2340 1421 2384 Hirschfeld las eine hübsche Erzählung „Bei Beiden" 80.50,
1263 2358 1450 2443 mark 68.7.
262 2381 1235 2433 so zaghaft und schüchtern, daß wir ihn kaum verstanden
262 2430 1237 2474 Es war uns, als hielte er ein Buch mit sieben Siegeln
259 2443 1450 2516 in der Hand. Das Publicum ließ es sich indeß nicht Der dies
1266 2506 1427 2560 flusse der
257 2508 1235 2565 nehmen, den beliebten Dichter durch Beifall auszuzeichnen
1263 2542 1445 2594 liche Arti
259 2555 1235 2604 Nun setzte sich Hugo von Hofmannsthal an der
1258 2581 1447 2627 1000 Me¬
252 2596 1240 2648 Lesetisch. Wir verstanden Hirschfeld nicht, weil er schlecht
1268 2614 1440 2685 1000 Met
265 2640 1237 2687 las; werden wir Hofmannsthal verstehen, wenn er gut
257 2679 1235 2729 liest: Der vielbelobte Poet, den sie an das Talent des
1263 2677 1447 2744 76 kr., M.
259 2721 1235 2778 modernen Oesterreich preisen, war so gescheidt
1263 2736 1437 2791 Herbstweiz
265 2770 1442 2822 eine Dichtung aus der Zeit seiner Anfänge roggen 6
259 2804 1437 2848 vorzutragen, als er noch nicht zum Dichterfürsten des Roggen
265 2848 1447 2895 hiesigen Platzes gesalbölt worden. „Der Thor und der 5 kr. bis
1261 2887 1437 2936 8 fl. 78
262 2889 1235 2941 Tod“ ist ein dramatisches Gedicht voll schönen
1261 2918 1440 2972 98 kr., F.
259 2934 1232 2983 Gedanken und herber Weisheit. Der Thor mus
1261 2959 1440 3011 August=See
262 2975 1237 3032 seine Rechnung mit dem Himmel machen, aber er ist
1261 2998 1445 3058 April=Mai
265 3019 1237 3074 schließlich mit der Bilanz des Todes nicht unzufrieden
252 3063 1232 3112 und stirbt mit so formvollendeten Versen auf den Lippen
254 3089 1445 3149 daß er die Achtung und Bewunderung des Thanatos österreichi¬
1261 3138 1452 3201 85 Percen:
254 3141 1232 3193 in's Grab mitnehmen darf. Stürmischer Beifall lohnt
265 3188 1235 3240 den Dichter, von dessen Liedermund die Verse hell er¬
1266 3203 1445 3271 dieses Jah
259 3229 1237 3278 klangen. Das Publicum freute sich kindisch, Hofmannsthal
1263 3250 1447 3302 945 fl.) in
252 3276 1229 3328 zu verstehen. Es hörte von Todten, die nicht entgleiten
1266 3294 1442 3367 gegen 1,14
259 3312 1235 3369 von einer alten Frau, die ohne Essig nud Salböl zubereite
252 3359 1240 3411 ist, und vernahm klingende Worte, die man auch beim
1266 3349 1450 3424 13. Woche
270 3395 1149 3470 „Schwarzen Adler“, beim „Silbernen Pfau"
1263 3406 1450 3457 (Minus 20
239 3444 1458 3509 beim „Goldenen Lamm" mehr oder minder zu 187.721 fl.
376 3561 760 3769 the
