3436 4224
902 211 1306 311 box 14/4
202 209 733 341 8. Freiwild
901 1198 1043 1279 10
853 1320 1510 1401 cage, Genf, London, New-York,
612 1356 1503 1459 sund, Backholm, Christiania, Nr. Redner,
693 1438 1225 1513 (Quellenangabe ohne Gewähr.)
409 1521 856 1610 Ausschnitt aus:
844 1525 1628 1654 Berliner Local Anzeiger
418 1618 836 1697 von: 29 1 1905
553 1837 1421 1933 er, M. Januar, 11 Uhr 15 Min. nacht.
581 1885 1422 1981 grunseres na-Korrespondenten.)
532 1933 1406 2012 Im Deutschen Volkstheater wurde Arthur Schnitz¬
538 1951 1434 2054 lers „Freiwild“ zum ersten Male gegeben. Es
535 2000 1421 2082 hatte starken Beifall, der bei dem Erscheinen des
541 2040 1419 2139 Dichters und an mehreren gegen das Duer ge¬
530 2078 1419 2185 richteten Stellen geradezu demonstratio wurde.
2158 314 2819 436 UBSERVER
2157 397 3007 518 on. Bureau für Leitungsberichten Personalrechte
2037 475 2825 583 en. I., Concordiaplatz 4.
2326 560 2589 629 Vertretungen
1906 603 2985 678 in Berlin, Budapest, Chicago, Genf, London, New-York,
1908 647 2979 724 Paris, Rom, Mailand, Stokholm, Christiania, Ct. Petersburg.
2179 695 2716 775 (Quellenangabe ohne Gewähr.)
1897 777 2293 859 Ausschnit au
2312 792 2988 941 Montagspresse, Wien
2148 842 2278 911 62
1900 895 2066 950 vom
2294 998 2578 1098 Theater.
1963 1073 3032 1150 (Deutsches Volkstheater.) Zum erstenmale: „Frei¬
1840 1131 3028 1219 wild“, Schauspiel in drei Aufzügen von Arthur Schnitz¬
1837 1191 3025 1267 ler. Gewiß, an großer Theaterkunst und in dem spä¬
1840 1240 3026 1322 teren Schnitzler selbst gemessen, ein im Kern schwäch¬
1834 1282 3025 1359 liches Stück. Der erste Akt, beinahe nur von Episoden
1833 1341 3025 1409 belebt, einem Schlage zustrebend; der mittlere Akt, die
1840 1380 3019 1453 Probe des eigentlich dramatischen Gefühls, wie so oft
1833 1431 3022 1515 bei dem jungen Schnitzler, wie im „Märchen“, selbst der
1827 1476 3007 1558 „Liebelei", sogar noch im „Vermächtnis, durchaus Dia¬
1828 1530 3016 1615 lektik, freilich durch kluge Mittel gesteigert, scheinlebendig
1828 1588 3008 1667 gemacht; der dritte Akt erzeugt eigentlich kaum mehr dra¬
1830 1634 3011 1706 matische, nur mehr Nerven=Spannung vor einem erwar¬
1827 1676 3008 1754 teten Knail. Das Ganze gewiß gedankenmäßig geboren,
1825 1719 3011 1804 im Charakteristischen oft schattenhaft und im Gedanklichen
1834 1767 3010 1848 selbst nicht ohne Einwand. Der schwächliche Kern scheut
1828 1822 3001 1905 eben dieses allzu Analytische des „Helden", der keiner
1827 1873 2999 1951 ist. Die Trotzigen, selbst in einen Irrtum Verbohrten,
1834 1913 3007 2014 sind, wie alle falsch Strebenden, die eigentlich dramatischen
1830 1966 3002 2040 Figuren, aber diese müssen aus einem Gefühl irren,
1825 2012 2999 2096 stärker denn jede Vernunft, nicht aus vernünftiger Ueber¬
1813 2067 3005 2145 legung und allerlei Vernünfteleien; darum wird man bei
1821 2129 2996 2191 „Michael Kohlhaas" und dem „Erbförster", die zunächst
1821 2161 3005 2232 zu unserem Empfinden sprechen, nie an das Närrische
1815 2214 2996 2299 ihres Steifsinns denken; bei dem Zivilisten Schnitzlers,
1813 2259 2995 2323 der jenes Duell, das er hervorrufen mußte und wohl ver¬
1812 2320 2993 2390 meiden konnte, verweigert, denkt man öfters daran und
1821 2433 3007 2498 mit diesem Denken schwankt bereits das Problem. Dieses
1830 2484 3005 2541 Problem selbst, flüchtig wie alle Fragen gesellschaftlicher
1827 2533 3008 2595 Schätzung, die eine Generation später vielleicht gar nicht
1824 2590 2999 2639 mehr begreift, überdies nicht ohne die gewisse, wenn wir
1824 2629 3010 2690 dies sagen dürfen, jugendliche und vielleicht bourgeoise
1827 2678 3013 2737 Enge des Horizonts, die solche Nebenbei Dinge sehr pa¬
1818 2731 3008 2777 thetisch betrachtet: dieses Problem ist sicherlich nicht das
1821 2772 3008 2834 Bleibende dieses Schauspiels. Das Bleibende ist vielleicht
1824 2826 3011 2886 die zarte Aquarelliunst, mit der die umrahmenden Figuren
1824 2871 3010 2934 gegeben sind. Hier fühlt man die Hand eines humor¬
1824 2919 3005 2973 begabten, zartsinnigen Dichters, eines, der das Leben
1821 2970 3008 3025 kennt und dieses mit Ueberlegenheit gestaltet — unter all
1815 3019 3005 3076 den Schwätzern, Faulenzen, Nörglern, Verneinenden und
1815 3065 3013 3119 wenig Könnern ein kräftig Bejahender, dessen Werk zu
1824 3114 3005 3180 Werken wuchs, ein Poet, der still und ernst seine Straße
1824 3164 3005 3225 zieht, das Beispiel ehrlich vornehmen Künstlertums. Dem
1824 3222 3001 3267 Volkstheater ist es zu danken, daß man einer so starken
1824 3259 2999 3313 Kraft wieder einmal Raum gab, wie selten geschieht es;
1821 3306 3007 3371 möchten wir doch bald den jüngsten Schnitzler, der längst
1824 3355 2999 3415 über die Freiwild=Thesen wuchs den Schnitzler des „Ein¬
1830 3401 3002 3470 samen Wegs" und des „Schleiers der Beatrice" zu ge¬
1824 3452 3010 3516 nießen bekommen! Die Aufführung war sichtbar mit Liebe,
1815 3500 3002 3564 vorbereitet; die Herren Kutschera, Kramer, Höfer,
1824 3548 2999 3607 Tewele und Meixner, die Damen Glöckner und
1815 3594 2998 3687 Erl waren vorzüglich. Der Erfolg war ein lauter, P. W.
