3484 4256
244 154 714 273 8. Freiwil
932 160 1353 270 box 14/4
453 1446 2009 1539 genommen waren,
2018 1565 3168 1629 er seinen Plan auf langen Morgenspaziergängen in einem
833 1574 1986 1629 Alle, die das Geheimnis dieses Gebarens kannten — auch
215 1580 807 1661 Romans „Irma" von Adolf
2015 1617 3159 1675 ausgedehnten Garten, der für die Träume des Dichters
833 1626 1983 1687 der Gouverneur — hatten in kurzer Zeit Reichtümer auf¬
215 1632 514 1690 auf Seite 19.
2015 1664 3168 1716 wie geschaffen war. Im Schatten alter Bäume wird die
839 1675 1983 1763 gehäuft. Lessing, der sich nie auf Gelderwerb verstand, zog
2024 1713 3168 1774 Fabel seines Lustspieles lebendig. Er schmückt sie
833 1719 1780 1797 es vor, in anderer Weise sein Glück zu suchen.
2021 1757 3183 1821 mit allen Früchten einer neuen Welterfahrung, mit den
232 1719 578 1844 leton.
918 1760 1995 1829 Nach den Berliner Tagen der Sorge schienen alle
2021 1809 3171 1870 heitersten Episoden und den kräftigsten Charaktertypen.
833 1803 1989 1873 Elemente seines heiteren Wesens neu erwacht. Er zechte,
2018 1855 3177 1914 Das Leben und des Dichters nächste Umgebung liefern
833 1855 1986 1914 tollte, durchwachte die Nächte bald vor seinen Büchern,
212 1853 421 1943 de
2021 1902 3168 1960 ihre charakteristischesten Züge. Der Wirt von der „Gans spielt
839 1905 1992 1963 bald bei Spielgenossen, die er in militärischen Kreisen und
221 1922 584 2001 helm", „Freiwild.)
2027 1946 3165 2004 im Schauspiel die nämliche Rolle, welche tatsächliche Ereig¬
839 1948 1989 2006 in der Schuchischen Theatergesellschaft reichlich fand.
224 1972 807 2059 ierzehnten Geburtstages von
2021 1992 3180 2050 nisse ihm angewiesen, ein Major v. Biberstein, dessen Ehren¬
839 2001 1986 2059 Goethe, der etwa zwei Jahrzehnte später regelmäßig nach
221 2030 807 2111 ner Bühne so wenig wie bei
2021 2038 3174 2097 haftigkeit sprichwörtlich ist und der den Namen „Tell erhielt,
839 2041 1983 2111 Karlsbad kam, entsetzte die Hausbesitzer der Alten Wiese
224 2079 807 2155 die an ihn gemahnen sollten,
2024 2088 3174 2149 weil er ein Meisterschütze war, wird das Urbild Tellheims;
839 2097 1989 2152 weil er während einer harten Entsagungskur ein tolles Leben
2033 2128 3191 2192 Paul Werner, ein Oesterreicher, später Oberstlieutenant in
250 2131 807 2201 jüngst im Deutschen Volks¬
851 2140 1980 2210 führte. Keiner von ihnen wollte den Dichter des „Werther
270 2181 810 2239 „König Ottokars Glück und
2027 2178 3171 2239 preußischen Diensten, der Typus gutmütig=beschränkter
845 2187 1989 2245 ein zweitesmal bei sich aufnehmen; ähnlich war auch
247 2218 810 2285 Absicht blieb unausgeführt;
848 2221 3183 2288 Lessing in Breslau genötigt, sein Quartier öfter, als er militärischer Treuherzigkeit, kommt als Wachtmeister in
2027 2271 3177 2343 die neue Dichtung. Der wirkliche Werner, den die gleich¬
221 2285 816 2338 agödie wurde „Minna von
839 2279 2001 2343 wollte, zu wechseln, bis er im Regierungsgebäude dauernde
2027 2314 3183 2375 namige Figur Lessings in den Hintergrund gebracht, hat
221 2320 729 2387 bereitung zur Darstellung
845 2320 1998 2387 Unterkunft fand. Einer seiner Wirte, der stadtbekannte
2027 2364 3185 2419 es nicht verdient, vergessen zu werden. Einen Augenblick
218 2367 810 2448 ch den Wechsel rührender und
845 2372 1989 2433 Pfefferküchler in der Schweidnitzerstraße, stellte, um Nach¬
2027 2419 3183 2474 hatte er, nach der Behauptung seiner Kameraden, die Ent¬
224 2416 816 2486 orbild der „comédie, ist, wie
862 2419 1992 2480 für manche Ruhestörung zu nehmen, unter Torten, Biskuits
2030 2462 3188 2520 wicklung der Weltgeschichte in der Hand. Das war am
244 2468 816 2520 ein nationales Stück. Das
845 2462 1992 2523 Marzipanen und Leckereien das mißgestaltete Lebkuchenbill
2033 2506 3180 2564 10. April 1741, in der Schlacht von Mollwitz, in welcher
218 2512 1995 2573 s josefinnischen Oesterreich, das eine Nachtwächters aus, das in weißen und roten Zucker¬
2027 2558 3188 2628 die überlegene Waffe der Preußen sich minder
224 2552 816 2613 chen Zuge beherrscht, welcher
845 2561 1989 2628 buchstaben den Namen Gotthold Ephraim Lessing trug
215 2608 822 2680 schen Literatur eingeleitet hat.
851 2602 3177 2666 Aber der Titane, der in dem scharfen Tadel zeitgenössischer rasch entscheidend zeigte, als man hoffte. Der Erfolg
2047 2651 3185 2712 Friedrichs geriet in Schwanken, den König war in
351 2654 819 2709 war das Bild einer
854 2657 1998 2718 Mittelmäßigkeiten sich zur kritischen Größe emporschwang,
2044 2695 3183 2756 Gefahr, gefangen zu werden, er kam in die Ge¬
264 2700 816 2756 Er hatte eben die Sekretär
851 2700 1998 2773 bald als Journalist, bald als Dichter die mächtigsten Ein¬
2033 2735 3191 2808 walt eines österreichischen Husaren, Werner. „Ich bin der
232 2747 822 2820 von Schlesien, dem General
857 2741 2001 2808 drücke hervorgerufen hatte, konnte, wie einer unserer
2033 2785 3171 2846 König, folge mir!“ rief der damals noch junge Fritz
221 2793 816 2857 , und lebte fern von den
862 2796 2001 2863 größten Poeten meint, zeitweilig die persönliche Würde
2047 2837 3191 2895 seinem gefährlichen Feinde zu, der die Hand auf seine
221 2843 828 2904 sstätten in Breslau, das, ein
857 2837 1998 2904 wegwerfen, weil er sich zutraute, sie jeden Augen
2041 2883 3188 2939 Schulter zu legen wagte, und wirklich siegte die Autorität
862 2892 2001 2947 blick wieder zu finden. Sein zerstreuendes Wirtshaus- und
270 2886 828 2968 Plätzen und Kirchen eine
2041 2933 3180 2994 Friedrichs. Werner ging ihm nach, um später auf der
218 2918 2004 2994 erte. Dies steinerne Geschichts=Weltleben hinderte ihn nicht, den Geist, der sich um ihn her
2041 2973 3188 3063 militärischen Ruhmesleiter Preußens eine Stufe nach der
235 2988 822 3043 Viertel, dem Rathause als
865 2976 1998 3043 überall mächtig regte, glücklich zu erfassen. Der Theater
2044 3026 2494 3095 andern emporzusteigen.
857 3029 1815 3116 dichter in ihm sollte sehr bald kräftig tätig sein.
221 3029 822 3092 sadt, dem Ring und dessen
2131 3058 3188 3130 Auch Riccaut v. Martinière, in dem gelehrte Kritiker
952 3052 2015 3127 Ein Vorgang im „Gasthofe zur Gans" — derselbe
241 3075 833 3153 heutigen Tage vielfach unver¬
2041 3101 3185 3180 ein Abbild des Parasiten der alten Komödie entdecken
235 3107 2006 3183 Haus mit breiten Fenstern besteht heute noch — hatte sein Denken außerordentlich
2041 3159 3180 3226 wollten, ist eine Gestalt, die der Dichter am Pharaotisch
862 3171 2009 3223 beschäftigt. Eine junge schöne Dame war in Gefahr ge¬
218 3174 825 3246 Junkerstraße, das jetzt noch
2041 3209 3174 3275 zu Pyrmont sich gegenüber sah. Den Untergrund
865 3206 2009 3270 kommen, ihres Geliebten durch dessen übertriebene Ehr¬
221 3220 828 3284 Fundamenten ruht, ist das
2056 3261 3188 3316 für die Reden eines Industrieritters lieferte ein
868 3258 2012 3322 begriffe verlustig zu werden, sie suchte ihr Glück persön¬
229 3270 828 3345 bäude, in dem Lessing wäh¬
2047 3307 3183 3360 Buch: „Histoire des Grecs ou de ceux qui corrigent la
868 3307 2006 3368 lich aufs neue zu erkämpfen, und ihre Absicht gelang
224 3316 836 3374 Lieges einem milden Herren¬
2044 3345 3188 3406 fortune au jeu, dessen Verfasser, Ange Goudard, die
868 3360 2012 3415 Solche Energie, glaubte Lessing, müßte auf der
235 3365 833 3424 er im ersten Stock täglich mit
2050 3394 3180 3455 Falschspieler enthüllen wollte, die von Paris aus ein Netz
868 3394 2015 3473 Bühne Wirkung üben. Eine hitzige Krankheit wirft ihn
235 3418 828 3467 er in einem Hofgemach, um
2047 3447 3183 3496 des Betruges über Europa warfen. Satzweise sind die
868 3441 2004 3514 nieder, der Gedanke an das Stuck, das er im Kopf
232 3455 830 3519 die bei den so häufig dekre¬
2050 3493 3180 3563 Anschauungen Riccauts Ange Goudard entlehnt. Wie bei
865 3496 2024 3598 trägt, erfüllt seine Fieberphantasien; genesen, überdenkt
218 3511 828 3595 den Friedrichs II. nötig waren.
