3436 4448
461 35 1716 120 dem ihre
1749 60 2693 142 k. Landestheater in Prag. Das Publikum bereitete dem
478 82 742 139 trotz der vielen
775 93 1716 156 Jahr und Tag in der St. Josef=Kirche. Die Arran¬
1744 117 2693 177 Künstler mit Recht einen sehr freundlichen Empfang.
499 128 739 180 Arrangement
772 139 1714 199 geure des Festes, insbesondere die Herren Josef Bauer,
1744 156 2691 216 Er zeigte sich als Darsteller wie als Sänger als
478 145 742 221 lässig bestrebt
767 180 1711 237 Jos. Buchhauer, F. X. Ilg, I. Kroher und K. Stier¬
1744 191 2696 251 werthvolle Kraft; ein endgiltiges Urtheil wird aller¬
480 207 745 257 nügungen zu
770 213 1714 295 storfer können befriedigt auf ihre Thätigkeit zurück¬
1744 232 2696 292 dings für sein zweites Auftreten als Kardinal in der
478 246 734 311 ige Programm.
764 246 898 311 blicken.
1741 276 2682 347 „Jüdin" vorzubehalten sein. Mit den Gästen wett¬
483 289 734 336 Tanzkränzchen
838 281 2693 377 Die Vereinigung ehemaliger Angehöriger des eiferten die hiesigen Künstler, ihr Bestes zu
464 314 726 390 am Donnerstag
767 319 1711 387 3. Chevauleger=Regiments veranstaltet am 16. Jan.
1738 349 2682 423 bieten. Wir nennen Herrn Fuchs als Herrn Fluth,
761 363 1705 423 im festlich dekorirten Saale der Klosterbrauerei ihrer
1738 393 2691 448 Herrn Bausewein als Fenton, Herrn Th. Mayer
458 377 734 450 hielt am Sonn¬
770 404 1711 469 Faschingsball. Vereinsabende sind jeweils der zweite
1738 437 2688 505 als drolligen Doktor Cassius, Herrn Knote als
456 439 729 491 Verlesung des
764 458 1705 510 Samstag im Monat. Am Samstag den 13. Februar
1744 464 2680 535 Junker Spärlich; Frl. Schloß errang als Anna
450 472 731 540 itglieder richtete
761 478 1705 568 findet behufs Statutenänderung außerordentliche
1744 505 2685 562 lebhaften Beifall, sehr gut war auch Frin. Blank
445 510 731 568 ende Worte an
767 518 1236 578 Generalversammlung statt.
1735 543 2685 606 als Frau Fenton. Die Regie verdient bestes Lob,
445 551 723 609 und anhänglich¬
835 543 1700 619 Der Veteranen=Verein „Feldzugsjäger" hiel
1730 587 2682 641 ebenso das Arrangement des Ballets im letzten Akte,
431 592 720 647 uf die Thätigkei
753 598 1708 660 am 10. d. M. in seinem Vereinslokale „zum goldenen
1812 628 2685 679 K. Hoftheater. Die Oper „Theuerdank“ von
426 628 726 685 d des Gesammt¬
761 639 1703 715 Stern“, Maistraße, seine Christbaumfeier mit Kinder¬
1735 639 2685 729 L. Thuille, welche bei der Konkurrenz um den
448 666 723 720 wie der Verein
753 671 2680 767 bescheerung ab. Etwa 40 Kindern wurde bei dieser Luitpoldpreis an erster Stelle prämiirt wurde, wird
448 701 723 764 it seinen sämmt-
761 715 1700 778 Gelegenheit eine Freude bereitet. Die Feier verlie¬
1733 737 2680 800 nach Fertigstellung des Materials einstudirt und vor¬
458 750 729 797 eses herrlichen
761 750 1703 816 in überaus würdevoller Weise und wurde das auf
1730 780 2685 843 aussichtlich in der ersten Hälfte des Monats März
464 786 726 843 setreten. Aber
759 791 1700 857 Se. Königl. Hoheit ausgebrachte Hoch mit Begeisterung
1730 816 2671 881 aufgeführt werden. Von den beiden anderen Preis
475 827 2663 911 n seiner Mit- aufgenommen. Die durch Herrn Wenzel Kohlbecker opern: „Der tolle Eberstein" und „Sarema
480 862 723 922 sicht habe der
756 870 1700 928 mit größter Virtuosität zur Aufführung gebrachten
1738 890 2680 952 sind die Klavierauszüge von den Autoren noch nicht
505 914 1686 974 alle bei der Violinsolos „Serenade" von Arenzky und „Czarda
1733 931 2682 1012 fertig gestellt und können daher diese Werke erst später
505 955 1697 1015 anfallenden von Hubay, sowie die von Herrn Josef Gleichsner
1730 977 2191 1034 zur Aufführung gelangen.
483 977 1692 1051 rr Bachsischer jun. vorgetragenen Lieder „Träumerin" von Abt und
1790 1001 2677 1072 Kgl. Hof= und Nationaltheater. Samstag, den
494 1018 723 1072 tgliedern für
759 1034 1697 1086 „Abendstern“ aus der Oper „Tannhäuser" ernteten
1722 1029 2677 1127 16. Januar (4. Vorstellung im Jahres-Abonnement der
483 1056 715 1113 aft im abge¬
753 1067 1692 1124 stürmischen Beifall. Die durch Herrn A. Gleichsner
1722 1083 2671 1157 Abtheilung IV): „Die Jüdin,“ Oper mit Ballet in
480 1097 718 1149 und gab das
742 1116 1692 1182 arrangirten lebenden Bilder fanden ebenfalls herzliche
1730 1122 2666 1192 fünf Aufzugen von Scribe von Ellmenreich. Musi
505 1135 715 1190 Ehrenämter
748 1141 941 1198 Aufnahme.
1716 1171 2666 1236 von Halévy. (Recha: Frin. Lola Beeth; Kardinal
488 1165 712 1225 einer Wähler
821 1157 2663 1285 Verein ehem. Taxis-Chevauxleger, Lindemer¬ Herr Georg Sieglitz, als letzte Gastrollen.) Anfang
488 1214 709 1272 ter als Vor¬
742 1220 1697 1293 garten, Königinstr. 10. Samstag den 16. Januar 1897
1725 1242 2437 1302 7 Uhr. Ende 10 Uhr. Parketsitz 5 Mk.
508 1261 1692 1318 imation ge¬ außerordentliche Versammlung. Um be¬
1796 1293 2674 1353 Kgl. Residenztheater. Samstag, den 16. Januar:
510 1296 712 1345 e Vorstand¬
742 1293 1351 1364 stimmtes Erscheinen wird gebeten.
1719 1313 2671 1378 „Morituri", drei Einakter von Hermann Suder¬
502 1332 709 1389 ehrheit, 5
824 1315 2671 1419 Reiter=Abtheilung des Veteranenvereins. Im mann; „Teja", Drama in einem Akt. Hierauf:
508 1378 2666 1457 wieder als Speisesaal des „Sterngarten" fand bei überfülltem „Fritzchen", Drama in einem Akt. Zum Schluß
513 1413 1689 1471 Herr Post= Raume am Mittwoch den 6. ds. Christbaumfeier mit
1719 1446 2674 1501 Das Ewig=Männliche“, Spiel in einem Akt.
505 1446 707 1501 tann Ucker
737 1454 1692 1525 Bandanheftung an die Reiter=Standarte der Reiter¬
1716 1476 2671 1558 Anfang 7 Uhr, Ende um halb 10 Uhr. Parketsitz 3 Mt.
508 1490 718 1542 führer Herr
742 1493 1684 1558 Abtheilung des Veteranen= und Kriegervereins der
1716 1512 1869 1583 50 Pf.
510 1531 1678 1596 ige gleicher k. Haupt= und Residenzstadt München statt. Nach der
1798 1525 2663 1615 Spielplan der königl. Theater. Hoftheater:
502 1572 1686 1635 er Schlosser durch Wort und Akt höchst ergreifenden Anheftung
1711 1588 2666 1665 Sonntag, den 17. (Abth. 1): „Tell" (Oper). — Resi¬
502 1613 2669 1722 rstande der eines prächtigen Trauerbandes, welches die Namen denztheater: Sonntag, den 17.: „Des Königs Be¬
491 1637 707 1695 il annehme,
742 1645 2213 1719 der verstorbenen Kameraden trägt (gegeben von der fehl". Hierauf: „In Civil¬
505 1678 707 1733 n bekundete
734 1695 1678 1746 Gattin des Vorstandes Herrn Preißer) und eine
1793 1695 2666 1774 Theater am Gärtnerplatz, Samstag, den 16. Jan.
502 1719 2663 1806 gleichen auch weiteren Freundschaftsbandes von einem Herrn Gastspiel des Herrn Felix Schweighofer, „Der
494 1771 1681 1828 iteren Aus Kameraden begann der Absatz der Loose für den reich
1708 1787 2661 1853 Rabenvater, Schwank in drei Akten von Hans
497 1806 1678 1861 ren wurden ausgestatteten Glückshafen, die im Nu vergriffen
1711 1828 2658 1913 Fischer und Josef Jarno. Anfang halb 8 Uhr, Ende
494 1839 2366 1940 Münch und waren. Unter Musik und gediegenen, der Feier war nach halb 10 Uhr. Parketsitz 2 Mk.
494 1880 1678 1932 igam. Aus digen Vorträgen verfloß der Abend in äußerst ani¬
1785 1891 2663 1970 Spielplan des Theaters am Gärtnerplatz. Sonn¬
494 1918 709 1967 hervor, daß
739 1926 2655 2011 mirter Stimmung, so daß jeder Besucher gewiß mittag, den 17., Nachmittags: „Der Vogelhändler“.
497 1957 707 2006 glieder auf¬
734 1957 1678 2011 dauernd günstigen Eindrücken und unter verlässigem
1714 1978 2628 2055 Parketsitz 1 Mk.) Abends: „Der Rabenvater“.)
499 1995 704 2047 id erhielten
731 2008 1684 2055 „Auf Wiedersehen!" die wackere Reiterschaar verließ.
1727 2017 2584 2085 Gastspiel des Herrn Felix Schweighofer.
494 2033 701 2093 Beerdigung.
808 2047 1678 2104 Naturheilverein München, a. V. Sonntag, den
1776 2055 2652 2131 Münchener Volkstheater, Sonnenstraße 5 (Ein¬
494 2074 696 2120 n, als der
734 2052 1678 2153 17. Januar 1897 VIII. Stiftungs=Fest im Ge¬
1708 2071 2322 2158 gang Josefspitalstraße).
2407 2112 2647 2161 .
502 2109 696 2164 zember aus
737 2118 1198 2172 sellschaftshaus „zur Lacke
1703 2128 2650 2188 Gastspiel des Herrn Hans Neuert vom kgl. Theater
505 2150 701 2202 Herrn Ge¬
802 2131 1678 2208 Die Gesellschaft „Fröhlichkeit Il feierte am Sonn¬
1703 2169 2650 2235 am Gärtnerplatz: „Schuldig, Drama in drei Auf¬
494 2186 701 2240 dem Verein
726 2186 1665 2254 tag den 10. ds. im Restaurant „Stadt Kufstein"
1703 2208 2652 2276 gen von Richard Voß. (Thomas Lehr Herr Neuert.)
505 2227 693 2279 desgleichen
723 2235 1670 2284 Wörthstraße, ihr 10. Stiftungsfest, welches in würdiger
1700 2251 2276 2311 Anfang 8 Uhr. Sperrsitz 1 Mk.
502 2276 1673 2325 ndatsdauer Weise verlief. Die Glanznummer des Abends war
1785 2265 2650 2344 Spielplan des Münchener Volkstheaters. Sonn¬
494 2309 1670 2363 enmitglied, unstreitig das Auftreten des Gigerl=Imitators Herrn
1708 2322 2647 2385 tag, den 17. (zwei Vorstellungen), Anfang 4 Uhr:
502 2352 1670 2409 40 fl. aus A. Herrmann, Ehrenmitglied der Gesellschaft,
1700 2377 2633 2437 „Fra Diabolo, Oper von Auber. Abends: „Schuldig
494 2379 696 2437 mig ange¬
723 2382 1667 2440 der sich durch Vortrag aparter Couplets verdienstvollen
1697 2409 2639 2470 (Gastspiel des Herrn Neuert). Montag, den 18., zum
510 2420 688 2491 der blühen
726 2429 2639 2510 Beifall erwarb. Von den Herren Paula und ersten Male wiederholt: „Zar und Zimmermann",
718 2472 2641 2543 Keinz sehr gut zu Gehör gebrachte Zitherduetten komische Oper von Lortzing. — In Vorbereitung:
508 2472 693 2557 dem Pro¬
729 2505 1662 2562 fanden allgemeine Aufmerksamkeit. Die mit ausge¬
1700 2538 2641 2592 „Die Weber, Schauspiel in fünf Akten von Ger¬
505 2543 693 2590 n Bayern
726 2551 1662 2598 zeichneter Mimik durchgeführten komischen Duetten der
1695 2557 2006 2620 hart Hauptmann.
505 2581 693 2628 zustensälen
726 2592 1665 2636 Herren Herrman und Eberle fanden großen
1771 2573 2650 2658 Deutsches Theater. Einen so stürmischen Beifall
502 2620 690 2669 kes. Dank
718 2614 2639 2699 Beifall. Ein durchwegs flott gespielter Einakter: mit wohl zehnmaligem Heben des Vorhangs hat das
502 2655 690 2712 tandschaft,
723 2666 2636 2734 „Komische Verwechslung" hielt die Lachmuskeln der Deutsche Theater noch nicht erlebt, wie nach der
505 2696 693 2751 II. Stadt¬
726 2707 1665 2767 Anwesenden in steter Erregung und bildete den Schluß
1692 2726 2633 2781 gestrigen Vorstellung von „Freiwild", bald wird
494 2734 1217 2794 mer. Aus des amusanten Programms.
1689 2756 2633 2819 das Stück Tagesgespräch in München sein und was
505 2772 679 2824 rs hervor
800 2759 1659 2835 Der Verein der Gastwirthsmetzger und Schänk
1695 2800 2636 2849 zur gebildeten Welt gehört wird sich das Schauspiel
505 2816 688 2876 Herrn Leo
712 2816 2636 2898 kellner in Brauereien und Gastwirthschaften Münchens ansehen. Aber nicht die brillante Inszenierung, die
505 2854 688 2903 lied Herrn
723 2860 1662 2914 hält am Dienstag den 19. Januar 1897 Abends 8 Uhr
1695 2882 2636 2936 allerorts das feinfühlige Eingreifen der Direktion er¬
494 2895 682 2944 Sopran
709 2903 2644 2974 im unteren Saale des Orpheums seinen diesjährigen kennen ließ, nicht das Debut mehrerer neuer Kräfte,
499 2939 1659 2999 teten die Ball ab, wozu Freunde und Gönner des Vereins
1695 2953 2633 3010 noch das Auftreten der Offiziere, noch auf Konto der
524 2972 685 3021 Schwarz,
718 2977 1659 3062 willkommen geheißen sind. Masken haben keinen
1697 2991 2636 3043 lebenswahren, frischen Mache ist der außerordentliche
494 3007 685 3064 ändnißvoll
709 3013 860 3067 Zutritt.
1692 3032 2620 3083 Erfolg und die lebhafte Theilnahme des Publikums
497 3053 688 3103 trag des
1686 3075 2641 3127 an Schnitzler „Freiwild“ zu setzen. „Freiwild", das in
502 3086 682 3135 s Abends.
906 3094 1514 3182 Theater=Nachrichten.
1684 3108 2633 3171 Wien polizeilich verboten ist, ist zu einem Sensations¬
508 3124 682 3179 Bockhorni
1697 3149 2633 3209 schauspiel geworden. Allein nicht Arthur Schnitzler
497 3168 679 3214 orer. Die
789 3163 2633 3250 L. K. Hoftheater. Am Donnerstag erschien Lola hat es dazu gemacht, die Abfassung fällt zeitlich lange
494 3204 685 3261 t. Ludwig
709 3195 2631 3280 Beeth als Frau Fluth in Nicolais Oper „Die vor dem Fall Brüsewitz, der indessen dessen Wahrheit
488 3244 677 3296 mis sehr
707 3253 2633 3329 lustigen Weiber von Windsor". Diese Partie gilt als bestätigte. Ja, die Erwerbung des Aufführungsrechtes
508 3283 677 3335 freiwillig
715 3296 1659 3345 eine der vorzüglichsten Leistungen, und in der That,
1692 3305 2631 3359 für das Deutsche Theater fand schon vor mehreren
491 3321 682 3373 voller Ge¬
712 3329 2633 3395 Frau Fluth hat nicht allein Sir John Falstaff, son Wochen vor dem Duellerlaß des Kaisers und der
494 3367 1667 3414 des Stadt=dern auch das Münchener Publikum entzückt und be¬
1689 3381 2628 3433 Oberleitung Bluhm=Raida statt, nur konnte natürlich
488 3400 677 3457 eihe. Herr
709 3414 2625 3476 geistert. Man kann sich nichts Anmuthigeres und mit dem bescheidenen ehemaligen Meßthaler=Ensemble
494 3444 2625 3517 grüßte die Schalkhafteres denken, als unsere Gastin in dieser ein Schauspiel, das soviel erste Kräfte erfordert, nicht
505 3476 679 3528 Ausdruck,
712 3482 1651 3536 Rolle. Warum wählte sie dieselbe nicht als erstes
1686 3501 2625 3550 zur Aufführung gelangen, da vor allem die erste
510 3517 679 3569 Seelsorge
709 3528 2631 3599 Dedut? Ihr Zauber hätte unwiderstehlich gewirkt, Liebhaberin, der Bonvivant, Heldendarsteller und
513 3558 677 3613 gelingen
704 3564 1659 3613 man hätte die Bellincioni rascher vergessen. Das In¬
1684 3569 1946 3632 Komiker fehlte
494 3594 682 3643 Bauen der
709 3607 1662 3657 teresse des Publikums wurde noch durch ein zweites
1755 3591 2620 3673 Daß die Polizei das Stück nur nach starker Streich¬
548 3657 2622 3719 zu be¬ Debut gefesselt. Die durch den Tod Siehrs und den ung und Abänderung genehmigen und speziell alle Brüse¬
794 3738 1809 3932 Noin the
1880 3749 2491 3932 a
1105 3905 2516 4052 in the
