3344 4352
204 181 299 273 8.
896 169 1297 278 box 14/5
347 171 725 283 Freiwild
335 243 416 301 .....
876 414 1300 549 Telephon 12801.
490 521 1415 661 Alex. Weigls Unternehmen für Zeitungs¬
728 600 1374 748 „OBSERVER
383 715 1440 830 I. österr. behördl. conc. Bureau für Zeitungsberichte u. P
608 789 1461 894 Wien, IX/1, Türkenstrasse
794 848 1425 950 Filiale in Budapest: „Figelö-
403 907 1476 1039 Vertretungen in Berlin, Chicago, Genf, London, Newyork, Pari
398 1057 896 1193 Ausschnitt aus:
684 1147 1055 1297 1692
416 1218 600 1336 vom
1527 1394 2508 1474 haltenen Versprechen der Ehe begangen hat. Ein
1527 1471 2513 1532 bloßes Spiel mit dem weiblichen Herzen kann bei
850 1453 1187 1565 Freiwild.
1535 1514 2510 1594 uns überhaupt nicht vor Gericht gezogen werden.
595 1535 1502 1622 Vor einem Erkenntnißsenate des Wiener
1532 1563 2508 1614 Anders in den genannten Ländern. Dort
524 1581 1507 1665 Landesgerichtes hat gestern eine Verhandlung statt¬
1537 1606 2513 1670 setzt das Gesetz auf den frivolen Mißbrauch der
526 1650 1509 1714 gefunden, welche mit geradezu aufreizender Be¬
1535 1660 2513 1719 Liebe harte Bußen. Ein gewaltsam geraubter Kuß
526 1696 1507 1749 redsamkeit die Lösung der Frage fordert, die
1532 1708 2513 1754 kann unter Umständen das Vermögen kosten und
524 1739 1504 1800 Arthur Schnitzler mit der Prägung des Wortes
1535 1744 2510 1813 ein gebrochenes Eheversprechen die wirthschaftliche
531 1793 1507 1849 „Freiwild zur Discussion gestellt hat. Unter Frei¬
1568 1800 2510 1872 xistenz ruiniren. Dort kann denn auch der Ver¬
526 1839 1502 1887 wild verstehen wir seither unter Verbreiterung des
1535 1849 2515 1903 kehr der Geschlechter ein freier, edel vertrauens¬
524 1885 1504 1943 ursprünglichen Begriffes alle jene Mädchen und
1532 1892 2518 1954 voller sein, weil über jedem Beisammensein von
526 1933 1507 1979 Frauen, die des Lebens Drang und Noth in ab¬
1535 1936 2510 1994 Mani und Weib das Damoklesschwert des die
529 1977 1509 2035 hängige Stellungen gebracht hat, in denen sie,
1540 1984 2515 2048 Frauenehre zuhöchst taxirenden Gesetzes schwebt.
544 2017 1509 2086 förmlich pogelfrei, den Verfolgungen ihrer Brod¬
1537 2035 2513 2115 Dort ist kein Weib, es mag in welcher ehrbaren
529 2069 1509 2132 herren und eines Jeden preisgegeben erscheinen,
1540 2086 2510 2163 Lebensstellung immer sein, Freiwild, wenn es das
531 2120 1507 2176 der glaubt, sie als willkommene Jagdbeute be¬
1535 2130 1828 2209 nicht sein will.
526 2160 1514 2222 trachten zu dürfen. Wehe diesen armen, vom
1642 2148 2398 2252 Daalin muß es auch bei uns kommen.
531 2214 1507 2273 Schicksale Besiegten! Ihre Frauenehre ist den
1645 2214 2513 2298 Auch bei uns muß die bürgerliche und
534 2252 1507 2319 Angriffen des nächstbesten gewissenlosen Lüstlings
1548 2255 2510 2334 Frauenlehre unter verschärfte Schutzgesetze gestellt
534 2311 1504 2370 preisgegeben, ihre bürgerliche Ehre entbehrt des
1537 2319 2513 2372 werden, damit keine Frau und kein Mädchen, die
539 2357 1507 2408 nachdrücklichen Schutzes, auf den doch alle Stats¬
1545 2362 2513 2426 sich in abhängiger Stellung befindet, fürchten
529 2403 1509 2454 bürger ohne Unterschied Anspruch haben. Wozu
1537 2416 2518 2467 muß, bezüglich ihrer Ehre für vogelfrei betrachtet
478 2459 2531 2546 viele Umstände mit einer weiblichen Angestellen und vom Erstbesten als Freiwild behandelt zu
638 2498 1387 2577 Wir sprechen von der „Affaire Schod
1530 2510 1701 2592 werde.
649 2515 1514 2602 Ein Wiener Kaufmann hat seine begehr¬
534 2577 1514 2651 lichen Blicke auf seine Cassierin geworfen. Das
534 2633 1527 2692 hübsche, unbescholtene Mädchen reizt seine Sinn¬
539 2681 1527 2745 lichkeit. Er sieht in ihr eine leicht zu erlegende
534 2727 1527 2784 Beute. Freiwild! Anfangs mit Ueberredung, dann
541 2778 1522 2858 handgreiflich versucht er, das unbescholtene
541 2824 1514 2881 Mädchen zu entehren. Und als sie seinen Ver¬
541 2865 1512 2937 führungsversuchen Festigkeit, seinen Gewalt¬
539 2919 1514 2975 anwendungen Widerstand entgegensetzt, rächt sich
539 2965 1519 3024 der energisch Zurückgewiesene, indem er das
544 3019 1514 3095 Mädchen in einer Eingabe an die Polizei des
534 3064 968 3136 Diebstahls beschuldigt.
651 3090 1032 3169 Und die Polizei
649 3123 1514 3220 Ja, die Polizei hatte es sehr eilig. Sie ver¬
534 3197 1519 3264 haftete ohneweiters die von ihrem Brodherrn des
539 3251 1522 3310 Diebstahls beschuldigte Angestellte. Verhaftete sie
534 3294 1522 3351 und behielt sie zwei Tage in Haft, trotzdem
541 3351 1525 3407 Schodl, wie amtlich in der Anklageschrift des
541 3391 1522 3450 Staatsanwaltes constatirt erscheint, nachdem sich
539 3442 1527 3501 der Spieß gegen den verleumderischen Anzeiger
539 3486 1519 3555 gekehrt hatte, in seiner Anzeige keinerlei Anhalts¬
541 3537 1514 3593 punkte für deren Inhalt geven, und man aus
559 3578 1527 3637 seinen Angaben nur schließen
541 3624 1514 3688 konnte, daß die Anzeige höchst
541 3672 1525 3754 leichtfertig erstattet, oder aus der
541 3723 1090 3800 Luft gegriffen sei.
649 3746 1527 3831 Wie, man konnte aus der Anzeige Schod's
549 3810 1527 3882 gegen Anna Haraschin nichts Thatsächliches ent¬
547 3856 1522 3923 nehmen, sondern nur schließen, daß sie höchst
541 3910 1525 3984 leichtfertig erstattet, oder aus der Luft gegriffen
559 3956 1527 4020 sei, und trotzdem zaubert die Polizei keinen
549 4012 1537 4068 Augenblick, gegen den Ruf und die Ehre eines
541 4045 1522 4114 unbescholtenen Mädchens einen Streich zu führen,
541 4096 1530 4155 der vernichtend wirken kann!? Warum? Wäre
