3344 4352
220 153 721 237 8. Freiwil¬
917 152 1323 248 box 14/5
1896 527 2188 623 Telephon 12.801.
1347 638 2028 744 OBSERVER
1174 700 2236 817 I. österr. behördl. konz. Unternehmen für Zeitungs-Ausschalt
1367 759 2065 874 Wien, I., Concordiaplatz 4.
1571 822 1850 902 Vertretungen
1171 858 2230 967 ta Berlin, Basel, Budapest, Chicago, Cleveland, Christiania,
1174 899 2232 1002 Genf, Kopenhagen, London, Madrid, Mailand, Minneapolis,
1168 938 2227 1044 New-York, Paris, Rom, San Francisco, Stockholm, St. Peters¬
1561 995 1837 1060 burg, Toronto.
1484 1033 1904 1111 angabe und Gener.
1163 1083 1587 1171 Ausschnitt aus:
1163 1165 2225 1303 vom 20. Der Armee-Zeitung, Wien,
933 1294 1621 1385 Roda Rodas „Feldherrnhügel“
1047 1360 2236 1422 Wer Roda Roda auch nur ganz von ferne kennt, wird sich vorstellen
935 1395 2233 1465 können, wie königlich er sich in diesen Tagen des Kampfes um seine dramatische
938 1449 2235 1507 „Schnurre“, die sich jetzt zu einer kriminalistischen Schnurre zu entwickeln scheint,
941 1488 2233 1546 fühlen muß. Ist Roda Roda heute auch ehrsamer Familienvater und legitimer
936 1525 2233 1582 Papa und verschwand auch schon lange die himmlische Schlankheit von damals,
930 1568 2227 1621 als er noch zu den schneidigsten Reitern Seiner Majestät zählte und seinem Korps¬
935 1602 2233 1659 kommandanten sorgenschwere Stunden bereitete, so ist er noch lange kein „Geld¬
936 1649 2232 1693 macher“ geworden, und der tägliche finanzielle Schaden, den er durch die
935 1679 2233 1742 Absetzung des „Feldherrnhügels" erleidet, verbittert ihm kaum jenes köstliche
931 1729 2194 1776 „Weltmittelpunktsgefühl“, das ihn in diesen bewegten Tagen beseelen darf.
1047 1763 2233 1817 Wir selbst haben den „Feldherrnhügel“ in diesen Blättern, wie vielleicht
928 1799 2232 1856 noch erinnerlich, ohne Bedenken begrüßt, und kein einziger Wiener Kritiker
936 1843 2233 1892 glaubte, das Werk wegen gefährlicher Tendenzen verurteilen zu müssen.
936 1886 2238 1927 Einzelne Blätter bemängelten im Gegenteile — und nicht einmal ganz mit
936 1920 1693 1969 Unrecht — die Harmlosigkeit der „Schnurre".
1047 1953 2233 2018 Nun ist es selbstverständlich reine Empfindungssache, wie man sich von
936 1985 2233 2054 militärischen Gesichtspunkte zu dem Stück stellt. Die Armee wird darin sicher
935 2042 2232 2086 nicht glorifiziert. Aber doch wohl auch kaum verunglimpft. Wir fühlen uns
935 2080 2233 2130 stark genug, um heiteren Spott zu ertragen. Gewiß, wir sind in Oesterreich
928 2122 2236 2168 in dieser Beziehung ziemlich weitherzig, aber wir denken, dieser Fehler sei
931 2160 1648 2220 vielleicht verzeihlicher als — Engherzigkeit.
1059 2192 2236 2253 Zudem: Unsere Zensur hat uns bisher in keiner Weise verwöhnt. Man
935 2233 2232 2289 braucht nur an den polternden General im „Herbstmanöver“ zu denken! Spielt
931 2277 2235 2321 man nicht im k. k. Hofburgtheater Hartlebens „Rosenmontag“ und machte
931 2315 2235 2365 Beyerleins „Nach dem Zapfenstreich nicht zwei Winter lang bei uns volle
928 2357 2222 2400 Häuser? Und durfte nicht das peinlichste Offiziersstück, Schnitzlers Freiwild“,
928 2390 2233 2450 in dessen zweiten Akt ein Offizier auf offener Bühne geohrfeigt wird, sogar
925 2437 1698 2483 an zwei Wiener Bühnen aufgeführt werden?
1047 2470 2232 2520 Nach einem On dit soll im „Feldherrnhügel“ an besonderer Stelle die
920 2519 2220 2571 Rolle Anstoß erregt haben, die im letzten Akt ein durchlauchtiger General
931 2551 2228 2615 spielt: Im zärtlichen Tete-à-tête mit einer interessanten Dame unterläßt er
931 2597 2230 2644 es gänzlich, dem Gang des Manövers zu folgen, versteht es aber trotzdem,
931 2633 2228 2682 schließlich eine ganz vorzügliche Manöverkritik zu halten. Es ist, wie gesagt,
931 2677 2227 2726 natürlich Empfindungssache, ob hier die gewisse Grenze des Erlaubten schon erreicht
923 2714 2225 2767 ist oder nicht. Aber eine ganz kleine Erinnerung möchten wir zum besten
928 2750 2225 2804 geben: Im Jahre 1902 veranstaltete „Danzer's Armee-Zeitung" eine Preis¬
931 2794 2222 2837 konkurrenz für militärische Humoresken. Das Preisrichterkollegium erkannte ein¬
927 2830 2225 2873 stimmig den ersten Preis der Einsendung „Der Diplomat" zu, und als die
928 2864 2228 2922 Kuverts geöffnet wurden, zeigte sich, daß Roda Roda — damals noch nicht so
928 2907 2232 2975 bekannt wie heute — der Verfasser war. Der Inhalt dieser Preishumoreske
975 2995 2269 3078 deckt sich aber vollkommen mit der Fabel des Schlußakts des „Feldherrnhügel“
974 3036 2285 3101 Die Preisrichter hatten also nicht den Eindruck, daß diese Fabel irgendwie ver¬
972 3077 2272 3147 letzend sei. Der erste Preisrichter aber war Karl Baron Torresani und
969 3116 2271 3215 der zweite Alfred Söhnstorff: gewiß zwei kompetente Autoritäten auf
964 3153 1241 3210 diesem Gebiete
1083 3202 2267 3269 Roda Roda war damals allerdings noch k. u. k. Oberleutnant des
961 3230 2271 3311 37. Feldartillerieregiments und inzwischen hat der Offiziersehrenrat des 60. In¬
971 3274 2271 3351 fanterieregiments ihm die Charge aberkannt. Es ist aber auch Tatsache, daß
967 3324 2274 3388 zahlreiche Offiziere auch heute noch seinem intimeren Freundeskreis angehören;
967 3365 2261 3421 es ist auch bekannt, daß Roda Roda gerade vor einem Jahre zur Zeit der
962 3391 2269 3465 Krise in mehreren Städten durch Vorträge seinen zum großen Teil aus
967 3431 2267 3502 Militärs bestehenden Kreis von Zuhörern zu geradezu exzessiver patriotischer
961 3476 2266 3548 Begeisterung mitriß. Es ist endlich auch noch die sympathische Art und Weise
971 3510 2261 3584 in Erinnerung, in der Roda Roda dann aus Belgrad über die Ereignisse auf
967 3550 2266 3621 dem Balkan für mehrere große Blätter schrieb. Ohne von Roda Roda hierzu
961 3595 2274 3652 ermächtigt zu sein, möchten wir nun heute verraten, daß auch beispielsweise
958 3639 2263 3703 niemand Geringerer als der Kriegsminister G. d. J. Freiherr v. Schönach
954 3669 2261 3745 damals dem „Ex=Oberleutnant" Roda Roda offiziell Dank und Anerkennung
953 3703 1232 3765 aussprechen ließ.
1073 3737 2272 3811 Wir wollten damit nur zeigen, daß das „Problem Roda Roda keines¬
948 3775 1576 3877 wegs kurzweg abgetan werden kann!
