3436 4192
99 95 620 171 8. Freiwild
266 848 634 929 „solche An¬
133 907 644 968 weil andernfalls dem Staat
117 953 651 1010 Sicherheitspflege dabei leiden
112 1072 412 1164 feuilleton
109 1154 653 1237 sienstag, den 3. November, zum
112 1227 650 1305 Schauspiel in drei Aufzügen
112 1292 641 1379 wie im vergangenen Theater¬
116 1352 653 1414 inem Dreiakter „Liebelei" zum
120 1410 646 1458 . Draußen in der Schumann¬
114 1439 654 1504 deren und drinnen im Kunst¬
117 1485 654 1550 n, kein Plätzchen leer, als ob
120 1523 657 1586 der Zeitung gerühmt wurde —
121 1566 658 1636 ler nicht blos aus Wien
157 1614 654 1679 von ein paar Zwischen¬
171 1657 662 1719 Es war, wie gesagt,
126 1699 655 1753 Premiere von „Liebelei" und
129 1744 658 1797 be Schnitzler geblieben. Nur
126 1784 657 1842 wählt, der in dieser oberfläch¬
138 1826 661 1893 zu nehmenden Behandlungs¬
151 1870 661 1932 schon nach dem zweiten Akt
131 1925 670 1979 naten, im dritten Akt aber
133 1962 665 2027 gebenden Ausdrücken den
133 2011 672 2062 rend andere am Schlusse den
129 2044 665 2113 nd der naturalistischen Heiß¬
140 2092 664 2171 zur Partei zählen, energisch
126 2155 677 2242 ückes wird genügen, um dem
129 2218 677 2288 was dieser große Dichter der
129 2260 674 2319 Werke enthüllt hat. Erster
133 2301 678 2370 corte. Offiziere, die von
124 2350 681 2417 in und dazwischen Kognak,
133 2400 678 2448 lüssigkeiten trinken. Dazu die
137 2435 685 2507 der Theaterdirektor, der Kassier,
133 2486 681 2545 gewiß komisch ist), und anderes
141 2520 692 2578 ettet der Herr Oberlieutenant
136 2571 681 2620 siedel werde eine Einladung
133 2616 691 2671 Riedel nimmt jedoch nicht an
133 2654 688 2706 am Nebentischchen sitzt, lächelt.
203 2692 692 2756 Oberlieutenant ausfällig
127 2736 689 2814 idchen noch eine spitze Bemer¬
138 2781 689 2839 err Paul Rönnig eine Ohrfeige
151 2825 694 2882 ein Schlager!" rief begeistert
136 2867 695 2924 ann klatschte er wüthend darauf
144 2908 695 2970 bei Paul Rönnig. Oberlieute¬
147 2946 701 3011 Rönnig abgelehnt, weil nach
140 2999 694 3061 ist. Karinski hat eine Büberei
136 3041 688 3105 ese Büberei bestraft. Punktum
138 3085 692 3171 Freunde hin bleibt Rönnig stark
795 92 1185 188 box 14/2
1565 822 1708 873 .
727 862 866 929 zichtet."
777 883 1805 963 Aehnliche Mittheilungen sind auch uns zugegangen. So
691 936 1824 997 soll z. B. einer der beiden Postgehilfen, die den Vorgang
699 1014 1812 1092 und als ihm einer derselben deutlich zu erkennen giebt, daß
705 1051 1808 1127 er mit einem „Feigling" in Zukunft nicht mehr verkehren
699 1110 1811 1178 kann, lächelt er nur. Dann kommt Fräulein Riedel, gegen
708 1151 1812 1218 die sich die Welt (oder vielmehr die Theaterwelt) in ähnlicher
705 1184 1811 1254 Weise gewendet hat, wie jetzt gegen Rönnig, und obwohl sie
715 1233 1798 1307 seiner Werbung entgegnet: „Ich lieb Sie ja nicht!
705 1270 1811 1345 wird sie endlich doch seine Braut. Der Akt schließt
705 1315 1808 1391 mit einem Versuch des Oberlieutenants Rohnstedt
705 1362 1819 1431 Rönnig nochmals zum Duell zu bewegen. Er hält
708 1408 1816 1472 ihm vor, daß Karinski quittiren muß, wenn dieses
712 1452 1816 1513 Duell nicht stattfindet, daß er dann ruinirt ist, und bittet ihn,
715 1493 1818 1562 doch die Forderung anzunehmen. Es wird dafür gesorgt
713 1528 1818 1613 werden, daß ihm dabei nichts passiren kann. (!!!) Die Ant¬
716 1569 1825 1648 wort ist auch jetzt „Nein" und Rohnstedt geht mit einer
720 1623 1825 1691 Warnung, die Rönnig bewegt, die geplante Abreise aufzu¬
720 1660 1825 1739 geben. Er will bleiben, er fürchtet sich nicht. Der dritte
723 1702 1826 1771 Akt wird zum größten Theile durch Geplauder der Herren und
723 1746 1829 1824 Damen des Sommertheaters gefüllt. Unter Anderem räth
718 1797 1828 1862 der Direktor seinem Regisseur, die Choristen zu entlassen und
723 1838 1815 1908 nur Choristinnen zu verwenden, sowie dafür zu sorgen, das
722 1887 1822 1951 die schönsten Beine immer nach vorn kommen. Nachdem er
718 1928 1828 2007 ihm noch empfohlen hat, sich besagte Beine aufzuschreiben,
726 1959 1824 2037 wenn er sichs nicht merken kann (der Herr in meiner Nähe
723 2006 1829 2083 für den das Stück einen Schlager bedeutet, ruft „Bravo!"),
729 2058 1828 2120 tritt Herr Rönnig mit Fräulein Riedel auf. Nochmalige War¬
736 2090 1835 2168 nung eines Freundes, Bitten der Braut. Aber Rönnig bleibt fest.
726 2136 1836 2209 Und nun erscheint Oberlieutenant Karinski. „Ich frage Sie
732 2174 1763 2250 noch einmal, ob Sie mir Genugthuung geben wollen?
736 2228 1840 2300 „Gehen Sie mir aus dem Weg!" erwidert Rönnig. Paff —
739 2263 1840 2341 da liegt er. Der Offizier hat einen Revolver gezogen und
730 2325 1307 2403 das „Freiwild niedergeschossen.
807 2350 1839 2425 Der Leser dürfte sich nach dieser Inhaltsangabe
736 2401 1845 2475 wohl selbst sagen, daß hier ein krasser Stoff, mit dem
742 2444 1843 2524 auf die Leidenschaften des Tages spekulirt wird, in
739 2492 1831 2561 wenig künstlerischer Weise verarbeitet wurde. „Freiwild
744 2540 1850 2606 ist kein Drama, sondern eine Nebeneinanderstellung
742 2571 1843 2653 zweier Szenen, denen eine gewisse rohe Theater¬
742 2617 1848 2687 wirkung nicht abzusprechen ist: erst die Ohrfeige, dann
750 2658 1848 2735 das verschießen. Und um diese zwei Szenen
750 2701 1853 2777 herum ist allerlei überflüssiges, auf das feinere Empfinden
750 2744 1848 2828 theilweise peinlich wirkendes Geplauder angebracht, damit
756 2801 1292 2862 eben ein Stück daraus wurde.
825 2814 1865 2908 Ich empfehle Herrn Direktor Brahm als nächste Novität
763 2880 1859 2958 für das Deutsche Theater: „Die Ermordung des Justizraths
753 2924 1863 2992 Levy." Erster Akt: „Die That in der Mohrenstraße. Zweiter
760 2970 1860 3040 Akt; „Gefangennahme des Mörders Werner durch den Gen¬
760 3009 1867 3092 darmen". Dritter Akt: „Werner im Zuchthaus oder, was vielleicht
746 3062 1866 3153 noch wirksamer „Hinrichtung". Da auch diese drei Szenen
1859 771 2968 862 Hohenlohe in Folgen sehr freundlichen Umgangsformen
1862 832 2970 894 und seiner unerschöpflichen Mildthätigkeit allgemein die leb¬
1863 870 2972 942 haftesten Sympathien und sein Tod wird in allen Kreisen
1865 908 2980 976 aufrichtig betrauert. Er war einer jener fünf Kardinäle, die
1867 989 2969 1057 kein Stück geben, so könnte ja im zweiten Akt ein Vortrag
1865 1031 2966 1095 über die Kriminalpolizei gehalten werden und im ersten und
1867 1081 2752 1161 dritten Akt dürften sich Balleteinlagen bewähren.
1941 1109 2972 1181 Von den Darstellern der Novität sind die Herren
2897 1155 2980 1211 und
1870 1154 2848 1226 Nissen, Fischer, Reicher, Müller, Tielscher
1876 1212 2978 1271 Birinsfeldt, sowie die Damen Trenner und Schneider
2355 1247 2976 1309 Herr Sauer that das Mög¬
1870 1254 2297 1331 lobend hervorzuheben.
1870 1285 2972 1366 lichste, um den Nußknacker Karinski ernsthaft zu
1876 1328 2979 1405 gestalten, aber es gelang nicht recht, und Aehnliches gilt von
1873 1384 2982 1439 Herrn Ritter, der den Rönnig gab. Das Stück wird in
1870 1422 2980 1482 österreichischen Uniformen gespielt und Freunde des Verfassers
1869 1456 2985 1542 meinten, daß es die Wiener in deutschen Uniformen genießen
2656 1500 2954 1572 E. Peschkau.
1879 1526 2026 1585 werden.
1949 1578 2989 1654 Konzerte. Im Saal Bechstein veranstalteten am Montag
1883 1655 2989 1716 die Sängerinnen Martha Dirne (Sopran) und Martha
1884 1681 2987 1742 Schereschewsky (Alt) einen Lieder= und Duett=Abend.
1886 1727 2989 1787 Den Damen, welche anscheinend Schülerinnen de
1886 1767 2986 1829 Klinkworth=Scharwenka-Konservatoriums sind, wurde von
1884 1795 2994 1863 wohlwollenden Kolleginnen eine überaus freundliche Aufnahme
1884 1846 2989 1903 bereitet. Einen ermunternden Beifall haben die Damen ver¬
1883 1872 2992 1937 dient, wenn aber den ganzen Abend in solcher Weise con fuoco
1887 1915 2996 1982 geklatscht wird, so verstimmt das den unbefangenen Hörer
1890 1951 2996 2016 und giebt den Sängerinnen einen falschen Begriff über ihre
1893 1987 2994 2055 Leistungen. So überzeugend, wie anscheinend auf ihre Mit¬
1896 2028 3000 2099 schülerinnen, wirken die Damen auf gewöhnliche Menschen
1890 2062 3000 2130 vorderhand noch nicht; der Weg zu künstlerischer
1886 2109 2997 2174 Vollendung ist weit und mühsam, vielleicht, wenn sie
1890 2140 2996 2213 rastlos weiter arbeiten, gelangen sie einmal ans Ziel.
1894 2179 3000 2249 Die größere Anwartschaft auf dereinstiges vollwerthiges
1893 2218 2996 2280 Künstlerthum hat Frl. Schereschewsky, da sie neben Ver¬
1905 2249 3010 2329 ständniß und innerer Wärme auch eine umfangreiche, schöne
1900 2294 3003 2363 und völltönende Stimme besitzt. Der helle Sopran des
1908 2331 3003 2401 Frl. Dirne ist nicht sehr ausgiebig, sie wird also starken
1905 2372 3007 2435 Accenten nach Möglichkeit aus dem Wege gehen und das
1908 2413 2997 2482 leichte, anmuthige Lied pflegen müssen. Eine starke Neigung
1908 2458 3006 2518 zum Tremuliren muß die Sängerin mit aller Energie be¬
1908 2483 3010 2552 kämpfen. Das Brahmssche Lied „An die Nachtigall“ verlor
1908 2533 3010 2588 durch diesen bösen Fehler seine ganze Wirkung. Die
1910 2567 3013 2630 folgenden „Das Mädchen spricht von Brahms und „Das
1914 2599 3011 2670 Veilchen von Mozart gelangen viel besser; bei der leichten
1917 2639 3011 2706 Tongebung kam ein natürliches, angenehmes Vortragstalent
1911 2677 3009 2753 zu schöner Geltung. Die Domäne Frl. Schereschewskys
1917 2716 3013 2783 scheint umgekehrt das dramatische Lied zu sein. „Mir war's
1920 2759 3019 2822 im Traum von Bungert gelang gut, die Stimme
1918 2791 3024 2862 klang sogar wunderschon, der Vortrag aber war
1920 2831 3026 2896 auch hier, trotz allen Eifers, noch nicht unmittelbar zündend.
1917 2870 3020 2945 In dem leichter bewegten Liede „Frühlingsnacht" von Schu¬
1915 2904 3024 2986 mann machte der schnelle Sprechton der Sängerin offenbar
1927 2942 3024 3019 Schwierigkeiten; die Stimme, die vorher so frei und schön
1927 2992 3030 3052 ausströmte, klang hier recht gaumig. In anderen Liedern
1927 3020 3038 3103 gelang Anderes nicht nach Wunsch, in der Stimmung da¬
3014 1068 3095 1126 tref
3027 1225 3112 1308 in
3028 1295 3113 1343 qui¬
3031 1335 3110 1384 Hof
3037 1374 3117 1424 Kan
3034 1414 3113 1462 musi
3037 1490 3124 1540 getre¬
3034 1524 3126 1571 recht
3048 1564 3129 1616 sond
3044 1602 3123 1650 Op.
3037 1640 3123 1684 des
3043 1677 3134 1727 Mo¬
3040 1720 3137 1764 zuwe
3048 1754 3144 1807 Pian
3048 1791 3143 1845 er hi¬
3038 1826 3140 1881 ande
3050 1872 3140 1914 preto
3052 1907 3141 1966 Aben
3047 2000 3144 2088 29
3047 2058 3148 2105 die
3054 2099 3136 2141 kein
3052 2130 3151 2187 lichke
3055 2175 3164 2220 eine
3055 2212 3161 2267 Graf
3061 2287 3163 2336 komm
3064 2328 3170 2376 ersten
3067 2365 3161 2413 ländi¬
3064 2403 3170 2455 schaft
3067 2444 3171 2490 nahm
3057 2480 3164 2527 wohl
3067 2517 3177 2564 bleibe
3074 2558 3178 2605 statu¬
3064 2595 3182 2647 Kaiser
3067 2636 3172 2677 der
3074 2671 3188 2720 die zu
3074 2709 3188 2757 reichte
3071 2750 3185 2795 es,
3082 2780 3184 2838 gehalt
3079 2826 3184 2870 statt
3079 2859 3201 2908 Kaiser
3076 2898 3191 2949 sich
3076 2937 3199 2983 Dame,
3076 2976 3199 3024 küssen.
3074 3016 3204 3074 Kron
