3436 4448
138 167 689 284 8. Freiwild
95 3581 260 3654 alba¬
194 3637 277 3698 Tug
99 3685 325 3751 den Schein
119 3785 313 3855 die Be¬
822 155 1247 260 box 14/2
1512 764 2409 864 BERG, DAS THEATER IN WINTER 189697.
2839 774 2955 895 2
1000 873 1956 954 herrscher der Kulissen und Requisiten. Dieser
2067 886 2936 968 Wie Teja, hat auch Ludwig Falle
1004 944 1948 1002 Selbstverrat hat be Hauptmann freilich
1990 958 2941 1019 neuestes Bühnenwerk „Der Sohn des Kalisen
1000 990 1946 1058 würdigere und menschlich begreiflichere Be¬
1992 1012 2948 1077 eine Umwandlung zum Vorwurf. Da er einen
1000 1048 1946 1109 weggründe. Aber traurig ist er bei Beiden.
1992 1051 2943 1116 Märchenstoff behandelt, hat der Dichter auf
995 1077 1948 1160 Packend ist der Seelenschmerz Heinrichs im
1997 1094 2936 1167 Charakteristik vollständig verzichtet. Der
997 1138 1946 1211 4. Akt dargestellt, wo sich auch die meisten
1985 1150 2941 1223 Fluch eines Derwischs genügt, aus einem rohen,
1000 1191 1943 1254 und schönsten Motive finden. Die Wirkung,
1992 1201 2948 1259 jähzornigen, mitleidslosen Krieger, einen
992 1240 1939 1308 die die „Versunkene Glocke auf die Geister
1990 1254 2948 1315 Schachtlappen zu machen, dem jedes Weh
987 1293 1946 1373 ausgeübt hat, kann nur derjenigen verglichen
1985 1293 2941 1364 seines Unterthanen in die eigene Brust fahrt.
995 1337 1951 1407 werden, welche die „Andromeda des
1997 1339 2982 1398 Das Problem ist an sich sehr schön eine
995 1373 1946 1446 Euripides in der Heimatstadt des Demokrit
1985 1400 2955 1451 Siegernatur, die das Mitleid nicht kennt, zu
992 1441 1948 1490 ausgeübt hat, worüber man den wahrheits¬
1985 1446 2936 1507 einer mitfühlenden zu machen. Aber man
990 1485 1931 1546 getreuen Bericht in Wielands „Abderiten
1987 1495 2943 1560 muss es doch irgendwie vernünftig anpacken.
987 1529 1410 1601 nachlesen kann.
1987 1538 2943 1601 Hebbel hätte es dialektisch gewandt, indem
1068 1541 1943 1643 Die anderen Erfolge sind weitaus nicht
1985 1599 2948 1650 er den Helden in sich selbst spaltete, sich
992 1635 1946 1703 von der symptomatischen Bedeutung und
1987 1645 2943 1718 selbst Ubles zufügen liesse, um ihn so
990 1674 1941 1742 dürfen kürzer behandelt werden. Sudermanns
1990 1689 2933 1754 pfindlich zu machen für Leiden, die er An¬
992 1730 1936 1788 Moritur, ist in Cyclus von drei Einaktern
1985 1747 2933 1798 deren zufügte; Andere hätten es durch das
995 1783 1941 1846 die das Gemeinsame haben, dass in allen dreien
1980 1788 2941 1851 poetische Universalmittel der Liebe gethan,
995 1829 1943 1883 von Sterbensollenden und Sterbenwollenden
1985 1842 2933 1897 um ihn so teilhaftig werden zu lassen am
995 1873 1934 1936 die Rede ist; im dritten „Das ewig Männliche
1987 1885 2936 1948 fremden Weh. Aber Ludwig Fulda, der ein
987 1941 1936 1992 einer hübschen, aber nicht gerade tiefen oder
1977 1929 2933 1999 fixer Kerl ist, macht sich das sehr viel leichter;
997 1977 1934 2045 geistreichen Satire auf weibliche Geschlechts¬
1987 1987 2945 2055 er weiss auch, dass man mit Klownspassen
985 2026 1943 2089 moral, scherzhaft. Sudermann, der unter den
1980 2028 2941 2089 das Publikum am besten amüsiert, zumal in
987 2067 1931 2133 Modernen der beste Novellist ist, hat sich a
1980 2084 2938 2140 einer ernsten Dichtung, sintemalen er so das
990 2116 1934 2191 fangs im Drama als den wilden Mann ve¬
1987 2125 2933 2186 Nützliche mit dem Angenehmen vereinigen
987 2171 1943 2235 sucht, aber der Philister sass ihm im Nacken
1980 2184 2943 2235 kann. Nach empfangenem Fluche braucht Prinz
992 2220 1936 2276 und verpfuschte ihm künstlerisch seinen
1977 2232 2936 2293 Assad nur eine Maulschelle auszuteilen, wo¬
990 2273 1946 2332 schönsten Erfolg. Dann ist er bald sehr zahm
1987 2283 2936 2329 von er ein Freund ist, und schon spürt er
995 2319 1934 2378 geworden und hat sich zu einer starken dra¬
1985 2319 2931 2383 selbst einen brennenden Schmerz auf der Backe,
987 2370 1946 2429 matischen Leistung nicht mehr aufgeschwungen,
1985 2373 2933 2438 Auf diese Weise gewöhnt er sich das natürlich
995 2419 1929 2477 wiewohl er als einer der ernstesten und ge¬
1977 2426 2941 2482 so allmählich ab. Es ist dieselbe künstlerische
990 2470 1936 2521 wissenhaftesten Künstler, dem das Herz am
1980 2472 2936 2533 Naivetät wie im „Talisman", der, wenn es
983 2521 1941 2586 rechten Fleck sitzt, auch mit schwächeren
1987 2518 2933 2584 lohnte, einem neuen Lessing die Ver¬
995 2565 1934 2618 Werken zu interessieren und zu rühren ver¬
1980 2574 2931 2630 anlassung hätte geben können zu einer
980 2611 1936 2671 mag. Von den drei Einaktern, die ihm einen
1977 2613 2933 2691 Abhandlung über die Grenzen zwischen
980 2671 1931 2727 grossen, wenn auch keinen ernsthaften litter¬
1985 2669 2931 2720 Märchen und Theater. Ein poetisches Gleich¬
987 2713 1934 2768 arischen Erfolg gebracht haben, lässt sich freilich
1977 2715 2933 2771 nis, hier wirds Ereignis, eine epigrammatisch
980 2761 1931 2819 nicht viel sagen. Der erste „Teja", hört gerade
1973 2761 2931 2829 zugespitzte Fabel bringt Fulda einfach auf
980 2810 1936 2861 da auf, wo es anfängt interessant zu werden.
1977 2812 2933 2878 die Bühne, als wären Menschen das unwichtigste
987 2858 1936 2916 Das Problem ist: einen rauhen Krieger, den
1977 2861 2933 2924 auf der Scene. Er macht hübsche Verse, wie
992 2909 1936 2975 Gothenkönig Teja, der Weiblichkeit und der
1977 2916 2933 2979 man sie sich in der Fabel und Spruch¬
990 2950 1924 3018 Liebe zu gewinnen. Um das zu veranschau
1973 2967 2931 3023 dichtung gefallen lassen kann; auf der Bühne
987 3006 1931 3067 lichen, geht der Dichter ins Extrem, nimmt
1973 3013 2936 3069 sind sie einfach langweilig, sie sind ohne Leiden¬
990 3062 1936 3118 eine ungewöhnliche Situation, in der das Herz
1973 3060 2933 3113 schaft und Kraft, und wenn er Leidenschaft
980 3101 1941 3159 seines Helden verdüstert ist und dem sicheren
1973 3113 2928 3181 ausdrücken will, wird er geschwätzig. Er hat
987 3157 1936 3222 Tode ins Auge sieht. Dadurch wurde die
1973 3154 2933 3215 zuweilen auch ganz gute Einfalle, besonders
978 3188 1936 3266 Aufgabe derartig erschwert, dass sie inner¬
1985 3210 2933 3266 für die Komödie (der beste war „Robinsons
983 3251 1929 3314 halb eines Aktes gar nicht zu bewältigen war
1977 3258 2928 3317 Eiland"), aber er weiss nie etwas damit an¬
980 3302 1766 3363 es ist nur eine interessante Episode.
1973 3309 2921 3368 zufangen. Seine Schauspiele sind gar keine
1055 3334 1939 3414 Das zweite Stück „Fritzchen" ist ein
1977 3348 2921 3411 Dramen, sondern Leichtfertigkeiten, sie wachsen
983 3394 1939 3470 technisch meisterhaft ausgeführter Unsinn,
1977 3404 2921 3460 Einem vor den Augen in die Unreiffe hinein.
990 3450 1934 3506 welcher seinen Erfolg der gesteigerten Er¬
1973 3453 2931 3513 Noch ist es so lang nicht her, da sah man in
983 3494 1931 3557 regung im Publikum gegen das Duell zu ver¬
1973 3501 2928 3567 ihm so etwas, wie einen gereinigten Ibsen,
980 3547 1924 3605 danken hat. Fritzchen hat Pech gehabt, aber
1973 3545 2931 3625 oder die glückliche Vereinigung der Vortref¬
980 3601 2933 3664 deshalb ist der Lehrsatz seines Vaters, dass lichsten unter den Modernen. Heute sicht
990 3642 2931 3702 junges Blut sich austoben muss, noch nicht selbst Fritz Mauthner ein, dass er nur die
980 3695 1936 3746 umgestossen. Sudermann segelt mit allen
1977 3695 2926 3758 Schritte der grossen Kämpen nachtänzelt, ohne
987 3741 1822 3804 Winden in das gelobte Land Philistria.
1977 3751 2928 3802 ihrer Kraft und Natur eines Hauchs zu verspüren.
978 3783 1679 3875 lauter Moral wird er langweilig.
2048 3797 2931 3870 Auch äusserlich ist dieser Winter arm an
