3484 4320
950 190 1363 292 box 14/4
249 175 794 277 8. Freiwild
464 1038 872 1122 Ausschnitt aus:
657 969 1557 1167 Generalanzeiger für Hamburg allen
760 1103 1243 1210 Hamburg
470 1143 617 1197 vor:
650 1272 1307 1398 Theater und Musik.
451 1358 1506 1465 Zentralkommission für das Arbeiter Bildungswesen
740 1418 1222 1477 von Hamburg=Altona.
709 1458 1277 1554 Volksschauspiele 1913.
896 1524 1079 1600 Freiwild,
622 1549 1296 1673 Schauspiel von Arthur Schnitz,
421 1635 1630 1712 Es ist nichts Neues, was Schnitzler in seinem Freund bringt; teil¬
365 1672 1629 1753 weise sind seine Schilderungen der Verhältnisse von einer aufge¬
363 1712 1627 1798 klärteren, aufwärts strebenden Zeit bereits überholt. Das Bild, das
365 1758 1626 1833 er vom Offizier gibt, darf heute nicht mehr als typisch angesehen
359 1798 1637 1871 werden — nur das Milien, in dem der Schauspieler der Schmiere lebt,
359 1833 1637 1916 mag heute noch das Gleiche sein, wie damals, als Schnitzler sein Stück
379 1879 1634 1957 schrieb. Auf den feinfühligen Theaterbesucher wirkt das Ganze zu
373 1916 1642 1997 grell, zu prononziert, er leidet unter den Uebertreibungen des mit
367 1946 1634 2026 einem Morde endenden Schauspiels. Und aus diesem Grunde nimmt
367 1989 1638 2069 man auch wenig mit nach Hause. Die falschen Ehrbegriffe gewisser
370 2040 1640 2110 Kasten, die Unsinnigkeit des Duells sind schon viel seiner und über¬
379 2069 1637 2152 zeugender geschildert worden, als es Schnitzler hier tut, und die Schau¬
382 2105 1635 2190 spieler, die er auf die Bühne stellt, den Herrn Direktor, die Soubrette,
370 2152 1640 2238 den Liebhaber kann man im ersten besten Theaterroman finden, sie sind
379 2183 1632 2277 zu typisch, zu allgemein gesehen, um irgend welches Interesse wach
379 2260 542 2324 zurufen.
438 2250 1640 2357 Die gestrige Aufführung im Altonaer Stadttheater litt namentlich
381 2313 1646 2392 im Anfang unter einem etwas schleppenden Tempo, das sich besonders
379 2352 1653 2429 in der Konversation bemerkbar machte. Den Paul Rönning, der das
379 2394 1650 2475 Duell ablehnt, spielte Alfred Haase vielleicht etwas
728 2432 1650 2494 zu weichlich. Oskar Hardel hingegen
390 2459 692 2515 zu energielos,
704 2474 1656 2542 sein Oberleutnant Karinsky stand hart an
382 2501 556 2556 übertrieb
381 2509 1653 2587 der Grenze der Karikatur, das gilt auch von Hans Stahls Poldi
387 2545 1658 2622 Grehlinger. Durchaus vornehm und sympathisch gestaltete Gustav
376 2593 1656 2668 Keune seine Vermittlerrolle als Oberleutnant Rohnstedt. Danny
387 2626 1656 2708 Brüll als Dr. Albert Wellner hatte die Maske nicht sehr glücklich
394 2663 1664 2746 gewählt und hätte diskreter in der Darstellung sein können. Amüsant
389 2700 1664 2780 war Fritz Jessner als Liebhaber und Heldendarsteller Balduin.
395 2741 1658 2823 Hella Wagner brachte als Soubrette die nötige Keckheit mit
397 2776 1662 2888 Bally von Küstenfeld als Naide schien uns zu larmoyant, es
392 2843 789 2918 fehlte ihr an Frische.
449 2826 1680 2944 Für die Regie zeichneten die Herren Goter, Haase, Harde
392 2902 1658 2982 und Jessner. Das dankbare Publikum rief die Darsteller an
1504 2940 1630 3004 E. M.
402 2958 1136 3046 Schlusse unzählige Male vor die Rampe.
2418 140 2740 193 ohne Gewähr.)
2290 163 2631 288 B
2685 182 2968 293 Tagblatt
1989 214 2384 285 Ausschnitt aus
1999 306 2400 398 vor: 12 11 1913
2292 432 2591 553 „Freiwild
1956 520 2929 610 (Prédac. Schauspiel in drei Akten von Artur
1952 588 2932 671 Schnitzler. Erstaufführung im Ungarischen Thea¬
2222 644 2644 719 te am 11. Oktober.)
2030 673 2932 754 Ein krasses Beispiel unserer schnellebigen
1946 749 2934 805 Zeit, die mit einer Wendung ein heute noch
1952 792 2928 869 heiss umstrittenes Problem morgen der Ver¬
1949 843 2934 913 gangenheit zuwirft, über jede Rückerinnerung
1946 886 2936 959 darüber zur Tagesordnung schreitend. So steht
1952 931 2928 998 es auch mit dem heute im Ungarischen Thea¬
1952 980 2928 1052 ter zur Aufführung gelangenden Stück Schnitz¬
1949 1044 2046 1116 lers.
2040 1049 2947 1149 Im Jahre 1896, als Schnitzlers Werk er¬
1949 1120 2939 1189 schien, war es ein Problem. Morgen wird man
1951 1178 2936 1238 im Lexikon nachsuchen müssen, um das eigent¬
1952 1222 2940 1293 liche Problem, das in diesem Stücke enthal¬
1959 1267 2595 1336 ten ist, verstehen zu können.
2042 1304 2942 1374 Ein Mann verweigerte einem anderen Manne
1952 1366 2944 1434 gegenüber, den er beleidigt, insultiert hat, die
1952 1412 2940 1469 ritterliche Satisfaktion mit folgender Begründung
1940 1466 2955 1567 ich züchtigte ihn, weil sein Benehmen eines
2166 1532 2410 1611 A
1949 1599 2932 1662 Mannes unwürdig. Meinerseits halte ich die An¬
1952 1650 2936 1713 gelegenheit für erledigt und bin nicht gewillt,
1949 1699 2928 1755 mich seiner Kugel preiszugeben. Das aufge¬
1952 1742 2939 1796 worfene Problem ist nun folgendes: Besteht ein
1949 1791 2929 1839 Recht, die Satisfaktion in diesem Falle zu ver¬
1949 1834 2932 1901 weigern und den Gegner — der zufällig Of¬
1940 1890 2934 1949 zier ist mit dieser Weigerung zur Ablegung
1943 1935 2929 2003 seiner Charge, also quasi zu einem moralischen
1935 1984 2415 2053 de un verdamment
2024 2010 2934 2088 Um das aufgeworfene Problem im Lichte
1943 2050 2944 2140 Schnitzlers beurteilen zu können, ist es vielleicht
1943 2128 2932 2193 am geeignetsten, den Inhalt des Stückes wieder¬
1938 2180 2126 2247 zugeben.
2034 2190 2936 2274 In einem kleinen Badeorte ist eine kleine
1940 2266 2934 2320 Theaterschmiere. Ihre Schauspielerinnen gelten
1946 2306 2932 2365 als aller Welt Freibeute, Freiwild. Da hat das
1949 2349 2936 2408 eine dieser jungen Dinger den Mut, sich den
1940 2397 2939 2445 Herren Offizieren zu verweigern. Bei den Herren
1943 2440 2932 2491 Offizieren löst dieses Benehmen Empörung aus.
1935 2483 2932 2539 Sie unterschieben — ungewohnt solcher Sa¬
1946 2521 2940 2576 chen — andere Motive diesem Verhalten. Und
1943 2564 2932 2625 als Oberleutnant Karinszky die junge Schau¬
1943 2611 2945 2673 spielerin aufsucht und auf geschlossene Türen
1938 2670 2939 2716 stösst, nimmt er das Ganze — wie man eben
1943 2693 2937 2768 geschlossene Türen zu deuten pflegt. Und als
1943 2743 2937 2787 er dieser seiner Meinung offen und höhnend
1943 2787 2937 2837 Ausdruck verleiht, versetzt ihm Rönnig, ein
1946 2824 2929 2885 wirklicher Freund der kleinen Schauspielerin,
1946 2872 2918 2928 dem ihre Reinheit heilig eine Ohrfeige. Allge¬
1943 2920 2939 2971 meine Entrüstung. Der Vorhang fällt und mit
1946 2961 2932 3019 diesem theatralischen Effekt schliesst der erste
1940 3006 2936 3060 Akt. Nun eilen die Geschehnisse rasch ihrem
1949 3044 2936 3095 Ende zu. Karinszky fordert Genugtuung. Kon¬
1940 3089 2934 3141 nig verweigert sie, mit der uns schon bekann¬
1943 3132 2929 3181 ten Motivierung. Alle Mühe ist vergeblich. Er
1943 3172 2937 3231 beharrt auf seinem Willen, von dem ihn nichts
1940 3218 2929 3280 und niemand abbringen kann. Und jetzt ant¬
1940 3269 2931 3328 wortet Schnitzler mit einer Revolverkugel. Der
1943 3302 2932 3366 berüchtigte Verleumder entledigt sich seines
1940 3345 2778 3419 Züchtigers, indem er ihn niederknallt.
2099 3395 2576 3458 Auch eine Lösung!...
2024 3422 2936 3489 Wir wollen dieses Stück mit seinen auf den
1938 3481 2929 3544 Kopf gestellten Situationen und Knalleffekten
1938 3533 2936 3589 nicht näher untersuchen, da es der Fehler des
1940 3578 2929 3640 Ungarischen Theaters war, dieses von der Zeit
1943 3634 2934 3686 schon längst überholte, unzeitgemässe Schau¬
1936 3675 2928 3731 spiel dem prächtigen Dreiklang: Der Rui des
1940 3715 2934 3790 Lebens, Anatol, Der grüne Kakadu als viertes
1938 3769 2211 3850 anzugliedern.
2024 3792 2931 3879 Bei der heutigen Uraufführung werden wir
1940 3847 2928 3922 auch das Vergnügen haben, Fräulein Verö ken¬
1943 3908 2931 3976 nen zu lernen. Allem Anscheine nach wird sie
1940 3959 2928 4023 bei ihrem heutigen Erstauftreten grossen und
1940 4008 2934 4061 wohlverdienten Erfolg ernten, etwas, was ihrem
2762 4054 2902 4139 NB.
1943 4058 2504 4142 Können nur voll zukommt.
