3484 4224
844 139 1262 253 box 14/4
154 139 675 253 8. Freiwild
473 858 1277 987 Dr. Max Goldschmidt¬
550 961 1196 1060 Bureau für
624 1031 1112 1126 Zeitungsausschnitte
385 1064 1354 1192 verbunden mit direktem Nachrichtendienst durch
613 1170 1104 1236 eigene Korrespondenten.
429 1200 759 1288 Berlin N. 24.
914 1200 1299 1295 Telephon: I, 3051.
649 1317 1068 1434 Ausschnitt aus
580 1504 1163 1622 cher Courier, Fürnberg
829 1702 1174 1856 FER, 20
1394 1812 3276 1948 nicht liebe, in Wahrheit wohl, um nicht den Verdacht baut ist. Nur die Verbindung zwischen den
1394 1911 3298 2007 aufkommen zu lassen, daß sie Rönning seines Geldes Typen des Freiwildes, Anna Riedel und Paul
1394 1966 3317 2043 wegen heirate. Da wird die junge, umschwärmte ning, erscheint durch das Band der Liebe etwas
598 1812 1178 2066 Feuilleton.
1401 2014 3317 2102 Künstlerin eines Tages von dem Oberleutnant Ka= waltsam geknüpft. Daß der Dichter den fa
1401 2054 3309 2146 rinski zu einem Souper eingeladen. Sie schlägt na¬ Ehrbegriff obsiegen läßt, ist ihm wohl zum Vo
730 2084 1038 2198 Freiwild.
1401 2110 3306 2190 türlich das beleidigende Ansinnen ab. Aus diesem gemacht worden. Doch mit Unrecht. Ist es im
378 2124 3309 2264 Schauspiel in 3 Akten von Artur Schnitzler. Anlaß geraten Karinski und Rönning aneinander, nicht meistens auch so Gerade in dem Ausgang
2421 2209 3317 2275 Dramas zeigt sich die Objektivität, mit der der E
426 2223 2396 2297 t. Nürnberg, 8. Febr. (Intimes Theater.) Als Karinski, der den Streit provoziert hat, Rönning
1416 2253 3320 2337 schwer reizt und beleidigt, wird er von diesem geohr= die Frage behandelt hat, und gerade wegen dieser
378 2278 1387 2355 Artur Schnitzler ist noch immer der kraftvollste und
1412 2297 3317 2385 feigt. Die Folge ist natürlich eine Forderung seitens jektivität ist das Schnitzlersche Stück wie wenige
382 2330 1390 2388 bedeutendste der jungösterreichischen Dramatiker, der
2421 2355 3302 2443 eignet, Aufklärung zu geben über den falschen
385 2363 2399 2443 glänzendste Stern „Jungwiens“, neben dem die des Oberleutnants, die Rönning aber ablehnt. Wenn
385 2407 3089 2484 Sterne des jüngsten Wien": Hawel, Schönherr, Karinski keine Satisfaktion erhält, dann muß er den begriff, der der Mord sanktioniert.
2476 2425 3309 2531 Die Hauptrollen wurden ganz vorzüglich
1405 2458 2403 2524 Offiziersrock ausziehen. Seine Freunde versuchen
378 2473 1383 2535 Werkmann verschwinden wie Meteore, die ebens¬
2425 2495 3291 2564 gegeben, namentlich die des Paul
389 2517 2407 2590 schnell verbleichen wie sie auftauchen. Schnitzler war darum, Rönning durch Ueberredung zur Einwilligung
1409 2542 3313 2627 in den Zweikampf zu bewegen. Er soll nur spielen ning von Herrn Walter, des Oberstleutnants
382 2568 1379 2627 es, der in der „Liebelei" den Typus des „füßen Mä
2425 2594 3320 2660 stedt von Hrn. Beck, der Anna Riedel von Frl.
1405 2605 2396 2671 mit der Formalität. Doch Rönning gesteht dem
382 2623 1383 2682 dels" und in seinen feinziselierten „Anatol=Dialogen
393 2642 3317 2726 den Typus der weltmüden Anatols schuf, denen die jenigen, der ihn grundlos beleidigt hat, weder das Gut waren auch Hr. Kirsch als Oberleutnan
382 2689 3306 2785 bunte, sich um Hermann Bahr scharende Gruppe Recht zu, ihn zu töten noch ihn zu begnadigen. Eben rinski, Hr. Krampff als Poldi Grehlinger,
378 2733 3320 2829 „Jungwiens“ so fest anhing, daß es außer Schnitzler ist er im Begriff, Anna, die ihre Stellung am Kur= Herbig als Enderle. Hr. Rehfeld gab den Di
1412 2785 3302 2862 theater des kleinen Badeortes aufzugeben gezwungen des Sommertheaters zu sehr als Karikatur.
378 2810 1372 2873 keinem von ihnen gelang, sich davon los zu machen.
459 2832 3317 2946 Schon in die „Liebelei" mengen sich soziale Töne, ist, nach Wien zu ihrer Mutter zu begleiten, als er Milieu war nicht durchweg bestimmt genug he
389 2895 2627 2968 stärker noch schlägt der Dichter sie in „Freiwild“ an, erfährt, daß Karinski eine Gewalttat gegen ihn plant, gearbeitet.
2484 2917 3324 2994 Das Publikum nahm Stück und Vorstellung
385 2935 2403 3019 Freiwild ist die Schauspiel in für den skrupellos sie Um nicht als Flüchtling und Feigling zu erscheinen
2432 2979 3320 3071 starkem Beifall auf. Einmal gab es sogar Beif¬
1416 2986 2403 3056 bleibt er, trotz der Bitten Annas, die endlich einge¬
385 2994 1387 3067 verfolgenden Lebemann, Freiwild für eine gewiss
382 3034 2715 3133 Kaste der Gesellschaft, die wähnt, eine besondere Ehre willigt hat, die seine zu werden. Bald wird er von offener Szene.
382 3078 2403 3166 zu haben, der Mann, der den Ehrenkodex dieser Kaste Karinski gestellt, und, als er auch jetzt noch die Satis¬
385 3129 2410 3210 nicht anerkennt. Anna Riedel stammt aus einer faktion verweigert, von diesem niedergeschossen. Ka¬
382 3184 2410 3258 armen Familie. Die Liebe zur Kunst hat sie zum rinskis Ehre ist nach dem Offiziers=Ehrenkoder da¬
393 3221 2407 3302 Theater getrieben. An einem kleinen Kurtheater hat mit wiederhergestellt. Schutzlos aber ist das arme
393 3262 2414 3357 sie ihre erste Anstellung gefunden, und mit einer Mädchen geworden. Die Jagd auf das Freiwild wird
393 3324 2425 3401 Gage von 50 Gulden monatlich schlägt sie sich schlecht von neuem aufgenommen werden, und dieses über
382 3372 2330 3445 und recht durch. Sie könnte allen Sorgen mit einem kurz oder lang wohl der Hetze zur Beute fallen.
1475 3390 2425 3493 Im 1. Akt setzt das Schnitzlersche Schauspiel mi¬
385 3430 1401 3496 Male ein Ende machen, wenn sie der ehrlichen Wer¬
389 3467 2330 3548 bung des jungen, wohlhabenden Malers Paul Rön einer etwas breiten Milieuschilderung ein, aus
1420 3511 2344 3577 dann allmählich die Handlung herauswächst, die
393 3526 1398 3592 ning Gehör schenken wollte, doch sie lehnt es ab,
393 3562 2421 3680 seinem Antrage nachzugeben, angeblich weil sie ihn kurzen, knappen Strichen technisch meisterhaft auf
