3392 4256
787 206 1209 301 box 14/3
103 210 640 305 8. Freiwild
1401 1051 3015 1140 der des Kunst wurden Reichstag nicht mehr annehmen
1754 1107 3003 1162 werde. Herr Siegle, welcher während des verflossenen Winters zur
88 1107 864 1184 gut ist.
1754 1154 3003 1198 Wiederherstellung seiner schwer angegriffenen Gesundheit in Meran
88 1165 460 1239 aber sein, wenn
562 1154 1735 1228 Dasselbe ergiebt sich aus der Zusammensetzung. Selbstverständlich
1754 1187 3003 1235 wohnte, befinde sich seit einigen Wochen in seinem Landhause zu Ammer¬
74 1232 2996 1283 liberale Pester See gehören die Mitglieder allen möglichen ürchlichen und politischen Richt= und am Starnberger See und erfreue sich stetiger, wenn auch lang¬
493 1165 3000 1349 a eu de de¬
74 1309 169 1393 kr.
493 1342 2978 1393 Typus tritt nun einmal im realen Leben stets nur mit einem Duellweigerung zu bekunden. „Mich kann ja gar niemand beleidigen
1812 1382 3003 1437 so meint er, vergißt aber dabei, daß er dann auch umgekehrt eigent¬
489 1382 1739 1426 individuellen Temperament verquickt in die äußere Erscheinung, und
493 1423 3007 1478 Offizierswelt, freies Bürgerthum, Theaterwelt, echt weibliches Liebes¬ lich seinem Gegner keine Schinach anthun konnte, oder aber diese als
81 1434 305 1515 Schnitzler.
485 1459 2448 1515 empfinden und freundschaftlicher Ausgleichsversuch ergeben hier — bis solche wie ein Mann respektiren mußte.
96 1496 1732 1548 doppelter Bedeutung, auf die charakteristischsten Temperamente der bürgerlichen wie militäri¬
1834 1470 3007 1562 Doch konsequent oder nicht in diesem einen Punkte — jedenfalls ist
85 1518 3003 1588 weibliche Theaterwelt schen oder schauspielerischen Genossen herab — eine so wechselreiche, die klare Menschenzeichnung mit dem gewichtigen Lebensproblem über¬
85 1573 460 1640 jagdbares „Freiwild
485 1577 3003 1625 vielseitige Kombination, daß wan Schnitzler vielmehr dazu beglück aus packend verknotel, sind die einzelnen Charaktere, jeder in seiner
70 1621 3011 1684 der Frage im weiteren wünschen darf, daß er diese individuele Spiegelung und vielfarbige Sondersprache und mit seiner besonderen Strebensrichtung, prägnant
81 1654 3003 1706 macht sich ein Mann, Berechnung der gegebenen Hauptidee nicht etwa zu Gunsten jenes und ungemein lebensvoll auf die Bühne gestellt; und gar treffend fügt
77 1691 3003 1746 Schimpf versagt, selbst trivialeren Typs wieder verflüchtigt und sich so gerade um den eigent- Emil Scheffer in seiner literarischen Studie über Arthur Schnitzler
74 1735 3003 1787 der bürgerliche Civilis lichsten Vorzug seines Bühnengeschies gebracht hat. Der so entstandene „Gesellschaft“, 13. Jahrgang, Heft 4, wo man auch ein Porträt des
74 1768 3011 1838 Königs Rock tragenden Konflikt, in dem jeder wahr und ehrich, völlig unkarikirt oder zu Dichters findet) zudem noch bei: „Das Treiben der Schmierengesellschaft
74 1812 3003 1860 ück hier zu thun und Gunsten gar irgend einer Gesellschafts sicht in der Moral verschoben, in dem kleinen Badeorte, das Theater auf dem Theater, vor Arthur
103 1845 467 1893 lebhaft in aller Er¬
493 1845 3007 1901 einfach seine besondere Anschauung lebt und vertritt, dieser aufregende Schnitzler ist es noch kaum jemals so frisch und ehrlich gezeichnet
74 1875 3011 1934 Tragweite der hiermit Konflikt könnte in der ausgezeichnet lebenswahren Inszenierung und worden." Kommt hierzu noch, wie vorgestern, eine geradezu ideal an¬
74 1919 474 1985 Zur Jagd auf Frei¬
496 1926 3015 1974 Darstellung am hiesigen „Residenztheater" einem ernst Nach= gepaßte Vertheilung der Rollen, so daß jeder an der rechten, gerade
81 1963 3003 2018 all der in alten junker denkenden wahrlich eine schlaflose Nacht bereiten. Und in der That seinem Naturell gemäßen Stelle im Rahmen steht und das Gewand
88 2004 3011 2073 mit seiner natürlichen erscheint uns denn auch dieses „Freiwild“ als ungleich präziser im allen ohne Ausnahme, sonder Falten und Engen, wie angegossen auf
77 2037 3000 2092 leg dazu dem Bürger= dramaturgischen Wurf und tiefer angelegt in der sozialen Idee, als die dem Leibe sitzt — nun, so kann man gewiß nur bedauern, daß solche
81 2077 3003 2132 heraufdämmernde neue vorigen Sommer an derselben Stelle begrüßte, etwas oscillirende Leistungen in solch' rastloser Folge und beängstigender Häufung, jetzt
81 2118 1018 2169 derts erfüllten Geistes¬ „Liebelei“ unseres Verfassers.
1757 2121 3003 2180 zur heißen Jahreszeit, statt zur empfangsfreudigeren Winterperiode,
77 2151 471 2217 bezüglichen Freibrief
566 2154 3007 2209 Natürlich läßt sich sehr leicht nachträglich sagen, daß sich Pau herausgestellt und den bedauernswerthen Schauspielern zum Spiel vor
88 2198 3007 2243 n, die sich uns da auf¬enning mit der von dem bereingefallenen Missethäter, Oberlieutenant zumeist leeren Bänken die Memorirungen so vieler Neuheiten leider
77 2231 3007 2298 t ein auffallend gutes Karinsky, bei seiner Rückkunft an den Kameradentisch selbst ausdrücklich aufgebürdet werden. Weit mehr als die in 25 bis 50 Aufführungen
74 2268 3000 2323 Litartikel=Puppen, echt konstatirten Ehrenhaftigkeit der Theaterdame begnügen und sich darauf zu wiederholenden Operetten, Volksstücke, Singspiele und Schwänk¬
85 2312 3015 2364 Charakteristik gegeben, hin füglich aus dieser Gesellschaft ruhig entfernen konnte — zu dem die umgekehrt gerade auf den im Sommer notorisch erlahmenten
493 2345 3015 2419 herausfordernden Lächeln und weiteren Reizen des heißblütigen Theaterbesuch die entsprechend elektrisirende Zugkraft ausüben könnten,
77 2353 463 2415 hatsache, daß hier da¬
77 2390 3015 2441 , überaus komplizirten Kavalleristen lag ein direkter Grund nicht mehr vor. Auch später, eine würden uns solch ernste Problemstücke für die winterliche Hauptsaison
1757 2434 3018 2481 geeignet dünken. Um so bemerkenswerther aber jedenfalls, wenn man
74 2426 1735 2496 ungemein fesselnd ent¬ ausweichende Flucht nach modernem unbekannten „Neuland“ erschien
1761 2470 3007 2518 eben mitten im Sommer einer so vortrefflichen, gut abgerundeten Vor¬
493 2463 1739 2518 ja für einen wahrhaft freien und überlegenen, auch über alle Feigheits¬
496 2507 1732 2551 Vorurtheile in diesem Falle erhabenen Geist noch keineswegs so sehr
1765 2511 3015 2577 stellung, wie z. B. dieser, begegnet. Einem solch überraschend günstigen
77 2481 467 2562 möglich geworden, die
493 2540 1739 2588 ungerechtfertigt. Und vollends verwunderlich will manchem vielleich
1765 2540 3000 2610 Eindruck gegenüber steht dann auch die Bemerkung unwillkürlich zurück
81 2544 467 2603 wirksam zu gestalten
74 2584 3011 2636 de Mischung der ver= der Umstand vorkommen, daß der Verfolgte im letzten Augenblick nicht daß zum vollen überzeugenden Bilde eigentlich noch mehr österreichisches
74 2617 3011 2673 5—6 ganz heterogene die kurz zuvor noch geprüfte eigene Waffe seinem Widersacher — Wurst Idiom, als hier erreichbar war, gehört hätte. Aber wie fein abgestuft
74 2662 3011 2709 auch streng konsequent, wider Wurst — entgegenhält. Aber bei einer Berücksichtigung des in der Charakteristik bis zum Parallelismus waren nicht die drei mili¬
77 2698 3015 2750 nismus auf einander erstgegebenen Einwands wäre allerdings das ganze Stück hinfällig und tärischen (die Herren Witt, Treptow, Martini, und die drei
77 2735 3007 2790 ing einander fremder unnütz geworden; der zweite wiederum ist ausschließlich Temperaments civilistischen (die Herren Burmester, Dr. Manning, C. Friese
74 2768 3011 2827 Ur=Unterschied zwischen sache des einzelnen und das dritte Moment kann immer noch als Figuren der gegnerischen Parteien; wie prächtig wiederum die dazwischen
74 2816 3000 2882 Grundgegensatz zurück= unglückseliger Zufall unüberlegten Handlungsdranges — sich im Be¬ tretende lustige Schauspieler=Gruppe von den Herren Janda, Päts
77 2856 3033 2908 ch weit klarer zu Tage, wußtsein seines Rechts den Weg zu bahnen — aufgefaßt und begriffen Sturm, Hungar, Weise, sowie den Damen Lührssen und Stehle
496 2893 3018 2959 werden. Bliebe somit höchstens noch als ein einziges inneres Manko (mit Galgenhumor sozusagen) erfaßt! Namentlich den jovialen Filon
85 2893 471 2941 Antheilnahme an den
74 2934 3011 2989 eatermensch" genannten die geistige Inkonsequenz in dem Helden: über die einem über den von Theaterdirektor des erstgenannten werden wir als ein köstliches
77 2959 2989 3018 allgemeiner Menschen Weg gelaufenen Buben angethane öffentliche Züchtigung bei sich Ge=Kabinetsstück in Ton, Garderobe und Maske nicht so bald vergessen¬
70 3007 3011 3081 sia Niedel ein — um nugthuung zu empfinden, im gleichen Athemzuge aber auch seine voll¬ es war vielleicht die gelungenste Gestalt, die Herr Janda während
