3436 4448
142 193 682 299 8. Freiwild
832 193 1247 306 box 14/2
299 735 410 815 260
844 728 1755 858 BE, DES THEATER M WINTER 189697.
299 844 1273 936 Gele sich zusammensetzt, ist doch die nicht
1300 849 2257 948 nicht einmal die Direktoren. Das Theater ist
306 914 1261 979 zu unterscharende Gefahr vorhanden, dass
1302 921 2158 991 eine zweifelhafte Gesellschaft geworden.
304 972 1254 1044 der ruhige und solide Entwickelungsgang der
1374 974 2252 1054 Die Erfolge aber, und es sind ungefähr
309 1008 1254 1092 Volkswirtschaft durch Sprünge, zu denen
1304 998 2247 1097 45 Stücke, die das Repertoire beherrschen,
306 1049 1261 1131 schliesslich der Atem fehlt, unterbrochen
1307 1083 2240 1136 sind das hoffnungsloseste an diesen Zustän¬
309 1116 1259 1177 werde. Der grosse Vorzug, welchen die
1302 1133 2245 1184 den. Wildenbruchs Heinrichsdrama, Haupt¬
306 1150 1249 1227 Banknote gegenüber dem Papiergeld hat, be¬
1295 1177 2250 1232 manns „Versunkene Glocke, Sudermanns
301 1210 1259 1280 steht namentlich darin, dass die Ausgabe von
1302 1225 2240 1280 „Morituri", Sardous Marcelle“ und Schön¬
309 1251 1259 1321 Banknoten bis zu einem gewissen Grade
1307 1276 2238 1341 thans „Renaissance“. Dies eine Harmlosig¬
299 1304 1249 1391 selbständig von dem Bedürfnisse des Ver¬
1302 1317 2242 1377 keit, als waren nie die Schatten des Natura¬
304 1345 728 1432 kehrs geregelt wird.
1307 1365 2242 1444 lismus und der sozialen Not über die mo¬
371 1365 1249 1466 lerdings geht die Behauptung der Bi¬
1297 1406 1816 1468 derne Bühne gegangen.
297 1459 1261 1521 metallisten dahin, dass die Menge des im
1365 1430 2245 1526 Alle drei Jahre spielt sich im Herbst seit
306 1502 1259 1572 Verkehr befindlichen Geldes für die Gegen¬
1295 1485 2240 1575 einiger Zeit eine Komödie in unserem Theater¬
299 1555 1249 1608 wart bereits, von der Zukunft ganz zu schwei¬
1307 1562 2245 1620 leben ab, deren Veranlassung der „Schiller¬
294 1608 1256 1664 gen, hinter dem Bedürfnis zurückbleibe, da
1302 1613 2242 1688 preis ist. Unser Kaiser hat bekanntlich vor
304 1649 1254 1705 die Goldproduktion nicht imstande sei, die
1295 1664 2240 1724 dem Rat und Vorschlägen seiner Kommissio¬
304 1693 1254 1770 Münzbecken der Kulturstaaten zu speisen.
1297 1707 2238 1767 nen nicht gerade den grössten Respekt. Er
369 1743 1254 1806 Die hervorragendste Autorität für diese
1295 1755 2235 1835 ist gewöhnlich anderer Ansicht. Darüber
287 1767 1249 1861 Ansicht ist der Wiener Geologe Eduard
1290 1806 2242 1871 fühlen sich hinterher die Herren beleidigt,
297 1842 1254 1912 Suess. Indess finden die düsteren Prophe¬
1290 1861 2240 1924 statt sich vorher zu überlegen, ob es der
294 1895 1259 1953 zeiungen der Bimetallisten in den gegenwär¬
1309 1905 2240 1975 Würde eines freien Mannes entspricht, ein
292 1948 1249 2033 tigen Verhältnissen der Goldproduktion keine
1297 1943 2238 2011 Amt anzunehmen, in dem man nichts zu sa¬
299 1987 600 2066 Unterstützung.
1297 2006 2240 2064 gen hat und Ratschläge zu erteilen, von
1295 2059 2240 2119 denen mit einiger Zuversicht angenommen
1290 2107 2247 2168 werden kann, dass sie doch nicht beachtet
1290 2144 2242 2209 werden. Im Übrigen ist die Verteilung der
1288 2192 2238 2269 Schillerpreise für unsere dramatische Kunst
408 2163 1143 2283 Das Theater im Winter 189697.
1295 2259 2233 2310 so ziemlich der gleichgültigste Vorgang, der
644 2262 897 2339 Von Leo BERG.
1295 2300 2235 2353 sich denken lässt. Es ist eine rein private
357 2291 1249 2402 Die Theaterkrisen, die jeweilig ausbrechen,
1290 2349 2233 2411 Angelegenheit des Kaisers, wenn er mit dem
292 2353 1244 2438 sind immer der sichtbar gewordene Wider¬
1295 2387 2228 2459 Preise beglücken will; im besten Falle kann
297 2435 1249 2486 spruch des Kunstproblems Drama. Des
1283 2433 2223 2513 er nach den Grundsätzen dieser Stiftung
294 2476 1247 2549 krankt an dem Widerspruch, dass es zugleich
1285 2479 2226 2566 einen vorhandenen Erfolg bestätigen. Junge
287 2532 1249 2587 eine ganz individuelle und eine soziale Kunst
1285 2534 2233 2616 Dichter zu ermutigen, ihnen die Mittel zum
282 2582 1247 2635 sein will, dass während es die reiste, in sich
1295 2590 2228 2655 freien Schaffen zu gewähren oder Aufführun¬
285 2628 1249 2684 am feinsten ausgebildete Kunst ist, es doch auf
1285 2645 2228 2705 gen zu ermöglichen, die ohne eine kräftige
287 2679 1249 2725 den Augenblick, auf die Masse sich ange¬
1290 2689 2228 2754 materielle Unterstützung nicht möglich wären,
287 2722 1251 2792 wiesen sicht. Das Drama, das auf eine innere
1280 2734 2226 2809 hat gar nicht in den Intentionen des Stifters
287 2773 1242 2833 logische Entwicklung hinzielt, soll am un¬
1285 2787 2221 2857 gelegen. Würdelos aber ist jedesmal das Ge¬
287 2824 1242 2886 mittelbarsten auf die Sinne des Publikums
1278 2836 2228 2901 bahren der Presse und gewisser Dichter.
289 2869 1244 2934 wirken. Das Problem ist, die innerlichsten
1290 2881 2230 2951 Dass der Kaiser einen Dichter nicht krönen
287 2910 1239 2985 Kunstmittel in Klownspässe umzusetzen. Wäh¬
1288 2934 2221 2995 wird, der einen ihm persönlich unausstel¬
282 2971 1244 3031 rend sich das Drama in die höchsten Kunst¬
1276 2988 2226 3055 lichen Stil bisher kultiviert hat und Tendenzen
280 3026 1237 3089 formen hinauszuarbeiten strebt, strebt das
1278 3024 2226 3096 vertritt, die doch schnurstracks nicht den
294 3065 1244 3125 Theater zum Zirkus und zum Tingeltangel.
1278 3074 2226 3152 seinigen nur, sondern denen jedes Fürsten
292 3115 1242 3173 Es besteht zwischen Drama und Theater ein
1276 3137 2221 3192 zuwiderlaufen müssen, das hätte den Herr¬
292 3164 1237 3229 unheimlicher Gegensatz nicht ers von heute.
1278 3188 2230 3243 schaften doch eigentlich selbstverständlich sein
280 3221 1235 3284 Das Buchdrama hat sich nicht zufällig ent¬
1278 3238 2221 3296 sollen; ebenso, dass kein Mensch, also auch
292 3260 1237 3320 wickelt, und das Theater nicht erst seit gestern
1285 3272 2228 3349 ein Kaiser, nicht so leicht einen Preis auf
282 3306 1237 3376 seinen verächtlichen Klang bekommen. Man
1278 3330 2221 3383 ein Stück setzen wird, das ihn selbst zur
285 3356 1235 3431 kann ganz allgemein das Gesetz aufstellen:
1276 3371 2221 3436 Zielscheibe hat, oder dessen Erfolg doch
292 3412 1237 3472 Der Dramatiker ist auf die Bühne angewie¬
1283 3419 2221 3479 darin bestand, dass das Publikum es geglaubt
280 3470 1235 3520 sen, aber indem er um sie buit, prostituiert
1278 3472 2223 3532 hat, wie im Falle des „Talisman". O über das
285 3506 1237 3576 er seine Kunst. Die Geschichte des Dra¬
1278 3528 2221 3593 Anstandsgefühl unserer Dichter! Sie möchten
285 3559 1225 3614 matikers ist selten etwas anderes als der
1285 3566 2221 3631 Revolutionäre sein und zugleich Akademiker
280 3612 1201 3668 Prozess der Selbstauflösung des Künstlers.
1283 3622 2228 3701 und Hofdichter. Auf den ersten Wink von
354 3648 1232 3713 In diesem Winter ist die Krise akut ge¬
1290 3663 1989 3745 ben streichen sie alle die Segel.
285 3711 1237 3769 worden. Eine trostlose Verwirrung herrscht,
1345 3713 2216 3778 Der Preis fiel vor drei Jahren niemandem,
285 3752 2223 3872 und niemand weiss mehr, was er will, sogar auch diesmal weder Hauptmann noch
2913 2320 3000 2416 Ka¬
2913 2416 3000 2515 Dr.
2915 2551 2997 2607 hat,
2918 2599 3024 2664 ist,
2915 2648 3024 2715 einm
2913 2698 3021 2758 nun
2915 2746 3021 2809 seine
2915 2797 3002 2860 der
2913 2850 3021 2908 zu
2908 2894 3026 2956 scha¬
2913 2944 3026 3002 recht
2915 2990 3024 3050 Greg.
2913 3038 3029 3103 reife
2918 3089 3024 3152 den
2908 3137 3041 3202 aber
2913 3188 3031 3246 borer
2913 3233 3043 3299 litisch
2906 3279 3041 3347 brech¬
2915 3335 3026 3397 Rech
2908 3378 3041 3446 trifft
2906 3431 3043 3501 Schlin
2906 3482 3048 3540 der M
2913 3525 3072 3595 läuft al
2908 3571 3101 3643 gegen so
2903 3629 3074 3692 gion,
2906 3677 3098 3740 Ich und
2908 3718 3171 3790 sind nicht, s
2913 3774 3094 3846 jeder sa
