3484 4384
468 657 545 729 3.
477 1139 586 1252 22,
471 1408 588 1486 n
456 1613 584 1677 ihrung.
461 1667 589 1745 macht.
444 1988 596 2086 on
468 2179 602 2232 utsche
468 2222 595 2280 Seiden¬
474 2266 602 2344 Preisen.
482 2623 583 2754 e
494 2745 590 2817 elche
506 2804 588 2849 Ge¬
492 2839 588 2892 del¬
497 2884 584 2940 arze
505 2922 583 2974 dem
507 2962 587 3009 chen
712 146 1591 245 Internationales Familien=Pensionat
688 243 1596 308 Wien, I., Elisabethstraße 20, 2. Stock, (ohne Mezzanin).
681 299 1607 374 Pension I. Ranges. Civile Preise. Elegantes Bad. 602
724 456 1589 580 Mme. A. Glaubers
943 572 1365 672 Mieder-Salon
770 661 1545 760 Wien, I., Kärntnerstrasse 29
726 750 1592 830 empfiehlt ihre nach modernster Pariser Fagon
1159 816 1385 869 hergestellten
1021 855 1525 936 CORSETS,
945 915 1591 992 Umstands-, Bade- und Comode - Mieder,
975 970 1573 1052 sowie die für radfahrende Damen
1140 1025 1421 1083 unentbehrlichen
949 1070 1590 1154 k. u. k. patent. Busenhälter
770 1144 1557 1200 welche eine elegante plastische Büste machen.
921 1192 1407 1266 Preis per Stück fl. 5.—.
794 1467 1503 1533 Johann Zemann
999 1531 1314 1596 Special-Atelier in
697 1574 1593 1663 Amazonen, engl. Damen=Costüme u. Radfahrdreß
1068 1714 1579 1786 I., Führichgasse 7, 1. Stock.
717 1717 837 1786 Wien.
901 1928 1418 2025 Theater u. Literatur.
774 2074 1634 2143 Das theatralistische Ereigniß der letzten
682 2130 1638 2190 Tage ist der am 1. d. M. perfect gewordene
682 2171 1633 2231 Directionswechsel im Hofburgtheater.
682 2225 1634 2284 Dr. Maximilian Burckhard hat seine Stelle
688 2269 1633 2324 an Dr. Paul Schlenther, dem Kritiker der
688 2312 1634 2377 „Vossischen Zeitung" abgeben müssen. Jetzt erst
688 2359 1627 2419 wägt man ab, was man an Burckhard ver¬
691 2410 1634 2470 loren hat, was er geleistet und verbrochen hat.
688 2459 1631 2518 Denn seinen Sturz haben nicht allein eine
691 2507 1641 2570 Schauspielerclique und seine eigenen Dramen
688 2553 1639 2617 veranlaßt, es sind auch tiefere Ursachen mit im
688 2602 1633 2664 Spiele gewesen, die unabänderlich einen Direc¬
691 2647 1640 2710 tionswechsel herbeiführen mußten. Tiefer liegende
694 2696 1638 2757 Ursachen sind es, die im Repertoire und im
697 2740 1634 2807 Personale wurzeln. In den acht Jahren der
688 2791 1633 2860 Burckhard'schen Theaterregierung hat sich das
688 2842 1639 2904 Repertoire verflacht, verringert, verunfeint. Die
697 2886 1641 2951 classischen Stücke sind vernachlässigt worden,
694 2937 1631 2991 vielleicht weil wir keine große Tragödin be¬
700 2983 1643 3047 sitzen, vielleicht um der Moderne zu schmeicheln;
688 3032 1643 3086 die sogenannten „Comtessenstücke" sind aus dem
694 3078 1637 3140 Spielplane beinahe ganz verschwunden und
691 3129 1641 3189 dafür sind Leute wie Ebermann und Schnitzler
697 3177 1646 3244 eingezogen in die Hallen, wo man früher
694 3226 1643 3285 Schiller'sche Poesie pflegte. Daß Anzengruber
691 3271 1645 3338 und Sudermann, Ibsen und Giacosa hoffähig
697 3324 1646 3374 wurden, ist eine gerechte That gewesen, aber
700 3368 1638 3430 vor Schnitzler und Ebermann hätte Burckhard
694 3415 1633 3485 die Thüren der „ersten deutschen Bühne
700 3464 1631 3525 schließen müssen. Eine Regeneration des altern
697 3515 1647 3565 den Personales ist Burckhard nicht gelungen.
697 3563 1647 3624 Mitterwurzer, auf den er so viel baute und
700 3607 1643 3663 der ihm so früh starb, Kainz und Karoline
697 3657 1631 3721 Medelsky, sind die einzigen Treffer, die er ge
700 3698 1663 3785 macht. Neben brauchbaren Mittelmäßigkeiten
812 3861 1437 4044 der dahin
1668 46 2623 120 Er war Journalist, ist ein gelehrter Kenner
1674 115 2617 166 der deutschen Bühne und ihrer Geschichte und
1674 162 2625 218 wirft zu seinem profonden Wissen den besten
1680 209 2625 266 Willen ist die Wagschale. Möge er als Director
1677 257 2615 313 Glück, vornehmen Geschmack und Energie be¬
1671 309 2627 366 kunden, das wäre unserem Burgtheater vor
1671 354 1947 423 allem nöthig.
1772 386 2627 457 Eine sehr interessante Vorstellung war die
1668 451 2630 505 letzte Reprise von Schiller's „Braut von
1668 495 2625 548 Messina". Frl. Bleibtreu gab die
1668 542 2625 598 Mutter mit edlem Anstand und feiner Nuanci¬
1677 594 2627 643 rung, die Herren Reimers und Robert
1677 636 2626 695 wetteiferten als feindliche Brüder in Spiel und
1673 697 2623 747 Sprache. — Herr Reimers sah überdies so
1674 730 2630 792 männlich schön aus, daß es kein Wunder ist,
1677 783 2633 841 wenn er gerade in dieser Vorstellung vielen
2441 829 2627 891 und der
1674 829 2403 895 Damen ausnehmend gut gefiel -
1674 873 2630 928 Chor bot eine prächtige Leistung. Frau
1673 927 2629 982 Hohenfels gab die Beatrice, die sie bereits
1677 967 2633 1022 vor einem Vierteljahrhundert creirt hat. Ihr
1674 1021 2630 1070 rauhes Organ wird, wenn sie Sentimentale
1686 1067 2630 1127 spielen soll, zur Qual der Zuhörer und ihre
1680 1109 2635 1172 harten Züge rauben jede Illusion. Um dieser
1674 1162 2630 1218 Braut von Messina willen wären Isabellas
1686 1212 2624 1270 Söhne wahrlich nicht in tödtlichen Streit ver¬
1686 1261 1800 1341 fallen.
1772 1293 2631 1365 Von den Premieren dieser Tage hat nur
1680 1347 2630 1408 eine, das freche Stück „Freiwild“ eine gewisse
1677 1405 2635 1467 Bedeutung. Im Carl-Theater gab man
1683 1448 2630 1501 eine unverwüstliche Suppé'sche Operette unter
1674 1492 2637 1554 dem neuen Titel „Die Parisiin", mit
1683 1539 2636 1627 neu unterlegten, furchtbar alber in Libretto.
1686 1590 2641 1647 Frl. Stojan brillirte wie immer. Im
1674 1640 2630 1699 Raimund=Theater fielen zwei lang¬
1674 1681 2641 1745 weilige Stücke eines gewissen Rudolf Holzer
1686 1739 2643 1793 jämmerlich durch und im Theater an der
1683 1777 2642 1833 Wien gab man den „Maler=Veri“. Der
1679 1833 2629 1889 antik klingende Titel sagt zur Genüge, welch
1691 1875 2642 1938 geistloses Machwerk dieses Stück ist. Es ist ein
1686 1922 2636 1981 Abklatsch der Birch=Pfeifferiaden und Münchener
1686 1967 2636 2025 Bauernstücke, hyperromantisch, unwahr, un¬
1690 2025 2389 2078 logisch und heuchlerisch empfunden.
1778 2047 2639 2130 „Freiwild, dagegen, das im Carl¬
1690 2114 2636 2185 Theater letzten Freitag zur Erstaufführung
1690 2160 2636 2228 gelangte und in dem die Herren Klein und
1683 2205 2572 2268 Reusch für ihre vorzüglichen Leistungen
1690 2250 2635 2328 Frl. Sangora als Anna war einfach elend
1692 2304 2637 2363 — reichen Beifall fanden, ist ein für die
1690 2345 2636 2410 Moderne symptomatisches Machwerk. Der
1686 2397 2646 2471 Dialog ist, wie in allen Stücken Schnitzlers
1690 2445 2639 2511 unfein, die Handlung gedrückt zusammengestellt,
1692 2511 2639 2558 aber hyperpikant — das wäre nicht das Neue,
1686 2541 2636 2596 Symptomatische. Schnitzler wagt es aber,
1683 2595 2635 2664 in „Freiwild“ den österreichischen Officiersstand
1690 2638 2637 2701 und seine über jede Kritik erhabenen Ehr¬
1686 2680 2642 2753 begriffe an den Pranger zu stellen. Der orien¬
1690 2734 2642 2792 talische Dichterling, der jedenfalls nur von
1686 2778 2641 2839 wenigen oder gar keinen Officieren ihrer Gesell¬
1698 2833 2648 2903 schaft für würdig gehalten wird, behauptet mit
1696 2886 2643 2941 frecher Zunge, daß die Civilisten für die
1696 2926 2643 2995 Officiere bei den Duellen das „Freiwild ab¬
1698 2982 2636 3039 gäben. Paul Röning gibt dem jungen uner¬
1698 3017 2642 3089 fahrenen Lieutenant Karinsky einen Schlag ins
1698 3068 2641 3130 Gesicht und muß sich nun mit dem Officier
1696 3123 2641 3179 duelliren. Das findet Aron Schnitzler für un¬
1697 3172 2649 3240 gerecht. Ja, soll sich Lieutenant Karinsky von
1697 3211 2641 3279 jedem Nächstbesten ohrfeigen lassen? Und wes¬
1696 3271 2647 3331 halb Einer „braven“ Provinzbühnen=Naiven
1691 3306 2630 3375 wegen! Es gibt leider nicht viel brave Provinz¬
1696 3357 2646 3419 Nawe, so daß Rönings Entrüstung noch dazu
1696 3397 2639 3468 unwahrscheinlich scheint. Und dann will sich
1692 3449 2642 3519 derselbe Röning nicht duelliren, weil er sich vor
1686 3509 2649 3574 Karinsky fürchtet. Dann hätte er den Officier
1696 3543 2652 3605 auch nicht schlagen sollen. Es geht eben nur
1692 3606 2649 3659 das Eine aus dieser ehrlosen Geschichte hervor:
1692 3650 2652 3712 daß sich Aron Schnitzler und Consorten vor
1700 3695 2652 3775 den Officieren fürchten und daß sie es gerne
