3344 4352
226 171 730 247 8. Freiwil
920 160 1318 253 box 14/5
1381 519 2114 699 en
1103 644 1290 720 Seite 6.
2024 728 2144 833 A
1178 745 1902 869 Kunst und Wissen.
1258 850 1798 928 Vereinigte deutsche Theater.
1139 885 2001 989 „Freiwild, Schauspiel von A. Schnitzler.
1067 960 2003 1028 (Schauspielhaus, 12. Feber.) Die im schwarz=gelben
1063 1003 2005 1080 Oesterreich mißliebige Tendenz der Duellgegnerschaft,
1067 1050 2008 1112 on dem Beispiel eines Lumpen im Offizierstock er¬
1072 1095 2003 1157 läutert, hat es bewirkt, daß Schnitzlers ungemein
1076 1130 2139 1205 bühnenwirksames Schauspiel erst nach zweiunddreißig Adria
1069 1182 2139 1245 Jahren seine Erstaufführung bei uns erlebte. Mit Astor
1071 1216 2143 1289 einem heiteren, einem nassen Auge können wir heute Bella
1069 1266 2147 1336 die Szenen zwischen dem tätlich tödlich beleidigten Biber
1076 1307 2145 1375 Oberleutnant Karinski, diesem von der Syphilis und Czern
1071 1356 2151 1420 der Pleite gezeichneten Rächer seiner Standesehre, Dani¬
1069 1404 2005 1461 dem Raisonneur über die Absurdität dieses Ehren¬
1076 1435 2012 1510 koderes Paul Rönning und den enttäuschten Assisten¬
1076 1462 2155 1549 ten der verweigerten Schießerei ansehen und über Arbeit
1076 1519 2156 1603 das rasende Tempo der Zeit reflektieren, daß diesen Deut¬
1072 1571 2004 1649 eisernen Bestandteil der Wehr einer Kriegerkaste in¬
1075 1618 1999 1696 alte Eisen geworfen hat. Mit dem gleichen Proz¬
2039 1615 2155 1696 Rad.
1072 1666 2008 1728 gegen die andersgeartete Freijagd auf die wirtschaft¬
1081 1685 2157 1767 lich abhängige, Kavaliersgelüsten preisgegebene Arbei¬
1081 1728 2152 1810 Weiblichkeit, im Stück auf die Schauspielerinnen des Audi,
2044 1773 2152 1827 Fische
1079 1792 2004 1857 Sommertheaters, scheint es auch heute allerdings noch
2048 1820 2155 1876 a
1088 1840 2011 1905 gute Wege zu haben. Schnitzlers melancholischer
2046 1861 2149 1919 ron
1088 1876 2018 1952 Naturalismus läßt beim Fallen des Vorhanges drei
2051 1905 2144 1961 Josef
1088 1923 2018 1995 ruinierte Existenzen zurück, den niedergeknallten
1081 1950 2151 2044 Rönning, den aus der Bahn geworfenen Offizier Kittel
1084 2011 2016 2082 und die verzweifelte Anna, Opfer des Molochs
1087 2057 2018 2128 Ehre und der Konsequenz bürgerlicher Moral. Die
1083 2097 2016 2178 spezifisch Wienerische Note liegt in der Wahl der
2044 2105 2141 2164 kaum
1084 2157 2016 2203 erotischen Region für den ersten Anlaß zur Kata¬
2051 2156 2144 2215 Brün
1099 2190 2018 2257 strophe. Die knappe, gespannte Szenenführung, die
2048 2200 2143 2254 unter
1088 2225 2016 2297 doch Raum hat für Lokalkolorit und heitere Charak¬
1093 2269 2022 2336 teristik des Schmieren= und Gawliersmilieus hält
2055 2286 2139 2346 halte
1088 2312 2024 2374 den Zuschauer dauernd in Atem und wurde bei
2050 2331 2135 2387 zu.
1084 2359 2023 2425 der hiesigen Erstaufführung durch Dr. G. Glücks
1092 2409 2024 2469 Regie aufs wirksamste herausgearbeitet. Man merkte
1093 2443 2023 2510 wieder einmal fleißige Probenarbeit und Textsicher¬
1091 2490 2022 2565 heit. Im Mittelpunkt des Interesses stand diesmal,
1096 2529 2024 2612 zum erstenmal in einer größeren Rolle, P. Wid¬
1091 2580 2027 2636 mann als Paul Rönning. Die programmatischen
1096 2624 2026 2683 Auseinandersetzungen des Duellgegners mit den
1096 2660 2026 2728 Sekundenten im zweiten Akt fanden an ihm trotz
1096 2706 2030 2772 seiner Jugend einen geistig reifen, die Szenen mit
1096 2757 2031 2819 Anna einen vornehmen Darsteller mit gewinnender
1106 2795 2027 2864 Herzlichkeit. Seiner Partnerin F. Heilinger lag
1100 2835 2032 2904 das Herbe und Verbitterte ihrer Rolle vor allem gut,
1103 2881 2028 2947 aber sie fand auch im Erwachen schönerer Zukunfts¬
1103 2924 2034 3003 hoffnungen und in der Angst und Verzweiflung
1100 2967 2028 3041 wahre Töne. Von den übrigen Hauptdarstellern
1096 3013 2035 3084 wuchs G. Wehrle als Karinski über sein sonstiges
1106 3053 2027 3128 Maß durch sorgfältige, in allen Details beherrschte
1104 3099 2036 3172 Charakterisierung hinaus und H. König bildete
1104 3143 2036 3211 als Oberleutnant Rohnstedt das sein abgestimmte
1106 3185 2027 3262 menschlichere Pendant zu ihm. Eine besondere At
1106 3231 2035 3295 traktion des Abends wurde in dem musikalisch raun¬
1111 3275 2035 3349 zenden Gigerl Poldi unseres Tenors I. Patzal
1106 3317 2044 3388 geboten, dessen sichtliche Freude an der Rolle noch
1106 3360 2038 3435 durch die Freude des Publikums an ihm überboten
1111 3418 2047 3473 wurde. Eine köstliche saftige Figur von altem Schrot
1108 3449 2050 3508 und Korn spielte E. Wurmser als Theatertyrann
1107 3489 2043 3560 mit p. t. Rücksichten. Sehr echt wirkte A. Immen¬
1110 3532 2046 3599 dorf als Leutnant Vogel. Dem Dr. Wellner S.
1111 3575 2047 3641 Holgers fehlte das Tröpfchen Schnitzlerschen Oels,
1118 3629 2046 3687 mit dem der Dichter diese seine Lieblingsfiguren
1123 3665 2042 3738 salbt. Um den „Kunsttempel herum kokettierten
1111 3708 2040 3774 und tratschten und maulten die sauberen Freiwild¬
1120 3762 2048 3820 preichen G. Ortens und M. Warden und trie¬
1123 3790 2047 3867 ben ihr heiteres und trauriges Theaterwesen K.
1120 3839 2048 3906 Kalwoda, C. H. Schroth, G. Wilhelm und
1123 3891 2048 3949 M. Maluschinsky. Stimmung und Beifalls¬
1123 3930 2047 3999 freude des übervollen Hauses war besser als je in
1120 3977 2055 4039 dieser Saison und nach jedem Akte gab es unge¬
1119 4023 1478 4096 gelte. Nordung.
1216 4066 2054 4120 Tann (Anstellungsgäste Margarethe
1683 4106 2155 4160 nse.) Wer wie Roy
