3484 4256
856 208 1284 317 box 14/4
166 220 727 325 8. Freiwild
651 1041 1009 1140 Telephon 11891.
287 1134 1382 1219 Alex. Weigls Unternehmen für Zeitungs-Ausschnitte
478 1191 1216 1325 EEREN
300 1314 1388 1402 I. österr. behördl. konz. Bureau für Zeitungsberichte u. Personalnachrichten
476 1378 1217 1481 Wien, I., Concordiaplatz 4.
719 1456 984 1523 Vertretungen
297 1488 1385 1574 in Berlin, Budapest, Chicago, Genf, London, New-York,
300 1549 1386 1651 Paris, Rom, Mailand, Stockholm, Christiania, St. Petersburg.
582 1595 1117 1685 (Quellenangabe ohne Gewähr.
316 1683 722 1796 Ausschnitt aus
1223 1692 1410 1793 Wien
709 1685 1188 1833 Die Blätter
312 1809 470 1886 vom
306 1890 1121 2001 Reich der Schminke.
395 1980 1225 2062 Schnitzlers Schauspiel „Freiwild, das
272 2042 1217 2100 vor acht Jahren gewaltsam von der Bühne ver¬
269 2093 1229 2148 drängt worden, fand jüngsten Samstag wieder
269 2142 1229 2197 den Weg dahin zurück. Damals war es voll
275 2187 1229 2256 revolutionären Geistes, heute ist es ein zeit¬
278 2232 1231 2301 gemäßes Tendenzstück. Aber seine Wirkung ist
268 2288 1229 2339 ungeschwächt, freilich nur, was das Offiziers¬
275 2343 1231 2400 drama selbst betrifft. Die Episoden aus dem
272 2388 1225 2438 Komödiantenleben bieten in unseren Tagen kaum
278 2433 1225 2484 mehr Anregendes, fast stören sie die Weihe, die
275 2480 1225 2541 über der übrigen Handlung liegt. Das Deutsche
284 2535 1229 2601 Volkstheater hat mit der Aufführung von
275 2578 1229 2640 „Freiwild" in schauspielerischer Hinsicht einen
275 2627 1225 2694 hübschen Erfolg zu verzeichnen. Nichts beein¬
275 2674 1229 2739 trächtigte den einmütigen Charakter des Abends.
278 2726 1232 2786 Selbst Fräulein Erl hat sich diesmal als
278 2770 1232 2828 empfindungsreiche Darstellerin bewährt. Herr
278 2821 1235 2886 Kramer war in Maske, wie Spiel vortrefflich,
275 2869 1225 2934 Herr Kutschera schrie weniger als sonst und er¬
275 2918 1107 3000 höhte dadurch die Wirkung seines Spiels.
1877 1255 2339 1359 löster behördl. kon. Du
2058 1327 2846 1477 Wien, I., Concordia
2286 1418 2556 1484 Vertretungen
1876 1443 2962 1535 in Berlin, Budapest, Chicago, Genf, London, New-York,
1870 1501 2969 1590 Paris, Rom, Mailand, Stockholm, Christiania, St. Petersburg.
2152 1554 2691 1635 (Quellenangabe ohne Gewän,
1876 1609 3044 1764 Ausschnitt aus Tagesbote an tekee,
2484 1704 2993 1832 und seltenen
1868 1718 2439 1874 0
2675 1812 2956 1943 Bann
1871 1947 2933 2024 Rasch ein freundlicheres Bild! Im Volkstheater hat
1788 2011 2921 2088 Schnitzlers „Freiwild“, dieses beinahe 10 Jahre alte
1785 2072 2917 2128 Duellstück eine lebhaft bewillkommte Wiederkehr gefeier¬
1785 2123 2927 2181 Damit scheint zum erstenmale der Beweis erbracht, daß
1785 2165 2920 2230 Schnitzlers Kunst doch nicht so eintägig ist, wie seine Gegner
1780 2221 2921 2276 oft behaupten. Schnitzler hat, was ja auch seine überwiegend
1785 2273 2914 2323 dichterische Betätigung, und seine Zurückgezogenheit na¬
1785 2313 2901 2380 sich bringen, nicht so häufig vom „österreichischen Wesen
1785 2369 2917 2422 gesprochen wie etwa sein Freund und Genosse Hermann
1782 2410 2923 2473 Bahr. Er hat aber in seinen Dichtungen den Österreicher
1780 2468 2923 2518 von 1880 bis 1900 viel sicherer und schärfer festgehalten, als
1782 2516 2914 2579 Bahr in seinen unruhig flackernden Zeilen dies zu tun ver¬
1782 2567 2911 2627 mochte. Nicht nur das zum geflügelten Wert gewordene
1785 2613 2917 2681 „Süße Mädel, auch den Wiener Arzt, den österreichischen
1782 2662 2914 2720 Offizier, den österreichischen Provinzschauspieler, den Wiener
1782 2710 2936 2768 Kaffeehausdichter, den österreichischen Professor, unserer, de¬
1782 2758 2920 2828 kadenten Lebejüngling — sie und ein paar Dutzend anderer
1777 2799 2923 2873 Typen hat Schnitzler in angenehmer, gelassener Kunstform
1788 2859 2923 2920 für den Kulturforscher aufbewahrt. In „Freiwild“ ist ebenso
1780 2912 2914 2963 wie in „Leutnant Gustl“ der österreichische Offizier mit seinen
1774 2953 2917 3019 Vorzügen und Schwächen treu festgehalten. Das Stück gibt
1772 3007 2911 3079 einer Menge lebendig gezeichneter Menschen Gelegenheit,
1778 3057 2923 3127 alle Für und Wider des Zweikampfes zu erörtern. Aber es
1774 3108 2908 3172 wird trotzdem nie zum holen Thesen= und Phrasen=Schau¬
1788 3157 2917 3242 viel, sondern es bleibt ein Stück Österreichertum, von einem
1772 3212 2631 3294 echten Wiener Künstlertemperament geschaut.
