3436 4256
510 49 2549 140 Rechts und Willens zu leben. „Freiwild auch entfernt nicht so stark wie in „Liebelei. Während
518 93 2551 179 nennt sich das neue Bühnenwerk, das gestern Abend dort unser Gemüth, unser Empfinden aufgerüttelt ist,
528 135 2549 220 hier in Berlin zuerst das Lampenlicht erblickte, das wendet sich dieses Tendenz=Stück an unser Gerechtig¬
521 176 2559 262 Stück, von dessen Wesen und Inhalt vorher auf keitsgefühl, an unseren Verstand. Und bedingungslos
510 215 2556 311 fallender Weise nichts, gar nichts verlautet hatte, tritt dieser dem Helden nicht bei, so sympathisch
549 256 2556 363 der Verfasser, Arthur Schnitzler, hat hier das uns auch die Tendenz ist. Zufällige Ereig¬
650 295 2554 386 seltene Glück, mit dem zweiten Stück nisse der letzten Zeit lassen das Stück als sehr
1549 334 2556 401 actuell erscheinen und wem wäre ein Plaidoyer
562 344 1520 427 ch den zweiten kräftigen Erfolg zu erzielen
578 386 2551 458 Kräftigen Erfolg? Wer zufällig zum Schluß der gegen den verkehrten, mit Menschenleben spielenden
546 417 2554 508 Ausführung, beim Fallen des Vorhangs in den Zu=Ehrbegriff nicht gerade jetzt doppelt sympathisch. Aber
1551 458 2559 515 man fragt sich doch auch: ist ein beliebiger junger
541 484 1526 552 chauerraum getreten wäre, der hätte den Eindruck
544 502 2559 601 pfangen, daß hier nur von einem bestrittenen Erfolge Mann berechtigt, für eine fremde Dame eintretend
544 541 2567 627 le Rede sein kann, denn der allerdings sehr lebhafte einen Officier zu ohrfeigen, wenn er nicht
1551 578 2567 635 Genugthuung geben will. Wenn er in diesem Punkte
541 603 1528 673 nd recht herzliche Beifall wurde von einem nicht
539 622 2559 717 zu überhörenden, einem ziemlich energischen Zischen verständig denkt, dann darf auch er nicht zur rohen
531 660 2564 749 bekämpft, wenn auch die Opposition bei Weitem Gewalt greifen, sich nicht zum Richter und Vollstrecker
632 712 2569 782 der Minderheit war. Wer aber der von Urtheilen aufwerfen, dann soll er sich mit stummer
531 751 2564 831 Aufführung beigewohnt hat und die Ent= Verachtung, mit einem scharfen Wort, mit Klage,
541 795 2564 878 scheidung des Publikums nicht ausschließlich nach Ehrengericht oder sonstwie helfen. Zum Holz¬
531 824 2569 922 dem Kampf der Geräusche beurtheilt, die den Comment sich bekennen und den Pistolen¬
539 870 2562 953 Schluß begleiteten, der fühlte es, wie das Publikum im Comment zurückweisen, ist bedenklich. So ritter¬
1567 906 2567 969 lich, consequent und schön sein Ausharren der
534 925 1541 1008 Banne der Dichtung stand und wie die Gegnerschaft
531 945 2569 1046 nicht eigentlich dem Bühnenwerke als einem solchen, Gefahr gegenüber ist, so bleibt doch ferner die Frage,
1567 989 2567 1049 ob er nicht in Consequenz seiner eigenen Anschauungen
539 1013 1437 1096 sondern in erster Reihe seiner Tendenz galt.
1570 1033 2572 1093 der Gefahr hätte aus dem Wege gehen oder ob er ihr
596 1039 1541 1127 Ein Tendenz=Stück ist das dreiactige Schauspie
554 1067 2574 1168 „Freiwild“. Ein kräftig ausgeführtes Lebensbild ist nicht wenigstens hätte entgegentreten müssen, anstatt
539 1114 2572 1202 hier aufgeboten zum Kampfe gegen das Duell. Die unthätig dazustehen, während er doch wissen mußte,
546 1166 1867 1246 Frage des Zweikampfes ist schon sehr oft auf der was ihm droht.
1632 1171 2569 1264 Im ersten Act ist das österreichische Badeleben,
541 1220 1554 1282 Bühne erörtert worden, in „Satisfaction" nahm sogar
544 1233 2572 1323 ein deutscher Officier das Wort gegen die Wider= der Verkehr der Officiere, Gigerl, Badegäste, ins¬
549 1269 2572 1375 sinnigkeiten des Duells. So hart ist indeß Anlaß, besondere aber das Leben der Schmiere vortrefflich
546 1313 2580 1406 Durchführung und gewaltsame Lösung des Conflicts geschildert, treu und echt in jedem Zuge. Nur in der
544 1355 2577 1469 dem Theaterpublikum noch selten vor's Auge gerückt Zeichnung des Directors, der, als es heißt, eine Dame
1570 1399 2577 1469 könne von ihrer Gage nicht leben, verwundert aus¬
544 1440 702 1518 worden.
611 1445 2587 1531 „Freiwild" — der seltsame Titel des eigen= ruft: „Soll ich etwa meine Schauspielerinnen er¬
552 1476 2585 1572 artigen Stückes, hat, so will uns scheinen, eine nähren!" und der seinem Kassirer auf die
544 1520 2590 1608 doppelte Bedeutung und betrifft die beiden Seiten Bemerkung, diese Dame ist wirklich — „nicht
1665 1557 2582 1619 antwortet: „nächstens lasse ich Sie die
549 1580 1551 1652 der Handlung. Wir sind in einem kleinen Badeorte
1585 1582 2587 1671 Kaiven spielen herrscht der Griffel des Karrika¬
559 1624 1551 1696 in der Nähe von Wien. Die Officiers= und Giger¬
559 1639 2587 1738 Gesellschaft gruppirt sich um's Theater, dessen Damen turisten vor. Die Darstellung der Theater=Misère in
1585 1684 2595 1748 ihrer ernsten und lustigen Seite hätte in dem Stück
559 1709 1557 1779 ein „Freiwild" für die Müßiggänger zu sein scheinen
1585 1722 2585 1787 wohl noch einen breiteren Raum einnehmen können.
562 1751 1559 1816 Die kleinen Liebhaberinnen, Soubretten, Choristinnen
1601 1761 2587 1839 Jedenfalls hat man überall das Gefühl, daß der Ver¬
562 1790 1562 1865 fühlen sich denn auch äußerst wohl bei den Cham¬
1588 1803 2593 1875 fasser echtes Leben, das er gründlich kennt, einfach und
562 1831 1559 1906 pagner=Soupers, und der Director ist von der „Füh¬
549 1841 2587 1935 lung", die seine Bühne mit dem Publikum gewinnt, treu auf die Bühne bringt. So wahr berührt es,
559 1878 2593 1989 ganz entzückt. Eine einzige Dame ist herb und streng, daß selbst der lange erste Art fesselte, obwohl er nur
562 1917 2595 2028 weist jeden Versuch einer Annäherung schroff zurück das Milien schildert und die spannende Handlung erst
562 1984 1955 2064 und glaubt der Kunst allein leben zu sollen, was den zum Schluß einsetzt
1639 1979 2598 2067 Das Werk fand im „Deutschen Theater" eine vor¬
567 2031 1559 2106 heiligen Zorn ihres Directors herausfordert
562 2044 2595 2145 Gerade auf diese eine aber capricirt sich ein treffliche Verkörperung. Man athmete förmlich öster¬
567 2085 2600 2189 leichtsinniger und eigenwilliger Officier und wettet reichische Luft. Der Verfasser von „Liebelei“ ist in
570 2121 2595 2227 am offenen Caféhaus-Tisch, er werde die Dame zum dem neuen Werke überall zu erkennen. Eine besondere
570 2173 2606 2269 Souper bewegen. Als er von seinem Einladungs= Aehnlichkeit bieten die beiden weiblichen Hauptfiguren:
562 2212 2598 2318 gange als Verlierender zurückkehrt, provozirt er einen die leichtfertige, kokettirende Soubrette, die von
1598 2256 2598 2328 Fr. Gisela Schneider mit dem frischesten Leben dar¬
575 2287 1567 2359 jungen Mann, den Freund und Verehrer jener Schau
578 2295 2608 2396 spielerin, dessen „Lächeln" ihn reizt. Es kommt zu gestellt wurde und die ernste, strenge Anna Riedel — eine
554 2334 2606 2429 einem Wortwechsel, in dessen Verlaufe der Officier wenig dankbare Aufgabe, an die Fräulein Trenner
559 2375 2603 2481 auch noch eine Verdächtigung gegen die Dame aus allen Eifer wandte. Herr Rittner war als Paul
572 2411 2600 2512 stößt. Der junge Mann ohrfeigt ihn. Mit der Aus= Rönning völlig in seinem Elemente: offen, frei, warm
1603 2458 2603 2523 und natürlich in jeder Gemüthsregung, jedem Wort.
572 2484 1336 2577 sicht auf ein Duell schließt der erste Act.
632 2492 2613 2600 Der zweite Act bringt eine Ueberraschung. Paul Den etwas wüsten Oberlieutenant Karinski stellte
567 2541 2611 2637 Rönning, der junge Herr, der sich der Künstlerin so Herr Sauer voller Temperament dar und wahr genug
572 2577 2608 2678 lebhaft angenommen, lehnt die Forderung ab. „Der im Wesen, obwohl norddeutsch in der Sprache. Auch Herr
572 2613 2613 2714 Officier hat gehandelt wie ein Nichtswürdiger, ich Nissen verzichtete sehr kluger Weise aufs Oestreicheln
572 2657 2611 2761 habe ihn nach Gebühr gezüchtigt, ich habe nichts mehr und war doch überaus lebenswahr als sympathischer,
570 2699 2618 2797 mit ihm zu schaffen," erwiedert er. Die eigenen Freunde verständiger Officier vornehmerer Richtung. Die un¬
575 2740 2613 2844 lehnen sich auf gegen diese Logik, und betonen glaubliche Zumuthung eines Schein=Duells — ein em¬
572 2776 2618 2880 die Pflicht der Verantwortung, das Recht der pfindlicher Fehler des Stücks — berührte darum
1614 2821 2611 2896 freilich umso peinlicher. Herr Hermann Müller
575 2852 1588 2919 bestehenden Ehrengesetze. Rönning bleibt stand¬
578 2859 2616 2968 haft. Er habe keinen Anlaß, sich vor die war wunderbar echt als österreichischer Lieutenant.
583 2906 2611 3004 Pistole eines Menschen zu stellen, dem nur sein Die fremdländischen Uniformen waren einer un¬
578 2953 2626 3046 Recht geschehen. Der Welt seinen Muth zu beweisen befangenen Erörterung der heilken Frage nur
578 2981 2626 3090 habe er keinerlei Interesse. Wenn kein Ehrenmann förderlich. Die Herren Reicher und Hans
1611 3033 2621 3100 Fischer boten ebenfalls zwei prächtige öster¬
583 3059 1585 3139 mit ihm verkehren“ wird, weil er „einen Lumpen ge
588 3061 2618 3178 züchtigt hat, so versteht er das nicht, nimmt es aber reichische Typen, eine ernste der Erste, eine sehr lustige,
588 3105 2629 3212 auf sich und weist sogar dem einen „Freunde“ die der Letztere. Den Schmierendirector verkörperte Herr
588 3149 2626 3253 Thür. Die Dame, deren er sich angenommen, kommt, Thielscher so lustig wie natürlich und Frl.
580 3183 2629 3294 von Angst vor einem durch sie veranlaßten Duell ge¬ Eberty, die Herren Biensfeld, Marx, Reinhardt,
1627 3227 2626 3297 Vallentin, stellten prächtige Theater=Typen dar. Auch
777 3263 1598 3323 Es spielt eine einfach sich entwickelnde
585 3289 738 3339 trieben.
585 3269 2626 3380 natürlich geführte Liebes=Scene. Da kehrt der ihnen galt der lebhafte zum Schluß nur be¬
1629 3313 2629 3383 strittene Beifall, der den einnehmend wienerisch aus¬
1039 3344 1520 3401 Officiere, die als
733 3357 989 3419 der beiden
585 3349 2626 3463 Zeugen des Beleidigten abgewiesen worden waren, sehenden Verfasser nach jedem Act vor den Vorhang
2460 3390 2595 3465 J. L.
591 3424 1712 3499 zurück, um noch einmal, „als Mensch zum rief.
583 3460 1606 3535 Menschen," auf den Zweikampf zu dringen. Er bittet
1678 3460 2631 3546 Man schreibt uns aus Lübeck: Wir hatten am
596 3504 1606 3582 förmlich. Sein Freund und Kamerad kann ohne
559 3522 2631 3636 „diese Genugthuung nicht weiter leben. Er deutet an, Freitag einen Premierenabend, zu welchem sich mehrere
549 3561 2637 3673 das Duell solle ihn in keiner Weise gefährden. Bühnenleiter eingefunden hatten. Es ging das sociale
591 3608 2637 3699 Rönning lehnt die Theilnahme an einer solchen Drama (Schauspiel „Das höchste Gesetz" von
593 3642 2629 3745 Komödie mit begreiflicher Entrüstung ab, ebenso die T. Szafranski zum überhaupt ersten Male, und das
601 3686 2634 3792 Verantwortung für das Schicksal des Officiers. Wenn vor ausverkauftem Hause, in Scene. Das Stück
596 3724 2634 3831 er nicht weiter leben kann, so ist es nur sein Wahnwitz wurde sehr beifällig aufgenommen, der anwesende
1632 3763 2631 3833 Autor wurde wiederholt gerufen. „Das höchste Gesetz"
596 3794 1608 3862 und der sinnlose Ehrbegriff, der ihn in den Tod treibt
601 3805 2637 3911 Der Officier verabschiedet sich, indem er diese Ent¬ ist ein sociales Drama; es behandelt den wirthschaft¬
1624 3846 2644 3939 lichen Niedergang einer Familie und die Zerstörung
609 3875 1593 3958 scheidung im Interesse aller Betheiligten bedauert.
1854 3890 2437 3965 (Fortsetzung in der 1. Beilage.)
663 3911 1608 3994 „Jetzt flieh, so schnell wie möglich", räth der aus¬
1930 3939 2341 3996 Hierzu 3 Beilagen.
544 3947 1637 4046 harrende Freund, „dein Leben ist in Gefahr. Rönning
552 3973 2590 4113 deln. — An die Rebellen sich den Wenn die Balle. — Das von d. R. demande de
