3436 4448
198 154 725 252 8. Freiwild
889 164 1299 255 box 14/3
2480 943 3343 1014 in= und Radfahr sowie zum einmaligen neuen Be¬
534 973 2450 1057 nach Rom begeben, um eine allgemeine „Römische fession gesprochen, bereits wieder vollständig ver¬
2484 1007 3339 1051 der Kunst= und Gartenbau=Ausstellung. Der Preis
537 1030 1443 1077 Centrums-Korrespondenz" zu begründen.
1514 1030 1718 1081 gessen hat.
2487 1047 3346 1091 selben beträgt einschließlich der Stempelgebühr 45
1584 1084 2443 1165 Arthur Schnitzler hat schon in der Liebelei
2487 1094 3299 1195 die fire Idee seines Gegners von Ehre nicht
846 1111 1151 1195 „Freiwild
1514 1144 2460 1205 gezeigt, welch ernste Gedanken er durch Bilder aus
2487 1161 3343 1208 er bleibt bei seinem „Nein" gegenüber den herz
550 1165 1473 1269 Schauspiel in 3 Akten von Arthur Schnitzler.
1507 1198 2460 1259 unser modernen Sitten= und Gesellschaftsleben wach¬
2487 1202 3343 1249 Bitten des Offiziers, der nun zu Ende ist und
896 1232 1447 1279 Deutsches Theater, 14. Januar.
1514 1235 2453 1285 zurufen versteht. „So weit kommt's": das in
2487 1242 3339 1306 einer bedeutungsvollen Warnung scheidet; denn er
604 1262 1490 1312 Mr. Wir sind ein großer Verehrer der Autorität.
1514 1275 2453 1326 das traurige und doch wieder klärende Ergebniß dieser
2484 1279 3350 1326 welches Blut in dem Kameraden fließt, und war
527 1285 1483 1353 Die vernünftig und mit liebendem Ernste geübt
1510 1312 2450 1376 ernsten Gedanken. „Freiwild“ ist nach diese
2487 1319 3339 1363 Zwang der Ehre gebietet. Wohin sich Roen:
524 1339 1483 1396 Autorität findet uns stets auf ihrer Seite. Von der
1517 1342 2460 1396 Richtung hin ein bedeutsames Werk. Was
2487 1356 3326 1403 wenden wird, überall folgt ihm der seine Ehre
530 1379 1463 1443 Polizei erwarten wir Vernunft und Ernst, — „Liebe
1514 1389 2450 1436 es wiederspiegelt? Eine „einfache Geschichte. Da is
2487 1396 3323 1436 lierende Offizier: und im Café-Garten — eben
534 1420 1487 1470 steht ja nicht in ihrem amtlichen Lexikon. Nun ist bei
1514 1426 2450 1473 in kleinerer Stadt bei Wien ein flottes Offizierkorps
2487 1436 3346 1480 das liebende Paar sich zur Abreise rüsten — erfol¬
527 1463 1487 1510 uns die Polizei auch Censurbehörde. Sie muß also
1517 1470 2457 1514 untermischt mit leichtlebigem und ernstem Element, in
2487 1470 3346 1517 Begegnung. Noch eine Aufforderung von Seite
537 1500 1483 1561 mit ihrer geistigen Thätigkeit der Kritik offen
1514 1507 2453 1554 seinen Reihen ein schneidiger, dem Spiele und der Lieb¬
2484 1510 3353 1581 Offiziers: Roenning, wollen Sie sich mit mir schla¬
537 1537 1490 1594 stehen. Die Polizei in Wien hat Arthur
1514 1547 2453 1591 huldigender Oberlieutenant, mit hartem Kopf in al¬
2480 1554 3343 1594 Und ein hartes „Nein" vom Gegner. Da krach
534 1574 1487 1641 Schnitzlers „Freiwild sofort verboten —
1520 1584 2457 1631 seinen Wünschen, von seiner Ehre Alles, vom Weibe
2487 1588 3346 1638 Schuß. Roenning ist todt. Anna aber, die in
537 1614 1490 1668 und „ganz Oesterreich" nickte hiezu Beifall,
1510 1621 2453 1675 besonders dem der Bühne in allen Gestalten, nichts
2487 1628 3346 1698 Welt ziehen soll, hat nur eine — eine erschüttern
537 1655 1477 1705 natürlich meinen wir alle Polizeien im Bruder
1514 1661 2450 1728 haltend; da ist ein junges, in Ehrbarkeit erzogene
2487 1665 2802 1732 Frage: „Wohin?"
534 1695 1487 1742 lande. Bei uns hat die Polizei keine Todesangst vor
1517 1708 2447 1749 Mädchen, das um des Brodes willen zur Bühne ging
2557 1681 3336 1752 Das nur in groben Strichen der Thatbest
530 1732 1480 1789 dem Stück bekommen: sie war entschieden weitherzigen
1507 1739 2443 1789 und in einer sommerlichen „Schmiere" jene nied
2480 1725 3343 1792 des Stückes, das überreich ist an Charakte¬
534 1772 1487 1836 und ließ es passiren. Natürlich mit etwas Kritik. Und
1507 1775 2447 1829 riae Theaterlust athmen soll, die ihre Selbstachtung
2484 1789 3339 1833 und durchaus wahr in jedem kleinsten Zuge aus
534 1809 2453 1866 diese Kritik — ja gewiß mit anzuerkennender Noblesse gefährdet; sie ist besser wie die Andern
2480 1826 3343 1873 modernen Leben, niemals abstoßend durch absich
540 1849 2443 1910 geübte — hat uns etwas beunruhigt. Wenn z. B. ein und darum wird sie verhöhnt, gehetz
2487 1863 3346 1913 Schlüpftigkeiten, das aus dem Kreise des Offi¬
527 1893 2443 1943 Offizier über die Theaterleute, diese „Parias der als „unbrauchbar für die Anziehungskraft de
2608 1903 3350 1947 wie aus jenem des Bürgerthum
527 1923 1483 1977 Gesellschaft“, unfläthig spricht, so läßt die Censur es
1514 1937 2453 1984 Theaters entlassen, falls sie, die der Kritik
2490 1940 3346 1994 verbenwerthigsten Elemente vorführt und Lich
530 1963 1483 2031 durchgehen; der Offizier darf die um ihre moralische
1510 1980 2450 2027 gefiel, nicht mit der halben Gage oder der
2487 1980 3343 2027 Schatten richtig vertheilt. Bürgerthum, Soldaten
527 2000 1450 2064 Achtung noch ringende Schauspielerin ein M..
1517 2000 3011 2071 Freundschaft des „Direktors“ sich begungen will; da und — eine köstliche Einlage
3125 2020 3350 2074 „Schmieren.
527 2024 2453 2101 nennen, wenn ihm dann aber der ehrlich für die ist auch ein achtbarer Mann aus dem Bürger¬
2484 2054 2766 2108 mit ihren rech
3054 2054 3279 2121 Ehrencodices
2886 2051 3004 2111 dieben
527 2084 1483 2131 Beschimpfte eintretende Civilist eine Ohrfeige versetzt,
1514 2091 2447 2141 stande, der das verlorene, verwaiste Mädchen in eller
2484 2091 2856 2165 ineinander und illus¬
3061 2081 3350 2165 Zeit mit verblüffe
534 2118 1477 2175 so muß diese Ohrfeige gestrichen werden. Warum
1514 2128 2450 2182 lichen Hause einst kennen lernte und nun ohne jede
2487 2135 2658 2202 Wahrheit.
574 2161 1487 2215 - Solche höchst auffallende Urtheile sind uns mehrere
1517 2168 2440 2222 Nebenabsicht, aber mit warmer Theilnahme ihren Flu¬
2554 2155 3343 2242 Nach Tagen eines nätin Zustandes, un
530 2188 1490 2252 begegnet. Mit der Zensur läßt das Stück die Frage
1514 2205 2450 2255 ins Leben verfolgt. Dieses reine Mädchen glaubt der
2477 2192 2980 2269 einer Bühne, die der Kunst
3071 2218 3339 2282 nicht dem Si¬
530 2235 2443 2299 übrig: Kann nur der gewöhnliche Mann ordinär Offizier mürbe zu machen, dieses will er zum Spiel
2477 2255 3118 2309 rausch der Karnevalsorgien dienen
3172 2255 3339 2312 das gester
530 2255 3229 2333 reden und ist das Ordinäre, das der Offizier ausspricht, zeuge wie so viele anderen — und hier prallter Deutsche Theat einen in seiner Geschicht¬
527 2312 1483 2376 vielleicht nicht ordinär? Wir stehen hier auf dem
1510 2329 2450 2373 ab. Und den in einem Cafegarten anwesenden, über
2480 2333 3323 2376 losen Erfolg gehabt. Das Stück und
534 2356 1487 2400 Standpunkt: entweder das Stück so, wie der allein
1517 2373 3329 2420 seine verdemüthigte Wiederkehr von der verschlossenen Thür vorzügliche Aufführung wurden mehrmals mit
534 2393 1477 2443 berechtigte Wille, nämlich der des Autors, es will
1507 2400 2450 2457 der Künstlerin lächelnden Freund des Mädchens fordert er
2487 2413 3326 2457 endenwollendem Beifall aufgenommen. In der
534 2440 1477 2487 oder das österreichische Verbot. In unserem Fall¬
1514 2447 2440 2494 mit heftigem Wort heraus und nennt das um ihr
2487 2450 3343 2490 führung offenbarte sich ein gefestigte Kunstanschat
527 2470 1480 2521 muthet die Censur den Schauspielern mehrmals zu ihren
1514 2470 2960 2537 sittliche Achtung kämpfende Weib mit einem gemeinen Wir fühlten Herrn Victor
2984 2494 3350 2537 manns Verstän¬
530 2517 1477 2564 Stand geradezu feig beschimpfen, ihr eigenes Ehrgefühl
1510 2531 2447 2574 Namen. Da wird der erregte Civilist thätlich — und
2480 2524 3339 2574 heraus. Die Regie des Herrn Stolberg funkti¬
527 2547 1473 2601 verleugnen zu müssen. Und dieß that uns leid, sehr
1507 2561 2443 2615 die Katastrophe ist gegeben. Es kommt zur Forderung
2474 2574 3343 2625 wie am Schnürchen. Von den Darstellern erreg
534 2588 2443 2678 sehr leid. Denn der Klassenverhetzung rede der Civilist nimmt sie nicht an, er will die Züchtig¬
2474 2604 3343 2665 der Rolle der Anna als Debutantin Fräulein
527 2635 1356 2682 Schnitzler nicht das Wort: sondern er bra¬
1510 2641 2443 2702 ung, die er einem solchen Schänder weiblicher Ehr¬
2480 2641 3343 2692 Behrens besonderes Interesse. Die Dame b
527 2665 1332 2722 die Auswüchse jeglicher Klassen=Vorurth,
1504 2678 2437 2725 angethan, das bleiben lassen, was sie ist. Und Anna
2477 2685 3346 2725 von Leipzig und Kassel Routine mit, die nie ver
527 2682 1473 2776 falschen Ehrbegriffe, und wenn dabei der ihren
1507 2715 2447 2769 die Schauspielerin, kann seiner Liebe ihre Liebe
2484 2722 3339 2769 Aber sie ist auch eine ganze Künstlerin, sie hat
527 2745 1470 2809 koder seine Hiebe bekommt, so ist Schnitzler an de
1507 2755 2443 2809 nimmer verbergen. Sie thut Alles, um ein Duell zu
2484 2762 3319 2809 Ein starkes Talent, eine bescheidene Künstlerin
524 2786 1252 2849 Ursache ebenso unschuldig, wie die
1339 2792 2443 2846 Censur vermeiden. Sie will mit dem Geliebten fort als sein¬
2484 2799 3336 2863 spielte vortrefflich. Herr Schmidt-Häßler a
530 2826 1473 2880 „Freiwild“ bekommt eine acute Bedeutung durch
1507 2836 2443 2886 Braut — zum Leibesen der Schmiere, für die sie jetzt
2480 2839 3350 2890 kritische Held des Stückes, als Oberlieute¬
520 2863 1473 2917 den vielberufenen Fall Brüsewitz, dessen ganze Ehren¬
1510 2876 2440 2923 eine „Zugkraft“ wäre... Beide wollen fort. Doch
2477 2876 3333 2923 Karinski, war wieder ganz an seinem Platze.
520 2910 1480 2954 moral hereinspielt aber es gibt eine erschütternde
1510 2920 2447 2967 nun beginnt die Hetze gegen Paul Roenning — der
2474 2920 3336 2960 lernte ihn von einer neuen Seite kennen. Und
524 2940 1480 2997 Lehre. Und diese Lehre sagt: Muß es denn so sein
1510 2954 2440 3004 Civilist wird zum Freiwild. Allen Vorstellungen zun
2484 2960 3329 3004 sehr glücklichen Abend hatte Herr von Lenor,
524 2990 1470 3034 und wäre hier nicht die Mahnung, di
1500 2994 2440 3044 Trotze, nichtachtend die ergreifenden Darlegungen der
2470 2997 3323 3044 nicht nur prächtig spielte, der überzeugte
524 3024 1480 3074 edle Vorschrift des Erlösers am Platze
1510 3034 3329 3084 als Kartellträger fungirenden, endlich als Mensch zum Offizier von Ehre, Gefühl, Herz. Und flott und
520 3058 1473 3115 von Nächstenliebe, Demuth und Er¬
1500 3068 2443 3121 Menschen redenden und die Ehrenfrage zur Daseins¬
2480 3074 3333 3128 gab Herr Kirsch den Husarenlieutenant: für
527 3094 1473 3152 barmen? Das ist wenigstens die Moral, die de
1514 3115 2440 3162 frage erhebenden Offiziers Rohnstedt, verweiger
2477 3108 3339 3162 Rollen ist er geschaffen mit Gestalt, Spiel und O¬
524 3141 2450 3222 Dichter dem Zuhörer freistellt, zu seinem Bekenntniß Rönning auch selbst die Schein=Satisfaktion.
2474 3152 3336 3199 Die bedeutungsvolle Gestalt des Paul Roenn
524 3175 722 3242 zu machen.
1494 3192 3343 3269 Er will keine Komödie, ihn kümmert die Existenz und verkörperte Herr Pahlau in einer so vollen
1114 3386 1950 3534 et
