3436 4224
1222 35 2136 112 de un an, der nun an
273 35 1190 112 das er von Haus aus fest, und vier unbefangenen,
1218 112 2143 154 entschlossen sei, entgehe. Diese Warnung erzielt das
2167 109 3078 161 gab dem Wellner ein ruhiges männliches Wesen, Herr
273 109 1197 161 freundlichen Verkehr mit ihr. Möglich, daß sich in
2167 151 3074 214 Reucker hob als Rohnstedt mit schauspielerischer In¬
1218 154 2143 210 Gegentheil der beabsichtigten Wirkung. Rönning will
263 154 1187 214 Beiden eine tiefere Neigung regt; aber ihre Beziehung
2167 203 3078 252 telligenz den Sinn der klugen Worte heraus; für den
1211 189 2143 252 der drohenden Gewalt nicht weichen und beschließt, zu
273 203 1187 256 hat das Licht der Welt nicht zu scheuen, und die jung¬
2167 245 3074 305 Ausdruck der starken inneren Bewegung langt freilich
1222 249 2139 298 bleiben. Das ist sicherlich eine Inconsequenz des
270 249 1187 301 Schauspielerin hat genug schlichten Stolz, um sich die
2167 294 3078 350 sein Temperament nicht aus. Die Chargen der Ko¬
1218 291 2129 347 Helden, der sich nun doch einem Wüthenden preisgibt
270 294 1194 371 pecuniare Hilfe, die ihr der Freund in der reinsten
2167 343 3078 392 mödiantenwelt waren mit Humor erfaßt, namentlich
1222 343 2129 396 um den Stolz und den Muth des Mannes zu er
263 340 1190 396 Absicht anbietet, zu verbitten. Dennoch gilt das „Ver¬
2167 392 3078 438 die Herren Zeisler und Thaller, und die Damen
1222 385 2129 441 weisen. Aber die Inconsequenz des Helden ist kein
263 385 1187 441 hältniß für ein ausgemachtes, und Oberlieutenan¬
2167 434 3078 483 Moller und Bardi vermittelten treffend die satiri¬
1211 431 2136 490 des Autors. Darin liegt ja eben die tragische Wendung
266 434 1190 494 Karinski, der es nicht fassen kann, daß eine Dame des
2167 476 3078 543 schen Züge. Das Stück wird ein dauernder Gewinn
1211 483 2125 560 der Fabel, daß der Unbefangenste schließlich in die Be¬
270 483 1187 532 Sommertheaters ihn brüskirt, sieht in Rönning seiner
2160 518 2594 602 unseres Spielplanes sein.
1218 529 2129 578 fangenheit hineingebetzt wird, einen Bruch des Ein
263 532 1180 588 glücklicheren Rivalen. Karinski ist nicht der Mann
1222 578 2136 651 heitsbewußtseins erleidet und daran zu Grunde geht
2917 553 3046 630 A. A.
266 581 1190 630 diese Niederlage zu ertragen, und rühmt sich im Kaffee¬
2248 585 3078 676 * Deutsches Landestheater. (Aida.
1222 620 2136 676 Die Sache entwickelt sich nun, wie sie muß. Nach
263 627 1187 683 hause, daß er es durchsetzen werde, Frl. Riedel zu¬
2167 651 3074 721 Große Oper von Verdi.) Hans Huckebein, mit dem
1218 665 2129 725 einem kurzen Zwischenspiel, das uns darüber aufklärt
266 676 1190 725 Theilnahme an einem von den Officieren veranstalteten
2167 714 3078 777 Beinamen der Unglücksrabe, welcher für die Auffüh¬
1222 718 2136 774 wie die Lebemänner= und Komödiantenkreise die ganze
263 721 1187 770 Souper nach dem Theater zu bewegen. Er sende
2164 767 3088 823 rung seines Schwankes einen größeren Zuschauerraum
1222 763 2132 819 Affaire in ihre Denk- und Anschauungsweise übersetzen
266 763 1190 823 eine höfliche schriftliche Einladung durch den Piccolo
2164 812 3078 868 benöthigt, war für die Besucher der „volksthümlichen
263 791 2132 868 des Kaffeehauses und erhält — keine Antwort. Nun gerathen die beiden Gegner aneinander, Karinski for¬
2171 861 3081 910 Vorstellungen zu ermäßigten Preisen" bereits zum
1215 858 2136 910 dert noch einmal Genugthuung, Rönning verweigert si¬
259 865 1190 935 wettet er, aufs höchste gereizt, um zwanzig Flaschen
1218 900 3081 959 und der Officier stürzt auf den Gegner und schießt ihn zweitenmal ein Glücksrabe, da er denselben wieder den
266 907 928 963 Champagner, daß er sein Ziel erreich
980 910 1190 977 verde, wenn
2171 956 3078 1008 höchst seltenen Genuß einer Oper verschaffte. Während
1211 945 2136 1005 nieder, ehe dieser zur Wehr greifen kann. Karinski
1012 956 1187 1012 nühe. Er
263 952 963 1008 er sich persönlich zu der spröden Dame
2171 1001 3078 1057 sich die sämmtliche Räume des Hauses füllende Zu¬
1222 994 2136 1075 wird den Mord, den er begangen, durch Selbstmord
266 998 1190 1061 macht sich auch sofort auf den Weg, kehrt aber nach
1218 1047 2136 1099 büßen, und das Mädchen, um dessen willen Rönning
2167 1050 3074 1106 hörerschaft am vorigen Sonntage an der heiteren Ope¬
266 1054 1190 1099 einer Weile verstört zurück; denn er fand eine ver¬
1218 1099 3081 1148 gestorben, deutet durch ein einziges Wort an, daß sie „Car und Zimmermann" ergötzte, fesselte dieselbe vor¬
273 1099 1190 1148 schlossene Thüre, und seine laute Anmeldung wie sein
1222 1145 1971 1204 den Halt für das ganze Leben verloren hat.
2171 1141 3078 1197 gestern Verdi's Meisterwerk durch den Adel des Stils,
273 1148 1190 1204 Pochen war vergeblich. Die Kameraden, die mit ihm
1292 1162 2132 1253 Es gibt immer Beurtheiler, welche in solchen dra¬
2164 1194 3071 1246 die dramatische Wahrheit und die durch das Suje
263 1190 1187 1253 gewettet haben, suchen die Sache scherzhaft abzuthun
1222 1229 2136 1288 matischen Fällen gegen den Autor den Vorwurf
2164 1239 3078 1288 bedingte Localfarbe der Musik und nicht minder durch
263 1243 1187 1295 aber der aufgeregte Karinski, der ein Opfer sucht
1215 1281 2139 1341 erheben, daß das Problem nicht gelöst sei. Aber der
2164 1288 3078 1341 die künstlerische Leistung des Fräuleins Helene de
263 1285 1187 1337 heftet seine Blicke auf den Nachbartisch, an dem Pau¬
1218 1327 2132 1386 Dramatiker hat gar nicht die Insgabe, die allgemeinen
2164 1330 3081 1386 Tériane, welche in der Titelrolle ihr für drei
263 1330 1187 1390 Rönning sitzt, und provocirt den jungen Mann, in
1218 1379 2143 1432 Probleme der Gesellschaft zu lösen, wie es etwa der
2167 1372 3081 1439 Abende bestimmtes Gastspiel beendete. Ihrer Aida
263 1376 1187 1436 dessen Mienen er ein befriedigendes Lächeln wahrge¬
1215 1425 2143 1474 theoretische Reformer oder der lehrhafte Verfasser von
2164 1418 3078 1481 muß gegenüber der Durchführung der Partien der
263 1436 1187 1481 nommen haben will. Rönning antwortet kühl und
1222 1467 2129 1530 Staatsromanen versucht. Dem Dichter handelt es sich
2164 1474 3078 1527 Carmen und Santuzza der Preis zuerkannt werden,
263 1471 1190 1530 correct, aber Karinski erhitzt sich immer mehr, und be¬
1208 1513 2125 1569 darum, des Problem darzustellen, die Widersprüche in de
2164 1516 3074 1576 da ihr von dramatischem Feuer erfüllter Gesangsvor¬
263 1523 1187 1576 zeichnet das Mädchen, das seine Gesellschaft verschmähte
1222 1565 2129 1618 Anschauungen der Gesellschaft und in den Gefühlen der In
2157 1572 3081 1625 trag und ihre temperamentvolle Darstellung auf einer
266 1572 1190 1625 mit einem häßlichen Namen. Da fährt Rönning end¬
1222 1614 2132 1670 dividuen anschaulich zu machen und durch deren tragisch
2164 1618 3081 1670 hohen Stufe standen und sie die herrliche und schwie¬
266 1614 1190 1674 lich auf und versetzt dem herausfordernden Beleidiger
1218 1660 2129 1716 Folgen auf das Gefühl der Zuschauer einzuwirken. De
2157 1667 3074 1726 rige Partie in jeder Hinsicht beherrschte und durch
266 1667 1190 1726 einen Backenstreich. Der wüthende Karinski, der ver¬
1222 1705 2132 1761 individuelle Conflict wird zu Ende geführt, der dar
2167 1709 3074 1765 eine Kette fesselnder Einzelnheiten einen nicht gewöhn¬
266 1716 1190 1768 geblich nach der Waffe an seiner Seite sucht, wird von
1222 1758 3078 1810 über schwebende allgemeine tritt geklärt zutage und lichen Eindruck zu üben im Stande war, welcher in
270 1761 1187 1814 seinen Kameraden fortgeschleppt, und die Freund¬
1211 1800 2136 1866 wirkt auffordernd in den Gemüthern nach. Solch ein
2167 1800 3078 1880 den Scenen des dritten Aufzuges in der Ari¬
270 1810 1187 1866 Pauls stellen sich zur Verfügung, um mit ihm der
1218 1842 2125 1908 Stück verdichtetes, aus der Verworrenheit herausge
2167 1852 3078 1912 „ patria mia, non ti vedro mai pia“ und in der
273 1849 1187 1905 Ehrenhandel zum Austrag zu bringen. Um den Ver¬
1211 1901 2136 1964 hobenes Leben kann nichtsdestoweniger erfahrungs¬
2160 1894 3085 1954 Steigerung des leidenschaftlichen Vortrags in den
263 1901 1187 1954 lauf dieses Ehrenhandels dreht sich der zweite Act
1211 1947 2136 2003 gemäß zu großen Umgestaltungen in der Gesellschaft
2167 1943 3078 1999 unmittelbar folgenden zwei Duos mit Amonasro und
266 1950 1190 2003 Schon früh im Morgen sind die Secundanten Ka¬
1225 1996 2125 2048 den Anstoß geben; aber das geschieht nicht durch Lehr
2167 1999 3078 2052 Rhadames den Höhenpunkt erreichte. In ihrem durch¬
266 1999 1190 2055 rinskis bei Renning erschienen — und haben den un¬
1218 2038 2125 2094 und Vorschlag, die auf ein ganz anderes Gebiet the
2164 2048 3078 2101 dachten Spiele war die Auffassung des Charakters der
266 2048 1190 2097 erwarteten Bescheid erhalten, daß Rönning nicht daran
1222 2087 2132 2139 oretischer Arbeit gehören, sondern durch die Macht des
2164 2090 3078 2146 gefangenen, in Leidenschaft für den feindlichen Feldherrn
263 2090 1187 2150 denke, sich zu schlagen. Nun kommen die Freunde des
1211 2132 2136 2185 Lebendigen, das in seinen treibenden Elementen darge¬
2164 2139 3078 2195 entbrannten ethiopischen Königstochter mit dem düsteren
259 2139 1187 2195 Letzteren, um mit Staunen ein Gleiches zu vernehmen
1222 2181 2129 2237 stellt, in seinen ursachlichen Zusammenhängen erfaßt
2164 2178 3078 2241 Fortgang der Handlung vollkommen im Einklang.
259 2185 1187 2244 Der schwachköpfige Poldi will anfänglich das Unge¬
1215 2223 2125 2286 auf das Leben bedeutsam zurückwirkt. Nach diese
2164 2223 3071 2290 Nach dem dritten Aufzuge wurden Fräulein Terian
263 2223 1187 2286 heuere nicht glauben und setzt die Miene des verletzten
1218 2272 2129 2328 Seite hin hat Schnitzler seine dichterische Aufgabe ge¬
2160 2279 3074 2335 ein Kranz und ein Strauß überreicht. In der Roll¬
270 2283 1183 2335 Ehrenmannes auf, da er daran zu glauben gezwungen
1211 2325 2129 2374 löst; er färbt nicht tendenziös — es war schon die
2167 2321 3074 2377 der egyptischen Königstochter Amneris eröffnete Fräul.
266 2328 1190 2377 wird; aber auch der hochintelligente Dr. Wellner kann
1211 2370 2129 2444 Rede davon, daß die Vertreter verschiedener Anschau
2164 2374 3081 2426 Louise Köhler vom Stadttheater in Straßburg ein
263 2374 1187 2433 das Staunen und die Mißbilligung nicht zurückhalten
1211 2412 2129 2465 ungen Wiederhall im Hause fanden — aber er gib
2164 2419 3081 2472 kurzes auf ein Engagement abzielendes Gastspiel. Die
259 2419 1183 2479 er versteht zwar den Freund, der sich gegen den Wi
1215 2454 2132 2517 den Menschen und Conflicten soviel echte Lebensfarbe
263 2472 1187 2521 dersinn des Duells sträubt und der sein neu gewor¬
2171 2468 3078 2517 Sängerin, eine Wienerin, welche als Elevin an der
1218 2514 2132 2566 daß sie überzeugend wirken und daß die Tragik des
259 2517 1187 2566 neues Leben nicht aufs Spiel setzen will, weil ein
2167 2517 3081 2577 Wiener Hofoper ihre theatralische Laufbahn begann
1222 2559 2136 2615 „Freiwilds" jedem Fühlenden ans Herz greifen muß
259 2563 1187 2619 gezüchtigter Excedent ihm an den Leib rücken möchte
2171 2556 3085 2615 und hierauf in Olmütz engagirt war, besitzt ein dunkles
1222 2598 2136 2657 Vielleicht hat seine Kunst der Detailmalerei ihn in
259 2605 1187 2668 aber er ist mit seinem Gefühle auf Seiten der Gesell¬
2167 2605 3081 2661 ausgiebiges Organ, welches, wenigstens diesmal, in
1215 2650 2139 2706 in diesem Stück ein und wieder verleitet, zu weit in's
2167 2654 3081 2713 allzu gleichmäßiger Betonung zu Gehör kam und auch
263 2650 1187 2713 schaft, die ihre Auschauungen unerbittlich vertritt, und
1218 2699 2136 2776 Einzelne zu gehen und das pikante Genrebild zu breit
2167 2703 3085 2759 bezüglich der Abstufungen in der Klangfarbe und eines
266 2703 1190 2759 er warnt den jüngeren Genossen, sich in dem Kreise
263 2745 2125 2801 in dem er bisher gelebt, rechtlos zu machen. Rönning auszuspinnen. Die Mischung von Satire und echte
2167 2752 3081 2808 lebhafteren Vortrags zu wünschen übrig ließ. Da auch
1222 2794 2097 2854 Poesie ist in „Liebelei glücklicher als in „Freiwild
2167 2797 3085 2850 die Darstellung gemessen und zu rückhaltend war,
263 2801 1187 2850 bleibt bei seinem Sinn und findet einen Halt in den
266 2836 2136 2896 Mädchen, für das er eingetreten. Sie eilt zu ihm, be¬ aber der Dichter spricht auch hier das entscheidende
2171 2840 3078 2899 blieb der Gesammterfolg der Leistung nur auf mitt¬
1211 2889 2125 2959 und das letzte Wort, und zumal der zweite Act be
2174 2896 3085 2952 lerer Höhe, und es dürfte die Sängerin vielleicht erst
266 2892 1190 2945 schwört ihn, sich um ihretwillen nicht einer Lebensge¬
1218 2941 2136 2994 zeugt den Dramatiker, der die Fäden straff zusammen¬
2164 2945 3081 3001 bei einem zweiten Auftreten einen sympathischeren Ein¬
273 2941 1187 3015 fahr auszusetzen, die beiderseitige Erregung drängt ver¬
1222 2987 2136 3043 faßt und zugleich den Schwerpunkt der Vorgänge in
2171 2990 3085 3043 druck hinterlassen. Neu besetzt war die Rolle des
259 2990 1187 3039 borgene Gefühle ans Licht, Rönning begehrt die
1218 3039 1796 3099 das Innere der Menschen verlegt.
2174 3036 3085 3092 Feldherrn Rhadames mit Hr. Elsner, welcher wie
263 3039 1190 3092 Schauspielerin zur Frau, und das Gespräch endet mit
1285 3053 2132 3137 Die Aufführung zählt zu den besten Darbietungen
2174 3078 3081 3141 sonst mit der Klangschönheit seines kräftigen und hell¬
263 3088 1187 3134 dem Entschluß, in einer Stunde gemeinsam den Badeor
1218 3123 2132 3190 unseres Schauspiels. Herr John, der auf dem Ko
2167 3127 3078 3186 tönenden Tenors wirkte und sein feines Gefühl für
263 3134 1187 3190 zu verlassen und sich nicht mehr zu trennen. Aber uner¬
1211 3176 2136 3232 thurn die Sicherheit des Schrittes erst gewinnen muß
2164 3172 3074 3235 das Richtige und Wahre im künstlerischen Gesang
266 3179 1190 3232 wartete Hindernisse treten diesem Entschluße in der
266 3218 3081 3281 Weg. Zunächst erscheint der wohlmeinende Rohnstedt, macht im Gesellschaftsstücke erhebliche Fortschritte; er bekundete. Hr. Hunold erzielte als König Amo¬
1218 3274 2136 3323 ist namentlich für Liebhaber, die nicht nur schwärmen
2171 3263 3078 3347 asro durch den energischen Ausdruck seines gut phra¬
259 3277 1187 3326 um durch einen vertraulichen Vorschlag den peinlicher
1218 3319 2129 3375 sondern auch sonst einen Beruf und Character haben
2164 3319 3088 3379 rten Vortrags und die würdige Darstellung eine volle
273 3323 1190 3372 Ehrenhandel doch noch zu einem leidlich befriedigenden
2171 3368 3085 3417 Wirkung. Hr. Sieglitz blieb im Besitze der Rolle
263 3361 2136 3417 Abschluß zu bringen. Er deutet an, daß Karinski gut veranlagt. Sein Rönning war in der unbefangen,
2164 3414 3081 3470 des Oberpriesters, hingegen mußte Hr. Ehrl in hilf¬
259 3414 2129 3473 darauf verzichte, das Leben des Gegners zu bedrohen, etwas lässigen Daseinsfreudigkeit, der man die Ver
2167 3456 3081 3522 reicher Bereitwilligkeit plötzlich für Hr. Gärtner den
1211 3456 2136 3522 wöhnung durch das Schicksal anmerkt, gut gezeichnet
263 3463 1187 3512 wenn dieser wenigstens den Schein wahren und sich
2952 3512 3046 3561 K.
2164 3515 2920 3571 ungenannten egyptischen König übernehmen.
1211 3512 2136 3568 gewann durch die sympathische Einfachheit im Aus¬
263 3512 1187 3561 ihm im Zweikampfe stellen wolle. Aber Rönning weis
2244 3550 3085 3610 ** Concert des Quartetts Beamt. Das
1218 3547 2136 3610 drucke der Uiberzeugung und machte die Charakterent
263 3561 1187 3613 auch dieses Anerbieten zurück; er will sich ebensowenig
1211 3603 3085 3655 wickelung, die dem Autor vorschwebte, anschaulich; man humoristische Männer=Gesangsquartett aus Brünn, an
266 3610 1190 3659 begnadigen als tödten lassen; er findet die Angelegen¬
2167 3655 3085 3708 dessen Spitze Herr Sigmund Beamt steht, während
1218 3652 2143 3708 fühlte den Moment mit, in dem der Freidenker, der
270 3655 1180 3708 heit damit beendet, daß ihm „einer über den Weg ge
2160 3704 3081 3760 die Namen der übrigen drei Mitglieder am Programm
1215 3697 2139 3753 den Händeln der Gesellschaft widerstrebt, durch dieses
263 3697 1187 3757 laufen ist, den er nach Verdienst gezüchtigt hat." Ver¬
2167 3743 3081 3799 nicht genannt erscheinen, hat bereits im verflossenen
1215 3746 2132 3795 Widerstreben in die Händel hineingezogen wird. Herr
263 3750 1187 3799 gebens betont Rohnstedt, daß es sich um die „Rettung
2171 3795 3078 3851 Jahre hier ein Concert veranstalten wollen, das jedoch
270 3792 2129 3848 seines Kameraden handle, daß Karinski nur als Tauber traf den überreizten, unheimlichen Ton, die
2164 3837 3078 3897 nicht zu Stande gekommen ist. Seit dieser Zeit hat
1222 3841 2132 3890 Strammheit und das herausfordernde Wesen des
263 3837 1197 3900 Officier, und als Officier nur dann leben könne, wenn
2157 3879 3081 3932 man über das Auftreten des Quartetts in anderen
1211 3883 2136 3942 Karinski, Fräulein Fasser war als Anna Riedel
266 3890 1190 3939 er Genugthuung erhalte. Rönning hat keine Empfäng¬
2167 3925 3078 3988 Städten so viel Günstiges gelesen, daß sich das In¬
1222 3932 2122 3984 schlicht und ehrlich wie sie sollte. Auch das Charakteri
273 3935 1187 3988 lichkeit für diese ihm fremdartige Logik und Rohnsted
2157 3977 3081 4044 teresse für ihre Leistungen noch erhöhte und das Sonn¬
266 3984 2129 4051 muß unverrichteter Dinge abziehen. Aber die letzte stische der übrigen Figuren trat zumeist glücklich her
