3436 4256
835 155 1234 247 box 14/2
137 163 657 272 8. Freiwild
1540 532 2542 611 war zwar im Begriff abzureisen, aber fliehen, nein,
501 560 939 629 entwickelte sich ein hastig
1532 590 2542 649 das thut er nicht. Er bleibt, bleibt, so sehr auch sie,
504 613 952 677 Gatte der Vermietherin
1535 631 2540 708 für die er eintrat, die er liebt und heirathen will, in
509 652 959 700 Zimmer seiner Wohnung
1540 672 2545 736 ihn dringt. Der beleidigte, verzweifelte Officier tritt
501 680 1008 730 hatte während der Stunden
499 718 1064 774 außer Hause zubrachte, den Be¬
1552 715 2151 784 m denn auch bald in den Weg.
1275 736 1512 804 wie sie zu
491 730 1153 812 und das Zimmer heimlich vermische
1583 730 2550 835 „Wollen Sie sich mit mir schlagen?" Rönninger
514 779 1509 840 größten Ueberraschung der beiden Männer nach der nächt
1545 781 2123 865 sieht ihn stumm und fremd an.
504 830 1522 875 lichen Prügelei zum Besten gab, um einen Zeugen für
1591 832 2537 921 „Ich frage noch einmal, wollen Sie sich mit mir
501 863 1514 924 das ungebührliche Betragen ihres Gatten
1542 875 1736 957 schlagen?"
517 901 1522 954 zu haben, den sie zu verlassen gedenkt. Der Buch¬
1588 888 2542 977 „Machen Sie mir Platz", antwortet Rönning, und
501 937 1512 1021 handlungsgehilfe zog schon am Morgen nach der „ruhigen
1530 949 2545 1051 als die dritte, heftigste Frage wieder erfolglos bleibt,
509 982 710 1046 Nacht aus
1537 1003 2481 1066 schießt ihn der Officier nieder. „Freiwild“
1535 1033 2550 1127 also in unserer Welt auch Jemand, der ein Duell ab¬
1532 1092 1647 1158 lehnt.
710 1071 1331 1166 Vor den Coulissen.
1591 1105 2548 1176 Das Schauspiel ist spannend von Anfang bis zu
573 1120 1517 1209 Das „Deutsche Theater" schreitet von Erfolg
1542 1168 2548 1219 Ende, ohne daß eine Speculation auf Spannung er¬
593 1183 1519 1245 Erfolg. Auf Sudermann's „Morituri", folgte
524 1186 2553 1288 soeben eine kräftige dramatische Erörterung des kennbar wird. Die Wirkung ist eine lebhafte, wenn
1535 1245 2542 1298 auch entfernt nicht so stark wie in „Liebelei“. Während
514 1270 1509 1334 Rechts und Willens zu leben. „Freiwild
1542 1288 2548 1344 dort unser Gemüth, unser Empfinden aufgerüttelt ist,
514 1303 1517 1367 nennt sich das neue Bühnenwerk, das gestern Abend
514 1336 2550 1405 hier in Berlin zuerst das Lampenlicht erblickte, das wendet sich dieses Tendenz=Stück an unser Gerechtig¬
519 1369 2553 1443 Stück, von dessen Wesen und Inhalt vorher auf keitsgefühl, an unseren Verstand. Und bedingungslos
1542 1410 2555 1468 tritt dieser dem Helden nicht bei, so sympathisch
519 1430 1517 1494 fallender Weise nichts, gar nichts verlautet hatte
547 1448 2553 1540 der Verfasser, Arthur Schnitzler, hat hier das uns auch die Tendenz ist. Zufällige Ereig¬
654 1486 2548 1578 seltene Glück, mit dem zweiten Stück nisse der letzten Zeit lassen das Stück als sehr
552 1532 2550 1619 ich den zweiten kräftigen Erfolg zu erzielen, actuell erscheinen und wem wäre ein Plaidoyer
573 1580 2558 1649 Kräftigen Erfolg? Wer zufällig zum Schluß der gegen den verkehrten, mit Menschenleben spielenden
1550 1616 2558 1677 Ehrbegriff nicht gerade jetzt doppelt sympathisch. Aber
542 1639 1522 1695 lufführung, beim Fallen des Vorhangs in den Zu¬
1550 1659 2555 1713 man fragt sich doch auch: ist ein beliebiger junger
529 1675 1522 1738 chauerraum getreten wäre, der hätte den Eindruck
527 1695 2553 1784 empfangen, daß hier nur von einem bestrittenen Erfolge Mann berechtigt, für eine fremde Dame eintretend
537 1738 2553 1817 ie Rede sein kann, denn der allerdings sehr lebhafte einen Officier zu ohrfeigen, wenn er nicht
1555 1774 2558 1832 Genugthuung geben will. Wenn er in diesem Punkte
542 1797 1519 1860 and recht herzliche Beifall wurde von einem nicht
532 1827 2558 1904 zu überhörenden, einem ziemlich energischen Zischen verständig denkt, dann darf auch er nicht zur rohen
1555 1860 2553 1919 Gewalt greifen, sich nicht zum Richter und Vollstrecker
527 1881 1524 1937 bekämpft, wenn auch die Opposition bei Weiten
634 1901 2558 1977 der Minderheit war. Wer aber der von Urtheilen aufwerfen, dann soll er sich mit stummer
1555 1942 2558 1998 Verachtung, mit einem scharfen Wort, mit Klage,
529 1939 1527 2021 Aufführung beigewohnt hat und die Ent¬
1555 1983 2560 2041 Ehrengericht oder sonstwie helfen. Zum Holz¬
532 1998 1527 2064 scheidung des Publikums nicht ausschließlich nach
1344 2018 2563 2087 die den Comment sich bekennen und den Pistolen¬
529 2049 1316 2107 dem Kampf der Geräusche beurtheilt,
529 2059 2563 2140 Schluß begleiteten, der fühlte es, wie das Publikum im Comment zurückweisen, ist bedenklich. So ritter¬
519 2112 2568 2179 Banne der Dichtung stand und wie die Gegnerschaft lich, consequent und schön sein Ausharren der
1560 2153 2565 2204 Gefahr gegenüber ist, so bleibt doch ferner die Frage,
529 2168 1535 2242 nicht eigentlich dem Bühnenwerke als einem solchen
1552 2189 2570 2242 ob er nicht in Consequenz seiner eigenen Anschauungen
534 2207 1428 2278 sondern in erster Reihe seiner Tendenz galt.
588 2229 2563 2313 Ein Tendenz=Stück ist das dreiactige Schauspiel der Gefahr hätte aus dem Wege gehen oder ob er ihr
534 2265 2568 2359 „Freiwild“. Ein kräftig ausgeführtes Lebensbild ist nicht wenigstens hätte entgegentreten müssen, anstatt
532 2316 2568 2390 hier aufgeboten zum Kampfe gegen das Duell. Die unthätig dazustehen, während er doch wissen mußte,
537 2367 1860 2433 Frage des Zweikampfes ist schon sehr oft auf der was ihm droht.
1624 2362 2565 2464 Im ersten Act ist das österreichische Badeleben,
532 2410 1540 2476 Bühne erörtert worden, in „Satisfaction" nahm sogar
532 2443 2568 2517 ein deutscher Officier das Wort gegen die Wider= der Verkehr der Officiere, Gigerl, Badegäste, ins¬
1568 2466 2565 2532 besondere aber das Leben der Schmiere vortrefflich
537 2494 1542 2558 sinnigkeiten des Duells. So hart ist indeß Anlaß
1570 2509 2568 2583 geschildert, treu und echt in jedem Zuge. Nur in der
532 2532 1540 2596 Durchführung und gewaltsame Lösung des Conflict¬
532 2558 2568 2665 dem Theaterpublikum noch selten vor's Auge gerückt Zeichnung des Directors, der, als es heißt, eine Dame
1560 2601 2578 2654 könne von ihrer Gage nicht leben, verwundert aus¬
542 2632 685 2700 worden.
1565 2634 2578 2700 ruft: „Soll ich etwa meine Schauspielerinnen er¬
598 2652 1540 2723 „Freiwild" — der seltsame Titel des eigen¬
542 2677 2578 2759 artigen Stückes, hat, so will uns scheinen, eine nähren!" und der seinem Kossirer auf die
1570 2713 2581 2777 Bemerkung, diese Dame ist wirklich — „nicht
542 2738 1542 2800 doppelte Bedeutung und betrifft die beiden Seiter
2359 2756 2576 2810 Sie die
1657 2756 2214 2827 antwortet: „nächstens lasse
537 2779 1540 2835 der Handlung. Wir sind in einem kleinen Badeorte
542 2805 2570 2886 in der Nähe von Wien. Die Officiers= und Gigerl. Naiven spielen herrscht der Griffel des Karrika¬
537 2848 2578 2917 Gesellschaft gruppirt sich um's Theater, dessen Damen turisten vor. Die Darstellung der Theater=Misère in
537 2883 2578 2962 ein „Freiwild“ für die Müßiggänger zu sein scheinen, ihrer ernsten und lustigen Seite hätte in dem Stück
1573 2929 2581 2985 wohl noch einen breiteren Raum einnehmen können.
542 2945 1547 3006 Die kleinen Liebhaberinnen, Soubretten, Choristinnen
1591 2970 2578 3041 Jedenfalls hat man überall das Gefühl, daß der Ver¬
552 2985 1545 3054 fühlen sich denn auch äußerst wohl bei den Cham
550 3003 2586 3092 pagner Soupers, und der Director ist von der „Füh¬asserichtes Leben, das er gründlich kennt, einfach und
537 3041 2573 3135 lung", die seine Bühne mit dem Publikum gewinnt, treu auf die Bühne bringt. So wahr berührt es
1570 3082 2581 3143 daß selbst der lange erste Art fesselte, obwohl er nur
545 3118 1540 3176 ganz entzückt. Eine einzige Dame ist herb und streng
545 3120 2581 3212 weist jeden Versuch einer Annäherung schroff zurück das Milieu schildert und die spannende Handlung erst
1570 3174 1944 3253 zum Schluß einsetzt.
552 3191 1545 3250 und glaubt der Kunst allein leben zu sollen, was der
1629 3191 2578 3263 Das Werk fand im „Deutschen Theater" eine vor¬
547 3225 1547 3293 heiligen Zorn ihres Directors herausfordert
550 3255 2588 3329 Gerade auf diese eine aber capricirt sich ein treffliche Verkörperung. Man athmete förmlich öster¬
560 3283 2583 3380 leichtsinniger und eigenwilliger Officier und wettet reichische Luft. Der Verfasser von „Liebelei“ ist in
1583 3324 2578 3390 dem neuen Werke überall zu erkennen. Eine besondere
550 3357 1555 3413 am offenen Caféhaus-Tisch, er werde die Dame zun
550 3375 2586 3454 Souper bewegen. Als er von seinem Einladungs¬ Aehnlichkeit bieten die beiden weiblichen Hauptfiguren:
562 3408 2586 3507 gange als Verlierender zurückkehrt, provozirt er einen die leichtfertige, kokettirende Soubrette, die von
1586 3451 2583 3522 Fr. Gisela Schneider mit dem frischesten Leben dar¬
568 3479 1552 3548 jungen Mann, den Freund und Verehrer jener Schau
560 3489 2583 3586 spielerin, dessen „Lächeln“ ihn reizt. Es kommt zu gestellt wurde und die ernste, strenge Anna Riedel — eine
555 3522 2583 3624 einem Wortwechsel, in dessen Verlaufe der Officier wenig dankbare Aufgabe, an die Fräulein Trenner
550 3566 2586 3665 auch noch eine Verdächtigung gegen die Dame aus allen Eifer wandte. Herr Rittner war als Paul
565 3606 2591 3703 stößt. Der junge Mann ohrfeigt ihn. Mit der Aus= Rönning völlig in seinem Elemente: offen, frei, warm
1591 3655 2586 3718 und natürlich in jeder Gemüthsregung, jedem Wort
562 3683 1321 3767 sicht auf ein Duell schließt der erste Act.
624 3688 2596 3784 Der zweite Act bringt eine Ueberraschung. Paul Den etwas wüsten Oberlieutenant Karinski stellte
1588 3728 2583 3800 Herr Sauer voller Temperament dar und wahr genug
562 3762 1560 3825 Rönning, der junge Herr, der sich der Künstlerin so
560 3779 2583 3866 lebhaft angenommen, lehnt die Forderung ab. „Der im Wesen, obwohl norddeutsch in der Sprache. Auch Herr
1588 3807 2593 3886 Nissen verzichtete sehr kluger Weise aufs Oestreicheln
555 3845 1565 3909 Officier hat gehandelt wie ein Nichtswürdiger, ich
1591 3853 2591 3924 und war doch überaus lebenswahr als sympathischer,
562 3889 1568 3952 habe ihn nach Gebühr gezüchtigt, ich habe nichts mehr
560 3896 2591 3991 mit ihm zu schaffen," erwiedert er. Die eigenen Freunde verständiger Officier vornehmerer Richtung. Die un¬
562 3940 2591 4029 lehnen sich auf gegen diese Logik, und betonen glaubliche Zumuthung eines Schein=Duells — ein em¬
565 3983 2593 4072 die Pflicht der Verantwortung, das Recht der pfindlicher Fehler des Stücks — berührte darum
1598 4011 2598 4090 freilich umso peinlicher. Herr Hermann Müller
565 4041 1568 4113 bestehenden Ehrengesetze. Rönning bleibt stand¬
1105 4057 2598 4136 Anlaß, sich vor die war wunderbar echt als österreichischer Lieutenant.
809 4097 1066 4156 habe keinen
2023 4103 2354 4166 lauman
