3344 4352
218 178 312 281 8.
896 171 1320 273 box 14/5
375 171 768 260 Freiwild
742 641 1882 706 nna Riedel, eine junge Theater-Elevin, hat ihr erstes
682 673 1876 762 Engagement an einem kleinen Theater in einer
684 749 1876 809 Garnisonstadt erhalten. Sie ist erwartungsfreudig und
687 797 1874 865 sieht sich bereits in kühnen Träumen die „Jungfrau
684 846 1812 910 von Orleans, das „Hannele" spielen und hört in
693 898 1748 963 Gedanken den begeisterten Beifall des Theater¬
687 942 927 1011 publikums.
740 975 1662 1048 Auf der Reise in die Garnisonstadt lernt sie
917 1043 1641 1094 zufällig einen Offizier der Garni¬
982 1086 1638 1149 son, Oberleutnant von Karinski,
978 1140 1638 1219 kennen. Die Bekanntschaft
864 2484 1519 2549 soll für sie verhängnisvoll
869 2534 1519 2598 werden, denn sie ahnt jetzt noch
869 2591 1516 2646 nicht, wem sie gegenübersitzt.
875 2634 1580 2695 Sie weiß vorläufig nur, daß in der
872 2684 1584 2748 gleichen Stadt, in der sie jetzt tätig
869 2741 1583 2791 sein wird, sich augenblicklich ein
881 2785 1586 2840 Jugendfreund von ihr aufhält.
872 2836 1587 2894 Paul Rönning, ein Kunstmaler, der
872 2886 1592 2968 nach einer schweren Krankheit sich
