3484 4192
875 133 1273 235 box 14/4
186 141 704 235 8. Freiwild
747 1231 1112 1328 Telephon 12801.
380 1311 1474 1401 Alex. Weigls Unternehmen für Zeitungs-Ausschnitte
1121 1393 1302 1495 R
577 1395 1089 1532 E R
385 1497 1472 1583 I. österr. behördl. konz. Bureau für Zeitungsberichte u. Personalnachrichten
574 1580 1305 1661 Wien, I., Concordiaplatz 4.
807 1639 1070 1704 Vertretungen
385 1685 1469 1750 in Berlin, Budapest, Chicago, Genf, London, New-York,
387 1741 1477 1815 Paris, Rom, Mailand, Stockholm, Christiania, St. Petersburg.
666 1783 1203 1869 (Quellenangabe ohne Gewähr.)
388 1886 843 1967 Ausschnitt aus:
731 1934 1415 2043 Montagspresse, Wien
397 1990 690 2057 vom 30.
773 2197 1042 2301 Theater.
334 2256 1497 2360 (Deutsches Volkstheater.) Arthur Schnitzlers
305 2327 1494 2391 Schauspiel „Freiwild“ wurde Samstag in schöner Auf¬
311 2386 1497 2449 führung mit großem Erfolge gegeben. Wir kommen auf
275 2435 1515 2539 das interessante Werk und seine Darstellung noch zurück.
920 2486 1503 2561 che
2216 987 2576 1090 Telephon 11891.
1851 1061 2933 1175 Alex. Weigls Unternehmen für Zeitungs-Ausschnitte
2046 1150 2766 1285 „
1851 1259 2933 1341 I. österr. behördl. konz. Bureau für Zeitungsberichte u. Personalnachrichten
2040 1328 2783 1419 Wien, I., Concordiaplatz 4.
2270 1406 2527 1470 Vertretungen
1857 1419 2938 1509 in Berlin, Budapest, Chicago, Genf, London, New-York,
1854 1497 2939 1560 Paris, Rom, Mailand, Stockholm, Christiania, St. Petersburg.
2126 1543 2678 1617 (Quellenangabe ohne Gewähr.)
1866 1625 2312 1727 Ausschnitt aus:
2189 1650 2952 1808 Sonn- u. Montags Zeitung, Wien
1863 1744 2019 1817 vom
1894 1846 2953 1944 (Deutsches Volkstheater.) Artur Schnitzlers Schau¬
1789 1930 2947 1999 spiel „Freiwild“ ist vor neun Jahren ein einzigesmal im Carl-Theater
1786 1979 2929 2032 gespielt worden und kommt nun endlich nach mannigfachen Schick¬
1792 2027 2929 2086 salen wieder auf eine Wiener Bühne. Der Rat des Horaz, die
1792 2074 2936 2128 Dichter mögen ihre Werke neun Jahre im Pulte liegen lassen,
1786 2114 2946 2176 hat eine grausam ungerechte Variante erfahren. Ein wahres Glück
1784 2168 2949 2236 für Schnitzler, daß der Duellwahnsinn, gegen den in der letzten Zeit
1783 2217 2936 2276 nicht nur die Fürsten unter den Denkern, sondern auch die denkenden
1786 2262 2933 2315 Fürsten losziehen, sich noch immer eines üppigen Daseins
1783 2312 2933 2363 erfreut, sein beredtes, von heißem dramatischen Atem beseeltes
1789 2356 2933 2420 Plaidoyer gegen das Duell wäre sonst zu spät erschienen.
1778 2397 2933 2469 „Freiwild“ ist ein Tendenzstück, und Schnitzler versucht keinen
1778 2452 2938 2505 Augenblick, seine subjektiven Meinungen zu verbergen; um so
1777 2502 2936 2554 imponierender ist die künstlerische Objektivität des Dichters, die ihn
1774 2551 2936 2604 nicht nur davor behütet, ungerecht zu werden, sondern auch davon
1778 2596 2930 2658 abhielt, in eine den Nerv des Dramas tötende Einseitigkeit zu ver¬
1774 2636 2929 2692 fallen. Mit den guten Gesinnungen allein macht man oft die
1781 2684 2926 2743 schlechtesten Theaterstücke. „Freiwild“ ist aber, trotzdem es die auf
1780 2737 2929 2796 der Bühne schon so oft erörterte Duellfrage zum Gegenstand hat,
1770 2789 2930 2853 ein effektvolles, erschütterndes Drama, welches das Interesse
1777 2828 2929 2885 des Publikums bis zum letzten Augenblick festhält. Man
1783 2874 2930 2938 sieht eben echte, lebenswahre Menschen, die durch die
1774 2921 2924 2981 Verkettung der Umstände gezwungen sind, Repräsentanten wider¬
1774 2964 2932 3021 streitender Anschauungen zu werden, und wird niemals durch den
1767 3023 2918 3072 Gedanken verstimmt, daß ein berechnender Kopf die Personen und
1766 3066 2922 3134 die Verhältnisse sich mühselig konstruiert hat. Die Darstellung war
1774 3113 2919 3179 eine ausgezeichnete, Herr Kutschera spielte den Paul Römnig mit
1774 3157 2918 3218 einer überzeugenden Einfachheit, die die glänzendste Wirkung erzielte;
1770 3207 2916 3273 er hatte einen würdigen Partner an Herrn Kramer. Die Herren
1770 3250 2922 3307 Jensen und Raeder brachten ihre ernsten, die Herren Tewele
1764 3304 2913 3355 und Richter Roland ihre komischen Rollen trefflich zur Geltung.
1770 3343 2921 3405 Fräulein Erl und Frau Glöckner vertraten mit vielem Erfolg
1767 3399 2922 3464 zwei ethische Extreme, die sich nicht nur beim Theater berühren. Die
1764 3447 2825 3527 eine war die Unnahbarkeit selbst, die andere nähert sich jedem.
