3392 4256
195 176 670 269 8. Freiwil
890 172 1297 271 box 14/4
208 1217 680 1282 den Helden Minas,
728 1219 1853 1291 Armut hinweg, bis sich zwei Verehrer melden. Paul
174 1257 680 1324 die Großen gefährlich hält
720 1268 1851 1339 Rönning, der eine, meint es ehrlich, Karinski, der
176 1318 684 1385 ihe und der Erniedrigung
720 1322 1853 1389 andere, ein von allen Offizierslastern berührter Provinz¬
176 1362 678 1429 de Mächtigen aus Neigung
741 1364 1862 1431 Don Juan, sucht nur flüchtige Augenblicke des Glückes
180 1410 693 1461 sehr, sondern alles nur der
720 1412 1853 1478 bei ihr. Die beiden Rivalen geraten heftig aneinander,
722 1459 1853 1519 Rönning ohrfeigt den Offizier, der im Gefühle seines
174 1461 686 1515 die Gnade verabscheut und
180 1503 693 1574 nigs will. Er wurde
722 1509 1845 1564 militärischen Uebergewichtes Anna frech beschimpft, und
180 1549 678 1616 sche Grundsätze, und aus
722 1555 1853 1622 da der modern fühlende Zivilist sich nicht schlagen will,
728 1599 1864 1679 schießt ihn Karinski über den Haufen. Riedl wie ihr Ver¬
176 1603 680 1660 gen Manne gut tue, eine
724 1645 1337 1725 lobter sind ihm — „Freiwild.
174 1648 686 1713 versuchen; er vermag den
174 1694 680 1765 begreifen, der seinen Arm
798 1689 1857 1767 Diesen Vorgang, der sich gewiß mehr als einmal
180 1742 684 1809 Staate vermietet hat," und
726 1721 1864 1809 zutrug, hielt man in Wien auf der Bühne lange für
191 1786 684 1843 er mit strengem Ernst:
722 1801 1847 1853 unstatthaft. „Freiwild“ wurde nicht ausdrücklich verboten
180 1830 693 1893 sen, daß du nicht sowohl
722 1849 1864 1904 aber so oft es dargestellt werden sollte, wurde irgend eine
170 1878 686 1954 liche Lebensart liebst, die
726 1893 1859 1950 einflußreiche Macht rege, um Wiederholungen des Stückes
180 1927 686 1998 den ist. Man muß Soldat
732 1937 1866 2000 zu unterdrücken. Und doch verläßt es, bald nachdem die
176 1975 684 2044 tebe zu der Sache, für die
722 1990 1870 2048 Exposition sich abgespielt, die anfangs flüchtig angedeutete
176 2021 693 2095 heute hier, morgen da
720 2040 1864 2095 antimilitärische Tendenz, um sich vornehmlich zu einem
180 2067 693 2158 derknecht reisen — weiter
728 2080 1864 2143 Proteste gegen das Duell zu entwickeln; loyal kommt
735 2134 1847 2193 Für und Wider in der Frage, die der Dichter anregt
208 2151 693 2239 Verkehr mit Offizieren
728 2176 1864 2231 zum Ausdrucke; selbst der Held, der sich nicht schlagen
222 2227 1864 2302 „Soldaten die revo¬ will, spricht sich im letzten Akte zum Schaden für die
256 2256 697 2321 Das tat auch der
728 2267 1864 2330 Logik des Stückes in einen dem Geiste des Duells nahe
187 2292 699 2382 Jugendbrama Schillers.
726 2315 1859 2369 verwandten Mut. Wie erklärt man nun die Gegnerschaft,
187 2353 699 2428 der Fürst." ruft Lady
728 2361 1859 2424 die dieses wirkungsvolle Stück geweckt? Ist denn nich
180 2407 1864 2460 erwidert Ferdinand, der wirklich die barbarische Unsitte des Duells längst verur¬
180 2453 697 2506 in will. Von dem Geiste
726 2458 1859 2508 teilt 2. Besteht nicht eine Liga gegen den Zweikampf, die
180 2500 588 2567 hen Wortes ist es
726 2506 1868 2556 auch die Zustimmung der regierenden Kreise fand?
187 2550 1859 2605 Gefreiten der „Weber er Haben nicht die verschiedensten Epochen den Zweikamp
185 2598 686 2672 wenn der Staat aufhört
728 2600 1859 2651 als einen Brauch verurteilt, der wohl früheren Verhält¬
180 2636 1868 2701 en, und er klingt auch nissen, aber nicht einer vorgeschrittenen Kultur entspricht?
176 2688 594 2766 des „Zapfenstreiches
812 2693 1872 2745 Und den Autor, der die gleiche Anschauung auf dem
254 2716 697 2812 sich wider die Lands¬
737 2712 1872 2798 Theater drastisch verkörpert, ließ man hierzulande neun
180 2756 514 2856 zur Wehr setzt.
735 2789 1872 2844 Jahre warten, ehe seinem Stücke Gerechtigkeit wurde ! Den
176 2806 701 2903 tenstücke gehört auch das
735 2833 1876 2888 dramatischen Dichtern Oesterreichs wird ihr Wirken in der
201 2879 699 2961 Titel bezeichnet die jungen
735 2888 1868 2947 Tat herzlich schwer. Jene von ihnen die einer Clique an¬
197 2930 569 2995 Künstlergesellschaft.
735 2930 1872 2989 gehören, gewinnen die Bühne allerdings ohne Schwierig¬
735 2974 1866 3035 keit; aber gerade ihre Besten werden wie ein Freiwild
180 2976 621 3049 ja Riedl jene Wunder,
180 3022 619 3094 auftauchen; sie erhält
735 3018 1752 3087 behandelt, das brutalen Regungen zum Opfer fällt.
816 3056 1878 3121 Selbst die Ehrenzeichen der Literatur, die in Wien
199 3068 701 3144 ihre Kunst die Reinheit
206 3102 1883 3201 über Beschränkung und zur Verteilung gelangen, fallen ihnen nur spärlich zu und
3062 1198 3324 1266 der richtigen
1908 1188 3033 1278 gelangen in überraschender Regelmäßigkeit an denselben
3062 1249 3335 1326 theater viel
1908 1251 3031 1318 auswärtigen Dichter, auch wenn dessen lorbeer¬
3175 1293 3337 1364 Freiwild
1908 1295 3035 1373 gekröntes Werk hier keinen genügenden Anteil fand.
3068 1343 3339 1406 voller Hervor
1908 1343 3031 1419 Einer der berufensten und durch sein kritisches Talent her¬
3070 1389 3320 1452 des Dichters
1908 1391 3041 1459 vorragendsten Vertreter in dem Kollegium zur Bestimmung
3079 1423 3341 1501 stellung besser
1908 1442 3039 1505 des Grillparzer=Preises hatte die Aufmerksamkeit auf den
3070 1482 3333 1543 das Aeußere
1908 1488 3039 1561 „Zapfenstreich Beyerleins und die „Elektra“ Hofmannsthals
3070 1528 3339 1595 oberflächliche
1914 1534 3035 1606 gelenkt; ohne Erfolg und gewiß nur in Erkenntnis der rela¬
3070 1576 3341 1641 zehnten Jahr.
1904 1582 3039 1645 tiven Vorzüge beider Stücke. Hofmannsthal, mit der Gabe
3070 1622 3345 1694 kokozeit ansch
1904 1622 3039 1717 der Form ausgerüstet, ist, wenn der Vers den Dichter
3196 1675 3289 1725 den
1908 1683 2235 1757 macht, ein Poet.
3068 1679 3331 1782 der Lessing
1979 1708 3045 1807 In der Sturm= und Drangepoche der deutschen
3077 1765 3339 1834 ein Zeitgeno¬
1908 1786 3041 1855 Literatur pflegt man jedoch, um die richtige Wert¬
3083 1813 3322 1874 gefertigt, die
1916 1832 3039 1901 schätzung einer Dichtung zu erhalten, ihre gebundene
3077 1859 3339 1920 Minnas sind
1914 1880 3041 1948 Sprache in Prosa aufzulösen. Ein ähnliches Verfahren
3075 1908 3345 1977 auch dieses sell
1904 1933 3037 1998 auf die Kunst Hofmannsthals angewendet, würde
3075 1954 3337 2025 lang, das B.
2644 1971 3043 2042 seine Ausdrucksweise
1914 1979 2590 2044 zeigen, wie wenig dramatisch
3163 2000 3331 2086 Fräulein
1910 2027 3043 2084 ist und wie schwach der geistige Inhalt seiner tönenden
1916 2061 3333 2128 Sentenzen und Bilder geriet. Aber Berlin, das ehedem die Rolle, und
3083 2109 3322 2181 Hamburger
1914 2122 3049 2174 Verse der Wiener Schule als einen wertlosen dekorativen
3075 2158 3337 2225 ihr: „Der
1910 2162 3041 2225 Schmuck verwarf, berauscht sich jetzt an dem glatten Worte
3079 2204 3333 2279 klärung, den
1910 2212 3041 2271 Hofmannsthals. Man hat „Elektra" im Neuen Theater
3083 2252 3333 2321 gebung in
1910 2265 3043 2334 über hundertmal gespielt. Hat der Verfasser dadurch nicht
3083 2302 3341 2365 Kutscher
1916 2300 3039 2367 ein Anrecht, auch in seiner Heimat gegeben zu werden:
3085 2353 3331 2416 Entscheidung
1910 2361 3043 2428 Aber unser erstes Theater, das mit den echten Griechen
1910 2399 3318 2462 nichts Rechtes anzufangen wußte, verschmäht das Werk Rollen hat,
3081 2443 3291 2512 Tyrolt
1910 2443 3035 2512 des Wiener Pseudohellenen. Es geht Schnitzler nicht besser
3085 2477 3324 2563 Baumeisters
1916 2500 3049 2554 wiewohl er viel bühnenmäßiger, viel dramatischer, viel
3089 2542 3324 2607 spielen; die
1914 2539 3047 2602 innerlicher als sein Kollege ist. Die Kühnheit seiner Stoffe, der
3089 2588 3341 2655 zuzuteilen, de
1920 2588 3047 2655 Freimut seiner Gesinnung schließt ihn vom Burgtheater
3089 2638 3329 2699 ihre Rettung
1908 2634 3047 2701 aus, und das Volkstheater schenkt ihm erst jetzt, nach
3083 2682 3203 2743 macht
1910 2680 3045 2745 langer ablehnender Haltung, Beachtung. Das ist eine
3083 2714 3316 2804 nicht schwer
1914 2728 3045 2789 erfreuliche Umkehr, denn Schnitzlers Talent, seine
3085 2777 3306 2842 Figur die
1920 2781 3054 2844 Form, sein dramatischer Geist, seine Art, zu charak¬
1922 2823 3329 2879 terisieren, sein Humor sind durchaus wienerisch. Auf der wußte. Bei
1916 2867 3354 2936 Wanderung in die Fremde hat er, wie seine letzten Stücke zweifellos se
1931 2919 3352 2980 zeigen, manches von der Leichtigkeit, in der er seine ersten hätte es kaum
3085 2961 3360 3026 Muse Kade
1925 2970 3052 3026 Stelle entwickelte, eingebüßt, um erklügelt und verworren
3091 3012 3343 3077 tag Hoffnun
1925 3026 3062 3077 zu den. In der Berührung mit dem Heimatboden
1916 3047 3354 3148 wird die frühere Klarheit sicher neu gewinnen, und bei Publikums
