3484 4256
834 138 1249 245 box 14/4
138 141 669 251 8. Freiwild
1518 958 3280 1059 Brechstange hat, um osterreichische Minister zu stürzen. Antwort auf seine Frage bekomme
271 955 1414 1067 same Finanzminister ausgeben dürfen. Wohl verstanden: Der
1515 1044 2620 1105 grotesk es klingt, Oesterreich wird dann parlamentarische
271 1041 1411 1105 ungarische Reichstag bewilligt das ganze pragmatische Budget
2628 1134 3277 1197 wartete Erfolg seines gediegensten
1468 1137 2594 1200 Bauern, Wirthe, Fleischer, Kellner und Stiefelputzer eines
366 1151 955 1226 Die heutige Nummer enthält:
2634 1186 3286 1255 stört, weil der Hauptdarsteller Herr
1480 1183 2591 1255 penhotels zu Schauspielern gedrillt, welch treuer Chef und
364 1194 1425 1290 „Unterrichts=Zeitung“: „v. Haymerle
2628 1238 3292 1310 Eifer trotz schwerer Krankheit b
1457 1235 2588 1295 nachsichtiger Freund er ihnen bis zum heutigen Tage ist, wie
2628 1278 3292 1330 ausgehalten, zusammenbrach. Un
1451 1278 2588 1342 energisch er ihre körperliche Kraft bei allem Nebendienst des
265 1267 1417 1365 über die Organisirung des weiblichen Fach¬
2628 1324 3298 1391 Zwischenfalls hat das Deutsche The
1448 1327 2594 1385 Theaters zu verwerthen weiß, und wie das Kunstverhältniß
271 1336 1422 1414 unterrichtes. Von —r. „Nachklänge zum
2625 1367 3260 1451 zehn Neu-Aufführungen gebracht.
1448 1373 2591 1440 dieser Bauern an die schöne Poesie der theatralischen Baga¬
274 1393 1411 1492 zwölften internationalen Orientalisten¬
1448 1419 2594 1483 bundenzeit gemahnt. Trotzdem wirkt — von den Ausnahmen,
2709 1428 2969 1497 Vier von
3015 1425 3298 1506 ihnen war
1448 1471 2596 1543 die der komische Terofal und die herb anmuthige
2620 1460 3286 1555 dessen tiefsinnige Mischung von
277 1468 1419 1567 Congresse.“ Von Professor J. Kirste. Mis¬
2334 1518 2596 1584 ihre Kunst
1451 1520 2256 1578 Anna Dengg zu bieten pflegen
2625 1529 3292 1604 Größe und Dürftigkeit in lebend
271 1538 816 1613 cellen. Seite 15 bis 17.
1457 1564 2594 1627 immer dünner, ihre Literatur immer ermüdender. Diese
2628 1584 3298 1647 zu verkörpern, der Ehrgeiz des De
375 1607 551 1668 Ferner:
1460 1610 2596 1668 Einsicht konnte vielleicht längst schon durch die Erinnerung an
2622 1630 3286 1688 den vielen Fahnen=, Partei- und
366 1601 1419 1731 Die 48. Fortsetzung des Romans „Abendkinder“
1448 1653 2594 1725 Anzengruber bewirkt werden, sie kam erst heuer, unmittelbar
2634 1673 3283 1748 Literaturjahre hat es dem düster
1451 1702 3272 1792 nach dem Gastspiel des Deutschen Theaters, dessen vollwerthige volle Treue bewahrt. Trotzdem
268 1705 1206 1800 von Baronin Frieda Bülow; Seite 14.
1448 1754 2594 1844 Darbietungen eine viel zu gefährliche Nachbarschaft für die
2628 1774 3249 1841 lichen Einflüssen des Autors
1445 1806 2360 1878 harmlos unbedeutenden Dorfschauspieler waren.
2628 1823 3223 1890 Berliner Richter den Werth
1543 1841 2594 1913 Man dankt dem Director unseres Volkstheaters die
534 1812 1062 1950 Feuilleton.
2625 1867 3277 1936 messen, hier Anfechtung. Der le
1457 1893 2599 1959 Anregung, daß dieses für kurze Zeit den Schauplatz seiner
2628 1913 3266 1991 neunzehnten Jahrhunderts fand,
568 1916 1157 2011 Deutsches Volkstheater.
1451 1944 2596 2005 Thätigkeit mit dem des Deutschen Theaters vertauschte.
2625 1962 3300 2025 Gewalt Schiller's ein zurückgehalt
1454 1985 2591 2060 Während die Wiener ohne ausreichendes Repertoire
340 1959 1393 2077 (Die Schiefer. — Ein Nachwort zum Gastspiele des Deutschen Theaters.)
2640 2017 3300 2069 ständigen Meisterschaft Goethese
1460 2040 2599 2100 mit Zurücklassung ihrer bedeutendsten Schauspielkräfte, viel¬
378 2043 1414 2109 Drei oder viermal sind jetzt die Schlierseer wieder
2625 2054 3300 2129 in den stürmisch wogenden Musik¬
1460 2086 2599 2149 leicht auch mit zu viel Selbstgenügsamkeit und Leichtmuth
280 2097 1425 2167 gekehrt, und die Annäherung zwischen dem Wiener und dem
2628 2103 3295 2170 borener Schauspieler zur Wirkung
1460 2135 2596 2193 in die Fremde zogen, gewann das Berliner Theater seinen
280 2146 1431 2216 bäuerlichen Theater wird immer vertrauter. Im Vorjahre
2634 2158 3295 2230 Ibsen's spricht die kluge Sicher
1463 2181 2602 2242 Erfolg durch den Ernst und die Sorgfalt, mit denen es sich
283 2195 1425 2268 holte das Volkstheater seinen Don Carlos, der allerdings
2631 2201 3295 2273 Die Anfänge seiner Kunst, die
1471 2227 2596 2299 für Wien vorbereitete. Als gelte es, eine Niederlage abzu¬
283 2242 1425 2308 noch immer die Schiller'sche Rhetorik bei Alexander Strakosch
2634 2247 3295 2311 Zauberwald erklingen ließen, se
286 2273 2596 2357 studirt, aus den Reihen der Schlierseer heuer schließt sich wehren, verstärkte es sein Personal, sicherte es seinem Reper¬
2628 2294 3298 2360 welche Probleme bekannter Meist
1463 2317 2594 2392 toire die Werke junger Autoren, die man hier zu hochmüthig
280 2331 1431 2403 verschämt hie und da ein Berufsschauspieler dem ländlichen
2634 2346 3280 2423 volle Formen brachte, seine volle
1460 2369 2599 2438 angesehen, suchte es noch zuallerletzt der Wiener Litera¬
724 2389 1428 2444 er die Zuschauer, welche früher im
288 2395 551 2472 Ensemble an
2631 2397 3272 2470 keit zeigen den nämlichen Zug
1460 2418 2605 2475 tur einen Sieg zu erringen. Arthur Schnitzler,
291 2426 1431 2498 Zitherspiel, Jodler und Schuhplattler so viel Naturlaute
2631 2444 3300 2498 Natur. Die Illusionen, der schw.
1468 2467 2596 2524 der dramatischeste in unserem literarischen Nachwuchs
291 2478 1428 2542 hörten, entdecken, daß diese Künstler doch zu oft ihre
2634 2493 3300 2565 blendende Colorit seiner Vorgä
2498 2513 2599 2568 kom¬
1471 2510 2467 2585 sollte mit seinem „Freiwild“ zur Wirkung
291 2527 1428 2594 sichere Dorfexistenz mit der unsicheren des Theaters ver¬
2643 2536 3295 2599 Pathos oder als Resultat der Er¬
286 2553 2599 2640 tauschen. Es ergeht den Schlierseern wie den Bauern, die men. Dies Stück treibt keinen ermäßigen Auf¬
2631 2582 3298 2648 möchte, ist ihm fremd. Die pe¬
1460 2596 2596 2674 wand an Tendenz, es wiederholt in schärferer
294 2617 1431 2692 zuerst unter den Inspirationen geistlicher Führer das alte
2643 2634 3306 2697 Figuren, ihre gleichmäßige Führu
1468 2654 2599 2715 moderner Charakteristik die Moral, welche Sedaine
288 2666 1425 2729 Mirakelstück neu belebten, um dann die fromme theatralisch¬
2634 2680 3300 2752 Richtigkeit, in der sie alle Stad
1463 2700 2599 2761 in seinem berühmten Sittendrama „Le philosophe sans le
294 2715 1431 2781 Unterhaltung zu einem erträglichen Berufe zu machen. Aeußere
2631 2729 3295 2804 dungen vor unserem Auge zurück
1460 2749 2596 2807 savoir den duellsüchtigen Officieren Ludwig's XV. vorhielt
291 2758 1431 2822 Einflüsse verwirrten ihre ursprünglich naive Auffassung, und
2631 2778 3298 2850 den früheren dramatischen Plötzli
1468 2796 2599 2859 Die muthige und doch durchaus zulässige Art, in welcher
288 2810 1431 2873 wo man früher einen kindlichen Kunststyl gesehen, erkannte
2631 2824 3309 2897 weichende Wendung seiner Situ¬
1468 2845 2594 2905 der junge Wiener Dramatiker für seine Ueberzeugung ein
286 2859 1431 2923 man später nur unfertigen Dilettantismus. Kaum anders
2637 2873 3300 2951 Scherze, die zeitweilig wie eine
1457 2894 2599 2960 trat, nahm die Censur zum Anlaß, das Stück zu unter¬
297 2917 1437 2966 erscheint heute das Darstellungsvermögen der Schlier¬
2700 2914 3309 2998 diese gesammte verblüffende V
1468 2946 2599 2998 drücken. Die Jagd auf das arme „Freiwild erfolgte aus
300 2954 1431 3015 seer. Wir kennen nun ihre Geschichte von Anfang
2631 2966 3312 3047 kühn ausgreifenden, bald ängstlich
1471 2983 2596 3052 heimlichem Versteck. Der eine unserer Directoren verweigert
294 2998 1440 3064 bis Ende — eine von Münchener Künstlern lebendig
2637 3018 3300 3098 doppelsinnig verwirrenden, bald
1471 3032 2599 3096 die Aufführung, weil er Officier gewesen, der andere unter¬
291 3049 1442 3113 illustrirte Dorfgeschichte. Wir wissen, mit welchem Fleiß der
2634 3070 3237 3148 ist die Frucht eines Talentes,
291 3078 2599 3159 Komiker Dreher, dessen Humor die Sorge deutscher brach rücksichtsvoll die Darstellungen; und nun wurde dem
2622 3113 3139 3199 Rechenexempel behandelt,
294 3127 2594 3225 Staatsmänner und Potentaten wiederholt weggelächelt, Dichter auch während des Gastspieles der Berliner der er
