3484 4384
625 113 1479 185 jeder tragen, daß sie ihre eigenen Richter
1555 132 1731 200 den.
621 185 1729 251 kraft des hohen Sittlichkeitsbewußtseins, das in ihnen ruht.
623 235 1731 293 „Zähme Deine Schimpflust, die Gemeinheit Deiner Natur,
625 276 1731 342 Tschandale!" so ruft der Khatria! „Für jeden Hauch,
625 327 1730 389 mit dem Du die Welt verpestest, zahlst Du mit
625 369 1730 428 Deinem Blut. Für jede Lästerung werfe ich und
625 424 1713 482 wirft auch Du Dein Leben in die Wageschale.
620 466 1724 538 Dagegen kämpft der Brahmane für die innere Befreiung.
623 518 1721 578 Jener will zuerst die Anderen bessern, dieser zuerst sich selbe¬
625 573 1726 630 zähmen. Neben der Brahmanen= und Kriegermoral giebt
625 623 1727 673 es aber noch eine Moral der Schudra, eine kleine, dürre
624 661 1723 718 Armen- und Alltagsmoral, die sich schlecht und recht durchs
623 716 1723 772 Leben hinzuschwindeln sucht und von der Hand in den Mund
623 764 1729 821 lebt. Auf das gegenseitige Schimpfen und Lästern will und
623 810 1723 871 kann der Schudra nun ein für alle Mal nicht verzichten,
621 871 1723 927 und wenn das Maulwerk nicht mehr ausreicht, dann haut man
628 904 1726 962 sich eine Ohrfeige herunter. Aber das ist ja nicht so gefährlich.
623 959 1720 1017 Man geht alsdann zum wohlbestallten Richter und Kadi,
620 1003 1734 1064 und der einsichtige Mann verurteilt den Missethäter zu
623 1052 1723 1112 fünfzehn Mark Geldstrafe, und die Geschichte ist glatt und
616 1102 1716 1161 gut geordnet. Ich für meine Person begreife und versteht
620 1148 1724 1206 den Brahmanen und Kshatrina, wie auch den Schudra;
613 1197 1729 1258 aber jede dieser Moralen hat ihre Logik in sich, die man,
620 1245 1734 1317 nicht wirr und bunt der Kraut und Rüben durchein¬
620 1288 1750 1348 ander werfen kann, wie das Arthur Schnitzler
613 1338 1717 1400 in seinem neuesten, vom „Deutschen Theater" auf¬
616 1393 1729 1457 geführten Schauspiel „Freiwild" thut. Schnitzler maßt
620 1438 1705 1490 sich da an, im Namen der „modernen Weltanschauung
616 1486 1723 1545 gegen das Duell, gegen die Thranschauungen der Krieger¬
616 1531 1716 1599 kaste Widerspruch einzulegen, aber die moderne Welt¬
616 1583 1713 1643 anschauung hat allen Grund, diesen ganz und gar unge¬
616 1627 1720 1685 schulten Denker von ihren Rockschößen sich abzuschütteln.
618 1681 1719 1738 Echte Brahmanen, wie Sokrates, Saadi, Schopenhauer, haben
616 1724 1716 1776 ein Recht, gegen den Zweikampf aufzutreten, auch ein echter
616 1772 1713 1822 Schudra mag sich seiner Haut wehren, so gut, wie er kann, und
620 1817 1724 1876 sich darauf steifen, daß er nur fünfzehn Mark zu bezahlen
613 1874 1717 1931 braucht, wenn er seinen Gegner ohrfeigt — aber der
613 1914 1717 1988 Schnitzlersche Held ist wie sein geistiger Vater ein Wirrkopf,
604 1967 1716 2026 eine arme jämmerliche Tschandalennatur, die einige Schlag¬
607 2012 1713 2086 worte der Brahmanenmoral wie auch der Kriegermoral auf¬
607 2062 1716 2126 gegriffen, doch nicht verstanden hat und ihre Eselsgestalt mit
607 2109 1712 2167 gestohlenen Löwenhäuten ausstattet. Der „Fall Rönning"
604 2162 1716 2217 liegt sehr einfach. Unser Held liebt eine kleine Schau¬
613 2205 1710 2269 spielerin. Ein Offizier, ein reyer, brutaler Patron, ergeht
613 2254 1720 2315 sich in seiner Gegenwart in beschimpfenden Ausdrücken über
607 2306 1712 2368 die Dame seines Herzens, worauf Rönning ihn anspringt
604 2355 1713 2416 und ihm ins Gesicht schlägt. Der Offizier fordert ihn zum
604 2402 1716 2458 Duell heraus, doch Rönning erklärt sich für einen
604 2450 1710 2508 prinzipiellen Gegner des Duells und weist die Heraus¬
613 2492 1720 2558 forderung zurück. Darauf wird ihm bedeutet, daß
607 2546 1716 2603 der Offizier sich erschießen muß, wenn er ihm nicht den
607 2596 1712 2661 Zweikampf, auch nur einen Zweikampf des leeren Scheines,
613 2643 1717 2706 gewährt. Mag sich doch der Lump erschießen, antwortet
604 2695 1713 2754 Rönning, ich wüßte nichts, was mir gleichgiltiger ist. „Aber
597 2740 1717 2809 der Mann wird Dich in seiner Erregung auf offener
607 2792 1716 2856 Straße überfallen und niedermachen!" Darauf steckt
604 2834 1712 2899 Rönning einen Revolver in die Tasche. Beim
599 2888 1713 2946 nächsten Zusammentreffen ist der Offizier jedoch
604 2933 1716 2994 mit dem Schießinstrument rascher bei der Hand, und
613 2989 1707 3049 so kommt unser Held bei dem Cowboy-Handel am Schlimmsten
607 3034 1713 3096 zu Schaden. Daß das eine Wirklichkeitsgeschichte sein kann,
604 3082 1716 3134 leugne ich natürlich nicht, aber ich erhebe Widerspruch
610 3132 1712 3198 dagegen, daß Arthur Schnitzler seinen Helden als
607 3177 1707 3246 einen Träger einer höheren modernen Weltanschauung aus¬
610 3230 1709 3292 giebt, daß er unsre Teilnahme für ihn gewinnen will. Mir
607 3280 1714 3336 ist es zum Schluß ebenso gleichgiltig gewesen, daß
607 3330 1717 3385 Rönning erschossen wird, wie es Rönning gleichgiltig
606 3371 1713 3444 ist, wenn sich der Leutnant Karinski tot machen
607 3419 1707 3485 muß. Und ich habe meine guten Gründe dafür.
604 3463 1709 3526 Denn Arthur Schnitzler ist gar kein Duellgegner,
616 3519 1710 3581 sondern er weiß nicht, was er redet. In jedem
607 3566 1702 3628 Augenblick stellt er sich mit der That auf den Duellstand¬
604 3612 1710 3673 punkt, und mit den Worten kämpft er dagegen an. Er
599 3659 1713 3726 und sein Held gehören zu den wackeren Leuten, die für sich
604 3709 1726 3787 das Recht des Schusses in Anspruch nehmen, aber Zeter
1792 101 2898 218 edad de vue de
1792 199 2892 259 den Gegner anwendet, aber wenn auch dieser Lump jagt,
1786 228 2889 310 dann schlägt er die Hän über dem Kopf zusammen und
1792 300 2905 356 ruft alle Götter zu Zeugen für eine solche Gemeinheit auf
1786 352 2895 410 und wundert sich wer weiß wie, daß ein
1788 392 2894 445 Mensch solche Worte in den Mund nehmen kann.
1786 441 2894 504 Das Duell der höflichen Formen weist er mit Entrüstung
1792 493 2898 548 zurück, um zu guter Letzt.... auf ein Cowboy-Duell
1786 535 2898 594 einzugehen. Jeder von den beiden Gegnern steckt sich einen
1795 582 2899 641 Revolver in die Tasche, aber statt daß sie ihre Sache still
1789 635 2905 711 unter sich im Grunewald abmachen, laufen sie auf die
1789 678 2895 740 offene Straße hin aus und schießen auf einander los. Ist
1786 723 2895 795 das jedoch kein Diell? Ein guter braver Schudra würde
1795 771 2892 827 auch hier wenigstens der Logik seiner Moral treu geblieben
1802 821 2892 910 sein und hätte die Polizei und den Herrn
1792 873 2891 933 Kadi zu seinem Schutze aufgerufen. Aber Leute,
1789 911 2898 986 die nicht wissen, was sie thun, Wirrköpfe
1786 973 2895 1020 nimmt man nicht ernst. Natürlich haben diejenigen, welche
1786 1023 2894 1076 auf dem Standpunkt der Khatria=Moral stehen, das Recht,
1786 1057 2891 1119 lächelnd über die Tendenz dieses Schauspiels hinwegzugehen,
1783 1113 2892 1162 und können sagen, daß nicht ein einzelner verkommener
1786 1154 2891 1214 Offizier, der durch sein ganzes Wesen allem Ehrbegrif¬
1789 1203 2895 1276 der Kriegerkaste ins Gesicht schlägt, deren Ideale in
1781 1252 2902 1303 Mißansehen zu bringen vermag, wie auch die Brahmanen
1783 1292 2892 1375 den Herrn Rönning weit von sich abweisen. Der
1786 1347 2892 1402 Offizier ist ein echter und rechter Tschandale, und der
1788 1396 2894 1464 Schnitzlersche Helo ist es nicht minder. Tschandalen prügeln
1792 1441 2884 1495 sich und schlagen sich tot, und wir wollen ins um der Ge¬
1795 1492 2889 1548 sittung, um der Menschheit willen freuen, wenn alle
1776 1538 2895 1600 Tschandalen aus der Welt verschwunden sind. Ueber
1779 1588 2892 1652 Schnitzler als Künstler habe ich diesmal nichts zu sagen.
1779 1636 2887 1705 Er ist ganz hinter dem Tendenzapostel verschwunden, und so
1783 1679 2888 1752 habe ich es nur mit seinen Gedanken und Meinungen zu
1778 1734 2764 1813 thun. Es ist Tschandalen=Weisheit, die er predigt¬
2812 1727 2906 1806 fort
1782 1776 1916 1836 damit
2437 1781 2798 1850 Julius Hart.
1843 1793 2887 1876 * Man schreibt uns aus Lübeck: Das hier soeben auf¬
1778 1850 2882 1924 geführte vieraktige Schauspiel „Das höchste Gesetz"
1778 1917 2884 1969 von T. Szafranski brachte eine von Verständnis zeugende
1782 1955 2888 2026 Durchführung des Grundgedankens, daß es „des Menschen
1786 1999 2881 2055 höchstes Gesetz ist, für das Wohl und Glück der Familie zu
1774 2041 2878 2098 wirken". Die grellen Kontraste menschlichen Elends
1781 2086 2885 2146 in der Wohnung eines ideal veranlagten Menschen,
1768 2136 2884 2191 des Mechanikers Freder, der aus glücklichen Ver¬
1772 2174 2892 2247 hältnisse durch die Einflüsterungen eines sozialistischen
1774 2220 2885 2279 Agitators gerissen worden ist, sind dem Leben abgelauscht.
1781 2257 2885 2322 Der Schluß des Dramas, der in der patriarchalischen Wohnung
1778 2303 2878 2360 eines kleinbürgerlichen Beamten spielt, wirkt im Gegensatz zu
1772 2346 2887 2408 den modernen Machwerken auf diesem Gebiet durchaus ver¬
1781 2391 2885 2450 söhnend. Der gesunde Kern, der in dem Stück nicht zu ver¬
1774 2433 2885 2484 kennen ist, sowie die gewandte Zeichnung der Charaktere er¬
1778 2482 2875 2527 weckte lebhaften Beifall. Außer Herrn Direktor Erdmann
1778 2524 2882 2574 und den Hauptdarstellern, die mit ganzer Seele bei der Sache
1776 2567 2882 2625 waren, wurde auch der Verfasser mehrfach stürmisch hervor¬
1776 2608 1924 2684 gerufen.
2186 2678 2470 2777 Allerlei
1853 2720 2887 2818 Der Herzog von Malakow, früherer Marschall
1778 2799 2871 2863 Pélissier, nahm einst als Gast in Schottland an der Fasa¬
1768 2853 2881 2896 nenjagd in Strathfeldsayn Teil. Man hatte den ganzen
1771 2891 2871 2944 Tag geschossen, aber der Abend brach an, ohne daß der Er¬
1778 2934 2882 2988 oberer des Malakowthurmes auch nur ein einziges Fasäulein
1767 2980 2881 3037 getroffen hätte. Er war furchtbar ärgerlich über seine leere
1771 3022 2884 3071 Jagdtasche, und sein Gastgeber fühlte, daß der Herzog sehr
1776 3068 2874 3125 schlechter Laune sein würde, wenn man ihm nicht die Möglich¬
1771 3106 2888 3170 keit gäbe, irgend etwas zu tödten. Endlich wurde ein Fasan
1768 3150 2879 3206 aufgetrieben und mit zusammengebundenen Füßen an eine etwa
1768 3196 2879 3243 30 Meter entfernte Stange eknüpft. Der Herzog nahm seine
1774 3240 2881 3296 Aufstellung mit einer Doppelinte. Man glaubte, er werde
1768 3285 2879 3329 nun sein Gewehr zweimal auf den Fasan abfeuern. Zum
1778 3323 2871 3381 größten Erstaunen der Jagdgesellschaft lud aber der Herzog
1778 3381 2878 3436 sein Gewehr, marschierte bis zur Stange, legte an, so daß die
1774 3409 2878 3468 Mündung beinahe den Kopf des Fasans berührte, und schoß
1771 3450 2871 3508 beide Läufe mit den Worten ab: „He coquin!" Am nächsten
1774 3495 2871 3547 Tag erzählte der Herzog von Wellington einem Wildwächter,
1771 3542 2878 3598 daß der Herzog von Malakow ein großer Mann sei, der 500
1774 3582 2865 3637 Araber, Männer, Frauen und Kinder, in einer Höhle zu Tode
1781 3630 2871 3690 geräuchert habe. Der Wildhüter antwortete trocken: „Ganz
1771 3671 2878 3753 wahrscheinlich, Ihro Gnaden; dem kann man Alles zu¬
1769 3713 1905 3780 trauen.
2972 1412 3129 1469 3. Sol
2968 1457 3126 1505 4.4
2968 1493 3102 1548 5.
2972 1531 3126 1583 6.
2972 1569 3075 1619 .
2972 1607 3134 1661 8. Lel
2972 1648 3133 1703 9. 2-
2951 1683 3119 1744 10. 2.
2989 1724 3098 1783 Diese
2954 1762 3095 1824 Wiener
2960 1800 3129 1872 Holzwarty
2951 1851 3105 1902 geführt,
2949 1891 3116 1940 Kämpfen
2949 1927 3126 1988 Meistertur
2949 1968 3134 2023 und schli
2946 2006 3089 2058 erkannt.
2946 2038 3132 2098 11. 813
2946 2082 3134 2131 12. Ld 3
2949 2120 3139 2177 13. Da
2949 2160 3132 2212 14. Tal
2944 2196 3122 2250 15. Lg 5
2947 2237 3119 2295 16. Kgl.
2984 2279 3137 2337 Hiermit
2947 2323 3119 2378 Bauernop
2951 2365 3113 2409 heit von
2946 2399 3137 2455 licher Wei
2949 2443 3126 2503 17. Tel.
2949 2486 3126 2541 18. 12
2946 2523 3113 2572 19. T.
2943 2563 3126 2613 20. fl
2946 2605 3120 2651 21. Se
2939 2641 3113 2694 22. Das
2946 2682 3102 2729 23. d.
2943 2716 3111 2770 24. De 2
2943 2757 3099 2812 25. T.
2937 2795 3116 2850 26. Kg 2
2984 2840 3109 2896 Mit 26
2939 2868 3102 2936 27. T.
2941 2920 3063 2970 De¬
2937 2957 3116 3034 Sieg wel
3020 3096 3108 3168 Grif
2936 3142 3096 3208 Luise,
2949 3195 3098 3264 Meer.
3008 3244 3096 3329 Ner
2932 3305 3098 3399 Novem-
