3436 4192
195 216 282 291 8.
435 204 639 301 il
861 174 1269 273 box 14/2
2213 526 2423 601 Die Zeit.
1624 526 1930 603 Wien, Samstag,
1114 548 1307 620 Seite 98.
1084 654 2310 734 stand mindestens während der Dauer des Stückes im Bann der Bühne. Und
1075 709 2321 766 das will an sich schon etwas, wollte hier aber noch mehr bedeuten, da die
1087 744 2316 810 selbstverständliche Handlung so ungemein langsam sich abspielte und ein
1075 782 2319 846 Dialog über Ehre und Duell im zweiten Act nicht nur sehr lang, sondern
1084 824 2322 883 in seinen Wahrheiten oft recht trivial war. Der Antheil der Darstellung an
1075 866 2313 930 diesem Erfolg war sehr groß, doch möchte ich auch den des Dichters nicht
1075 903 2314 977 gering veranschlagen. Wenn auch die eigentlich dramatische Schlagkraft
1087 942 2321 1009 fehlte, so enthält doch das Stück viel Bühnenwirksames. So lässt der
1075 986 2313 1042 wundervoll leichte, natürliche und elegante Dialog schon eine eigentliche
1084 1017 2313 1078 Langeweile nicht aufkommen; wie das leichte Geplänkel zum Streit wird,
1081 1070 2319 1128 das ist mit einer sicheren Meisterschaft gemacht, die bei größeren Aufgaben
1075 1096 2318 1174 zu tieferen Wirkungen führen müsste. Aber der glänzendste Beweis dieser
1078 1139 2321 1202 Kunst war, dass sie das Duellgespräch noch erträglich machte und überhaupt
1084 1177 2324 1249 über die Dürftigkeit der Vorgänge hinwegtäuschte. Dann waren auch Figuren
1081 1218 2325 1282 von einer Liebenswürdigkeit da, die uns Norddeutsche umsomehr ergötzt, weil
1078 1255 2327 1308 wir sie nicht haben: wer wienerisch plauscht, hat bei uns in der Gesellschaft
1087 1296 2330 1363 und auf der Bühne immer ein paar Points vor. So brachte der erste Act,
1089 1335 2330 1400 in dem die Bande des Curtheaters des „kleinen Badeortes in der Nähe von
1087 1372 2327 1436 Wien“ und ein croatischer Lieutenant geschildert werden, gleich eine behagliche
1095 1413 2333 1475 Stimmung ins Haus, die durch ihr Erscheinen immer wieder aufgefrischt
1095 1453 2341 1515 wurde. Freilich waren diese Figuren mit der Haupthandlung nur lose ver¬
1087 1501 2338 1561 bunden; oder sollten auch die kleinen Mädchen vom Theater, unter denen
1095 1536 2333 1593 die tugendhafte und thränenreiche Anna sich merkwürdig ausnimmt, als
1095 1572 2330 1642 „Freiwild“ der Officiere bezeichnet werden? Dann wäre der Titel doppelt
1098 1610 2333 1679 schief. Sind es denn nur Officiere, die hier auf die Jagd gehen?! Schief
1098 1648 2330 1712 ist er schon, wenn nur der Civilist so bezeichnet wird: der, um den es sich
1101 1701 2335 1752 hier handelt, trägt auch einen Revolver in der Tasche, und es ist nur Zu¬
1103 1727 2330 1797 fall, dass sein Schuss nicht früher losgeht. Und wenn der Civilist wirklich
1101 1763 2342 1832 über den conventionellen Ehrbegriff erhaben ist und nicht eigensinnig da
1090 1802 2344 1874 bleibt, wo er die Rache des ruinierten Gegners zu fürchten hat, dann ist er
1098 1844 2336 1911 auch nicht mehr Freiwild. Ueber diese Bedenken und manche anderen half
1101 1888 2332 1942 die Darstellung fort. Die Aufführung war mit die vollendetste eines mo¬
1098 1924 2339 1984 dernen Stückes, die ich hier gesehen habe, wo man doch moderne Stücke zu
1107 1961 2339 2025 spielen versteht. Herr Sauer als Oberlieutenant Karinsky zeigte aufs neue
1114 2005 2338 2068 seine unübertreffliche Kunst, Figuren aus unserer Gesellschaft bis ins kleinste
1107 2043 2344 2106 hinein charakteristisch zu beleben. Seinen Gegner spielte Herr Rittner,
1104 2078 2342 2148 der seine ganze Natürlichkeit aufbot, um aus dem „Duellgegner“ eine Per¬
1110 2121 2344 2187 sönlichkeit zu machen. Unter den Nebenpersonen bot Hermann Müller als
1107 2162 2346 2221 croatischer Lieutenant ein Cabinetstück feiner Komik. Der Künstler, dessen
1104 2201 2339 2261 trefflichen Falstaff ich im Vorjahre hier rühmen durfte, zeigt eine Vielseitig¬
1104 2240 2342 2300 keit, die nur Großen eigen ist. Nissen, Reicher, Biensfeldt sind
1114 2277 2336 2346 zu erwähnen. Guido Thielscher, der den Sprung vom Adolph Ernst¬
1114 2316 2344 2378 Theater ins Deutsche gemacht hat, bot als Director eine Charge, aber es
1114 2352 2342 2436 bedarf nur einer Milderung, um eine prachtvolle Figur daraus zu machen.
2188 2392 2321 2464 F. St.
1651 2452 1853 2536 Bücher.
2252 2481 2333 2534 a
1232 2497 2361 2582 Dr. Oskar Münsterberg: „Japans auswärtiger Handel von
1120 2567 2356 2634 1542 bis 1854." Bearbeitet nach Quellenberichten. Stuttgart, Verlag der
1117 2629 1779 2707 I. G. Cottaschen Buchhandlung, 1896.
1240 2651 2353 2732 Der Verfasser schildert in dem vorliegenden Werke die Handels¬
1115 2705 2356 2775 beziehungen Japans von der Zeit der Entdeckung bis zur neuen Aera,
1118 2743 2366 2822 nämlich bis zur gewaltsamen Eröffnung des Landes für den europäischen
1123 2796 2356 2856 Handelsverkehr. Es lag in seiner Absicht, zu zeigen, wie sich Japan infolge
1121 2827 2349 2892 verschiedenartiger Einflüsse zu einem geschlossenen Handelsstaat herausge¬
1120 2866 2358 2928 bildet hat, und welche Folgen sich aus dieser Absperrung für die innere
1126 2905 2361 2970 wirtschaftliche Entwicklung des Landes ergeben haben. Der Verfasser hat
1129 2947 2361 3017 seine Aufgabe sehr ernst genommen und das ganze Ouellenmaterial bearbeitet,
1131 2981 2366 3050 welches einem Europäer zur Verfügung steht, der die japanische Sprache
1131 3020 2361 3093 nicht kennt. Fast möchten wir sagen: zu ernst, denn der leitende Gedanke
1126 3059 2364 3120 des Buches erstickt stellenweise unter der Menge von belanglosen historischen
1131 3101 2363 3165 Details. Besonders umständlich ist die Geschichte der Entdeckung gehalten,
1128 3138 2360 3207 aus der man vom wirtschaftlichen Standpunkte nur entnehmen kann,
1129 3187 2369 3254 dass sich in der Zeit von 1542 bis 1600 ein lebhafter Verkehr mit den
1129 3215 2361 3288 unternehmenden Portugiesen, Holländern, Spaniern und Engländern ent¬
1134 3254 2366 3324 wickelte und dass Japan in dieser Zeit eine natürliche Freihandelspolitik
1131 3294 2374 3360 befolgte. Warum anfangs des 17. Jahrhunderts dem auswärtigen Handels¬
1128 3327 2375 3397 verkehre so tief einschneidende Beschränkungen auferlegt wurden, dass das
1137 3367 2375 3442 Land schon im Jahre 1640 als völlig geschlossener Handelsstaat gelten konnte,
1134 3412 2366 3481 das begründet uns der Verfasser in einer sehr richtigen und umso bemer¬
1140 3448 2374 3517 kenswerteren Weise, als leider auch heute noch die von interessierter Seite
1143 3495 2383 3562 geschürten Jeremiaden über Christenverfolgungen im Oriente nicht aufhören
1142 3528 2381 3606 wollen. Die japanischen Fürsten waren anfangs weder europäerfeindlich
1139 3576 2371 3645 noch christenfeindlich, im Gegentheil Sie wurden es erst durch die Gattung
1134 3607 2369 3677 und Thätigkeit der Jesuiten und ihrer Nachtreter. Dr. Münsterberg
1143 3645 2375 3716 citiert hierüber einige alte Berichte und zeigt, „wie selbständig die einzelnen
1140 3683 2375 3758 Fürsten ihre Länder verwalteten und wie die Mönche in unklugem Eifer
1140 3730 2380 3794 gegen die Befehle der regierenden Herren handelten, und so aus Aposteln
1143 3763 2375 3835 des Friedens zu Aposteln des Streites wurden. Der christliche Glaube
1149 3811 2366 3877 wurde in vielen Provinzen der Deckmantel für revolutionäre Freiheitsideen.
1148 3853 2380 3919 Wenn ein Christ hingerichtet wurde, so handelte es sich immer um Delicte,
1148 3883 2383 3959 wegen welcher ein Buddhist ebenso bestraft worden wäre. Im Jahre 1614
1149 3919 2372 4000 wurden die revolutionierenden Mönche aus dem Reiche verbannt, thatsächlich
1146 3958 2385 4026 aber wurden noch jahrelang fremde Priester in das Land geschmuggelt, bis
1149 3998 2380 4070 der japanischen Regierung die Geduld riss. Das Motiv der späteren Christen¬
1145 4037 2388 4109 verfolgungen war nichts anderes als der Trieb der Selbsterhaltung. Von
1146 4081 2395 4134 besonderem theoretischen Interesse sind die Ausführungen über die Folgen
2392 2413 2472 2466 De¬
