3344 4352
205 181 748 299 8. Freiwild
904 184 1318 303 box 14/4
285 497 1698 633 SONN-u. MONTAGS-Courier vom 20. Oktober 1919.
278 591 2957 727 Stadttheater Schnitzlers Freiwild übt trotz zwanzigjährigen gestandes noch immer
282 657 2926 790 als Wahrheit der soziale Mitgefühl, das es auslöst, wenn auch manche der ge-
278 720 2947 845 schilderten Zustände überhold sind. Ein junger Mann der sich nicht duellieren will
278 776 2992 925 wird einfach vom Gegner niedergeschossen. Dieser noch immer effektvolle Stoff wurde
275 835 3068 998 von Strobl, Herz, Norfolk Zeska und der graziösen Rosenquist ebenso wahr als effektvoll
268 884 692 988 dargestellt.
2046 1628 2254 1708 20.75
1892 1677 2675 1788 Kuninteressantes Blatt, Wien
508 1670 1315 1913 Theater und Kunst.
1983 1809 2773 1972 Theater und Kunst.
647 1885 1204 1976 Wiener Stadttheater.
1920 1920 2905 2028 Wiener Stadttheater. Es nützt doch nichts.
463 1934 1444 2052 Freiwild von Arthur Schnitzler, Wie rasch sich die
1833 1969 2912 2101 Was nicht aus den Tiefen der Menschheit emporsteigt
393 2011 1444 2084 Zeiten ändern! Was einstens als kühnes Wagnis galt,
383 2070 1444 2122 die Frage anzuschneiden, ob es für den Offizier neben der
1924 2035 3006 2150 und in ihr wurzelt, kann im Leben wie in der Kunst
386 2122 1444 2174 allgemeinen noch eine besondere Standesehre gebe, er¬
1934 2122 2995 2209 nur ein flüchtiges Scheinleben führen. So ist auch
397 2171 1444 2223 scheint heute nach dem Zusammenbruch der Armee als
1934 2164 2985 2247 Schnitzlers „Freiwild, das bloß eine gesell¬
386 2212 1444 2275 derart veraltet, daß den Geschehnissen auf der Bühne
1931 2209 2992 2303 schaftliche Sitte, die Verpflichtung zum Duell aus ge¬
383 2265 1447 2324 nicht nur kein Verständnis, sondern überhaupt kein Inter¬
1934 2261 2999 2352 sellschaftlicher Anschauung, zum Vorwurf hat, heute
379 2313 1447 2376 esse mehr entgegenbringt. Einzig das durchaus menschliche
348 2369 1440 2456 Empfinden des Dichters, der leichtflüssige Dialog und das
1774 2411 2846 2484 wirkungslos. Der Mensch, der heute an ein Duell mit
1785 2466 2832 2533 seinem Formelkram auch nur denken würde, wäre rei
1785 2515 2842 2581 für die Behandlung in einem Irrenhaus. So sitzen
932 2459 1305 2619 se
1771 2571 2849 2637 wir denn vor der Bühne und wissen nicht mehr recht,
1764 2609 2839 2679 um was die Leute da oben hern den und so aufge¬
1764 2665 2846 2741 regt tun. Dieser desperate Oberleutnant, der sein Opfer
1089 2665 1336 2766 6
1774 2710 2835 2783 sucht, dieses Milieu aus Schauspielern und Offizieren
1764 2762 2828 2828 und zivilen Lebejünglingen, ist uns fremd und unver¬
1774 2807 2839 2880 ständlich geworden. Vor zwanzig Jahren mochte so was
299 2807 1360 2887 rasche Abrollen der einzelnen Szenen machen das Schau¬
1767 2863 2832 2936 aktuell gewesen sein. Heute stehen wir über solchen Er¬
310 2866 1360 2933 spiel erträglich. Leider war die Regie nur auf Aeußerlich¬
1764 2901 2828 2981 eignissen, darüber hilft die beste Darstellung nicht hin¬
310 2915 1360 2978 keiten gestellt und das Streichen wichtiger Szenen, die für
1757 2953 2828 3030 weg, die diese leeren Figuren eines Tendenzstückes auch
313 2960 1357 3030 die psychologische Begründung der Vorgänge von Belang
1760 3013 2825 3079 nicht zu beleben vermag. Julius Strobl verlieh
313 3016 1360 3079 sind, nahmen dem Stück einen Teil des Erfolges. Auch
1760 3051 2828 3124 zwar dem Oberleutnant seine sichere elegante Haltung,
306 3058 1367 3124 die Darsteller taten sich nicht allzu rühmlich hervor. Herr
1760 3107 2821 3176 aber sympathisch konnte er ihn nicht machen, ebenso
306 3110 1364 3176 Strobl war merkwürdig unelegant, Herr Norfolk hölzern,
1764 3145 2825 3218 wenig wie das Liebespärchen von Thea Rosenquist
299 3162 1374 3239 Herr Zeska zu pathetisch. Die Damen genügten. Es war
1753 3197 2828 3274 und Philipp Zeska, gespielt mit seiner zwischen Tod
306 3204 1371 3291 ein bescheidener Erfolg und auch der Beifall klang spärlich.
1753 3256 2818 3319 und Leben schwankenden Sentimentalität, uns ans Ge¬
1753 3301 2832 3374 müt ging. Der Beifall war nicht überwältigend, das
1753 3336 2849 3423 Publikum hatte wohl ein anderes Freiwild erwartet.
