3436 4096
792 152 1209 258 box 14/2
100 164 603 273 8. Freiwil
1157 824 1743 913 welche die diganisirte socialdemo¬
1766 838 2911 916 Trouillot, hat sich angesichts der bevorstehenden Drittel¬
106 850 1740 936 beren der Fall sei. Der kratische Arbeiterschaft ihre Zustimmung zu den Beschlüssen der
1774 913 2906 968 Erneuerung des Senates beeilt, seinen Bericht fertigzustellen,
112 927 563 991 hen Folgen einer zu in¬
597 927 1743 976 heutigen Versammlung ausspricht. Ein Arbeiter kritisirte sodann sehr
603 956 2911 1025 scharf die Haltung des Jungczechen=Clubs bei der letzten und es wurde die Vorlage desselben in der Deputirten¬
115 965 571 1031 gebung des betreffenden
597 1057 1743 1128 ein Duell dessen Existenz als Officier vernichtet sei, weist
1774 1065 2909 1126 denn auch der Grundgedanke von „Freiwild" verfehlt,
138 1065 566 1134 dreifachen Betruge an
600 1114 1737 1171 er die Zumuthung weit von sich und setzt sich lieber der
1777 1114 2909 1180 selbst wenn der Verfasser darauf verzichten würde,
155 1131 560 1186 Ehre, an den Eltern
597 1163 1737 1220 Rache des Gegners aus, der ihn denn auch bei der ersten
1772 1166 2909 1223 die Comödie eines Scheinduells einem österreichischen
155 1171 557 1240 es kam ihm weniger
597 1209 1734 1269 Begegnung und der erneuten Weigerung, sich zu schlagen,
1766 1217 2906 1266 Officier in den Mund zu legen, die für diesen
112 1220 554 1292 Zweikampfes zu prüfen
1772 1255 2911 1315 wie für jeden Officier eine moralische Unmöglichkeit ist.
597 1260 1737 1315 auf der Straße niederschießt. Der tödtlich Getroffene sinki
138 1260 557 1332 jungen Mann noch
1774 1304 2909 1367 Große Meisterschaft hat Schnitzler dagegen in der satirischen
600 1304 1720 1364 vor den Augen der Geliebten zusammen. „Gehen Sie!
459 1315 563 1375 schon
296 1315 422 1375 wenn
118 1309 244 1390 hängt
1774 1349 2909 1407 Schilderung der Sphäre bewiesen, in welche er sein Drama
612 1349 1737 1424 sagt ihr der Arzt, und mit ihrer verzweiflungsvollen Frage:
129 1349 560 1427 In dieser spannen¬
1772 1398 2909 1459 verlegt hat. Mit knappen Strichen sind die frivolen mili¬
600 1395 1171 1484 „Wohin?" fällt der Vorhang.
109 1401 554 1467 eigentliche Werth des
1774 1438 2911 1510 tärischen Lebemänner und das flotte Theatervölkchen der
698 1430 1728 1505 Eine Frage bleibt auch das Drama. Sind die allein
115 1447 563 1519 Antes Gegenstück zu der
1774 1493 2911 1553 Sommerbühne in dem Badeorte „nicht allzu weit von
600 1487 1734 1556 stehenden jungen Mädchen, die ihr cynischer Director der
121 1499 569 1568 t desselben Dichters ist.
1766 1542 2911 1594 Wien“ gezeichnet. Der Husaren=Lieutenant Vogel, welcher
597 1539 1737 1596 Schande in die Arme wirft, indem er fragt: „Glauben Sie
146 1550 560 1614 zur Discussion, und
1777 1588 2911 1645 sein Verhältniß zu den Theaterdamen, als von Verehrung
600 1588 1731 1651 vielleicht, daß ich meine Mitglieder ernähren soll?", das
118 1594 560 1654 Contrast zwischen Offi¬
1769 1639 2914 1694 die Rede ist, so bezeichnet: „Mit so feinen Worten bin ich
597 1634 1737 1697 Freiwild, oder ist damit der Bürgerliche gemei welcher,
112 1642 560 1708 Diese scharf zugespitzte
1772 1680 2909 1734 riesig sparsam; verehren thu' ich die Frau Majorin, auf
126 1685 1731 1746 sche Wirkung erhöht, die nach der anscheinenden Meinung des Autors, den gewalt¬
1774 1728 2906 1780 die Mädeln vom Theater hab' ich a Schneid," ist, vor
123 1723 1734 1789 dert. Er läßt einen thätigen Rache des Officiers preisgegeben sein soll, wenn er
1774 1777 2911 1838 Hermann Müller vorzüglich in transleithanischem Deutsch
597 1777 1737 1835 auf dessen Begriffe von Genugthuung nicht eingeht? Der
118 1780 566 1855 impfendes Wort über
1766 1826 2911 1884 gespielt, ein Cabinetstück wie die lustige Soubrette der
597 1820 1737 1884 Dichter hat es unterlassen, eine solche Folgerung zu ziehen,
118 1829 560 1909 einem jungen Bürger¬
1766 1863 2911 1929 Frau Gisela Schneider und der von Herrn Reinhardt,
597 1875 1734 1927 aber den Zuhörern drängt sie sich in dem einen oder
121 1878 569 1944 gen, aber diesem die
1769 1921 2914 1967 einem jungen Wiener Künstler, gut charakterisirte Komiker,
600 1915 1731 1978 andern Sinne auf und führt leicht zu tendenziöser Auf¬
129 1924 563 1996 weigern. Die Gründe,
1766 1955 2911 2027 der, von Eifersucht geplagt, immer in tiefster Schwermuth
597 1961 1734 2030 fassung, wozu der empörende Fall Brüsewitz in Karlsruhe
132 1975 569 2036 halten gegenüber seinen
1772 2013 2917 2070 einhergeht. Das im Vordergrunde stehende Paar von
597 2007 1737 2073 einen naheliegenden Anhaltspunkt gibt. Allein dieser Vor¬
129 2024 566 2090 er habe einfach einen
1772 2056 2911 2116 Gegnern wurde von Rittner und Sauer eindrucksvoll dar¬
606 2062 1737 2125 fall, bei dem ein Bürgerlicher wegen einer Lappalie von
144 2064 563 2133 sein Leben um eines
1763 2102 2911 2165 gestellt, und in Fräulein Annie Trenner, welche die sitten¬
597 2107 1737 2171 einem Officier auf der Stelle erstochen wurde, ist
172 2110 566 2182 setzen, das Duell
1777 2156 2909 2214 strenge junge Schauspielerin mit herbem Ernste spielte,
597 2165 1740 2228 mit dem des Schnitzler'schen Dramas nicht zu ver¬
123 2159 566 2231 wenngleich in dem
1772 2202 2911 2260 lernten wir ein tüchtiges Talent kennen. Mit großer Sorg¬
597 2199 1728 2268 gleichen. Wer das Duell verwirft, kann es nur thun
126 2208 571 2271 nicht vorkommt, doch
1777 2242 2917 2308 falt wurde in dieser Vorstellung des Deutschen Theaters
597 2242 1737 2311 weil er aus sittlichen und rechtlichen Gründen die Selbst¬
192 2257 563 2323 „Ehre besee mich
1766 2291 2911 2352 auf das einheitliche Festhalten des österreichischen Codrits
597 2291 1737 2354 hilfe verurtheilt. Aber so darf der Sachverhalt nicht ver¬
146 2297 560 2380 Ehre mich beim Vor¬
1772 2343 2906 2400 geachtet und die Erfüllung dieser Aufgabe durch eine große
600 2343 1737 2406 schoben werden, daß dem Einen zugestanden wird, eine Un¬
135 2357 566 2415 in Ehre ein Bein an¬
1777 2383 2909 2441 Anzahl vorzüglicher österreichischer Kräfte ermöglicht, indem
597 2389 1743 2446 bill mit der Faust zu rächen, während man dem Andern
126 2397 563 2472 n. Oder den Schmerz
1777 2438 2914 2495 selbst namhafte Schauspieler, wie Emanuel Reicher, sich mit
591 2438 1737 2495 das gleiche Mittel der Abwehr verweigert. Vollends erscheint
115 2443 563 2518 versteht sich also nicht
1772 2484 2909 2538 kleineren Rollen harmonisch in das Ganze einfügten, Künstler,
591 2489 1737 2541 es unbillig und in allzu starken Widerspruche mit der ge¬
144 2489 543 2555 Ehre? Ein Wort
1777 2532 2914 2581 denen der österreichische Accent fremd ist, wie Nissen und
614 2535 1740 2593 schichtlichen Entwicklung, wenn man damit beginnen will,
129 2535 566 2596 kanne irre werden und
1772 2576 2917 2656 der beliebte Komiker Thielscher, wurden mit Nutzen in
129 2578 1740 2650 Comment=Reiter" mit bei dem Soldaten, dem der Degen das Symbol der Ehre
1772 2624 2911 2679 Rollen verwendet, in denen dieser Mangel nicht störte und
597 2636 1746 2693 und seines Berufes ist, den Begriff des Zweikampfes aus¬
138 2639 566 2705 r), ihm verächtlich den
1772 2673 2909 2728 doch ihr künstlerischer Werth zur Geltung kam. Der geist¬
600 2679 1737 2739 zumerzen. Es wird schon viel gewonnen sein, wenn es ge¬
129 2682 566 2754 de Sache nur aus dem
1772 2713 2911 2776 volle Wiener Autor hatte jedenfalls einen starken Erfolg,
603 2719 1743 2782 lingt, im Heere die gewaltthätige Sitte auf die schwersten
164 2733 571 2794 aber will und soll
1772 2765 2911 2822 und der Berliner Aufführung darf er danken, daß sie
600 2765 1734 2831 Fälle der Ehrenkränkung einzuschränken und die bürger¬
135 2765 563 2837 als ihm ein auffallen
1772 2808 2917 2871 mehr die glänzenden Seiten seines Talents als die inneren
603 2820 1743 2877 lichen Elemente unter einander von der Pflege des alten
135 2831 566 2891 nt des Herausforderer
2748 2860 2877 2937 E. S.
1772 2860 2587 2929 Schwächen des Dramas hervortreten ließ.
158 2868 1749 2972 einzugehen, weil ohne ständischen Vorurtheils abzuhalten. Darum erscheint uns
