3484 4224
223 130 448 247 8. F.
921 133 1335 253 box 14/4
488 136 767 257 wild
219 1252 2646 1422 le dringendsten Angelrechtes Bündnis, wir sind dazu bereit; wenn aber Parteizunangen raum so bald durchdringen wird.
1675 1382 2668 1450 Betreffs der kommenden Reichsratstagung bemerkte
216 1403 1641 1468 ragen zur Sprache zu Ungarn die Kosten der politischen und wirtschaft
1669 1434 2671 1496 der Redner, daß der deutschen Obstruktion im
652 1453 1641 1515 lichen Einheit uns allein zuwälzen will, dann müssen
219 1468 624 1536 des Absatzes unga¬
219 1475 2668 1573 upationsgebiete durch wir auch den Mut haben, die reinliche Schei= böhmischen Landtage die tschechische im Reichsrate
1672 1533 2668 1598 folgen werde. Die Regierung werde dann wieder
229 1546 1648 1629 ferner betreffend die dung zu wollen und durchzuführen. Wenn
272 1570 2668 1663 Heereslieferungen wir Deutsche die ungarische Staatsidee als voll¬ den § 14 in Tätigkeit setzen. Mit der Losung: „Weg
219 1629 2668 1716 darüber, daß er bei zogene Tatsache hinnehmen, dann wird es uns nicht mit dem Parlament!" könne er sich trotz der trost¬
655 1685 2668 1808 Dichter rust nicht: „Seht, so sind sie — Er sagt dient schon ein bischen gesunden Zorn. Immer noch
1679 1777 2674 1842 ist es „kurios, daß diese Offiziere mit ihrer
658 1787 1654 1858 nur: „So ist er!“ Die „Tendenz" oder die Wahr
213 1771 340 1883 ter.
1679 1824 2677 1889 wienerischen und polnischen Mundart, mit ihrem
655 1839 1648 1901 heit des späteren „Leutnant Gustl“, die dem k. u. k
223 1845 553 1941 in drei Akten
266 1861 2677 1985 Erstaufführung am Reserveleutnant Arthur Schnitzler das goldene ganzen österreichischen Typ, der Karinski=Ohrfeige
655 1920 2680 2015 Porteepee gekostet hat, ist in „Freiwild“ nicht ein wegen in eine Phantasie=Uniform gesteckt werden
219 1935 343 2022 1904.
219 1963 2674 2065 gentlich schon ein ehr¬ mal im Keime vorhanden. Hier haben wir nur die mußten, und daß beispielsweise aus dem Satze der
219 2009 2680 2108 nan sagen, wenn der Privataffäre des Herrn Karinski, und was an Schauspielerin Anna Riedel: „Wenn der künstlerische
219 2068 2680 2164 un oder zehn Jahre Herrn Karinski typisch ist, fällt ebensowenig einem Ernst darin bestehen soll, daß man bis in die Nacht
223 2108 2495 2216 der nächste Schnitzler ganzen Stande zur Last, wie etwa ein Defraudant hinein mit Offizieren champagnisiert"
226 2164 2683 2250 Mücken im Schwarm dem Stande der Kassiere. Wir sehen neben dem Worte: „mit Offizieren" gestrichen wurden. Ist das
219 2213 1972 2312 eine Lenur-Sensation herabgekommenen Säbelraßler sogar einige recht nicht komisch
1753 2220 2680 2318 Der Oberleutnant Karinski wird in dem Kaffee¬
229 2281 1669 2362 förderlich. Außerdem sympathische Offiziere in dem Stücke, und dem
1697 2303 2686 2371 hause des Badeortes von dem Maler Paul Rönning
219 2315 1663 2411 in wirksames Theater militärischen Ehrenrate macht es ja Ehre, das
662 2362 2686 2436 Karinski schon vor dieser Affäre vor der Quittie in dem Augenblicke öffentlich geohrfeigt, als er die
1697 2396 2686 2467 Schauspielerin Fräulein Anna Riedel roh ver¬
241 2417 1663 2510 sehenswürdigen Aufrung steht. Trotzdem wurde „Freiwild“ in Wien
216 2458 2677 2547 gierige zuzuführen, ein nach wenigen Aufführungen, einem sehr hohen leumdet und beschimpft. Anna Riedel, ein gut er
1697 2498 2686 2569 zogenes Mädchen aus anständiger Familie, ist aus
226 2513 1669 2594 Zensur! Ich bin nicht Wunsche gemäß, abgesetzt und in Graz Jahre lang
216 2541 2689 2649 beer der Weltweisheit zur Aufführung nicht zugelassen. Warum? Weil Liebe zur Kunst und, um ihr Brot zu erwerben,
229 2594 2686 2689 sie „Freiwild endlich offenbar ein schlechter Kerl, solange er den Offi=Schauspielerin geworden. In ihrem ersten Engage¬
216 2652 2680 2754 Wenn man ein Verbot ziersrock trägt, für den Zensor kein schlechter Kerl ment an dem Sommertheater des kleinen Badeorte¬
219 2689 2686 2794 ösewicht veränderte, so sein durfte. Ich bin überzeugt, daß der brave sammelt sie in Fülle jene häßlichen Erfahrungen
219 2742 2692 2835 eines Geisteszustandes, Offizier im Zuschauerraume die Ohrfeige des Herrn die gutgearteten Mädchen beim Theater niemals
219 2785 2692 2890 lich nichts zu tun hat. Karinski mit seinem ehrlichen Gefühle ratifiziert ganz erspart bleiben. Man soll nicht verallgemeinern
219 2838 2692 2937 Bekenntnis ist aber und es als einen ungeschickten Liebesdienst und pauschalieren. So unsauber wie an dem
213 2875 2692 2995 Fischer Gegensatz zur empfindet, wenn die Behörde die Karinskis schützt. „Kunstinstitute des Herrn Direktors Schneider
219 2940 2692 3036 wäre ein österreichisches Für uns Sterbliche zweiter Ordnung ist aber eine geht es selten zu. Die soziale und sittliche Stellung
238 2989 2696 3076 Kuriose in Österreich standesamtliche Zensur überhaupt eine empörende des Schauspielerstandes hat sich gehoben, und es
247 3029 2699 3125 erfolgte aus keinem Sache. Und wir wissen auch: der Geschlagene hätte gibt viele Bühnen — wir brauchen hier nicht in die
692 3076 2689 3169 jedem anderen Stande angehören mögen, so Ferne schweifen —, an denen der Skandal nicht ge¬
247 3116 665 3187 ein Offizier auf den
226 3125 2699 3221 erhält nicht etwa eine hätte kein Zensor an der Ohrfeige Ärgernis ge¬ duldet, geschweige denn geschäftlich gepflegt wird.
223 3178 2696 3277 erlumpte Oberleutnant nommen — Nun ist „Freiwild" freigegeben Der spießbürgerliche Philister jedoch ist stets ge¬
226 3215 2692 3329 Hönliche, wohlverdiente worden, aber die Geschichte des Schauspieles, das neigt, sich den Theaterteufel in der Sünden Blüt¬
226 3274 2705 3413 ge Verleumdung. Der längst über die reichsdeutschen Bühnen ging, ver. vorzustellen. Der Spießer — mitunter ist er ganz
