3392 4384
155 186 292 283 8.
862 188 1259 287 box 14/3
366 197 445 260 re
1119 1590 1275 1690 Nr. 6.
403 1748 1013 1857 Bühnenwelt.
178 1843 1275 1943 Der Druckfehlertenfel des Herrn Thimig.
255 1917 1303 2000 Herr Thimigt. Es sei ihm niemals eingefallen
160 1963 1161 2037 se behaupten, Herr Directe Burckhard habe ihm den
160 2026 1280 2109 theilt, Herrn Dr. Schlenther zur Nachfolger zufort
164 2077 804 2153 und zwar führt Herr Thimig aus:
246 2096 1310 2183 In meinem Briefe an die „Frankfurter Zeitung" hieß es
157 2165 281 2234 nämlich
241 2186 1310 2256 „Richtig dagegen ist es, daß im December des Herrn
157 2216 1316 2299 directors Burckhard und meine obere Behörde, als sie Kenntniß
151 2285 1312 2339 on einer Reise erhielt, die mich in Familien=Angelegenheiten nach
157 2322 1282 2374 Dresden führte, mir den Auftrag ertheilte, an Herrn
157 2358 1008 2418 Schlenther eine vertrauliche Voranfrage zu stellen.
255 2371 1317 2448 Durch ein Versehen hat nun der Setzer aus den Worten „des
164 2439 1314 2492 herrn Directors Burckbard“ die Worte „der Herr Director
167 2476 1312 2529 surckhard" gemacht, so daß gedruckt in der Frankfurter Zeitung
160 2517 1312 2570 lesen stand: „Richtig dagegen ist es, daß im December der Herr
160 2555 1319 2606 director Burckhard und meine obere Behörde, als sie Kenntniß von
160 2596 1319 2649 ner Reise erhielt, die mich in Familien Angelegenheiten nach
157 2633 1316 2694 Presden führte, mir den Auftrag ertheilte, an Herrn Dr.
142 2675 1022 2740 Schlenther eine vertrauliche Voranfrage zu stellen"
259 2687 1317 2775 Ist das ein Spaß, den sich Herr Thimig mit der
139 2765 1319 2823 Oeffentlichkeit erlaubt: Glaubt er, seinen Beruf als Komiker
188 2809 1317 2870 weit ausdehnen zu müssen, daß er auch außerhalb der
157 2865 1319 2930 ühne seine drollige Kunst bewahren will? Es gehört doch
167 2909 1314 2972 jahrlich — na also, sind wir höflich und sagen wir Ver¬
167 2955 1317 3020 auensseligkeit dazu — das Publicum an diese räthselhafte
164 3006 1314 3080 hätigkeit des Setzerjungen glauben machen zu wollen. Was
164 3051 1317 3117 err Thimig da behauptet, ist ganz unverständlich. Was soll
151 3104 1314 3196 s heißen: im December des Herrn Director Burckhard?
157 3150 1321 3229 t das nur einen Schimmer=Sinn? Herr Dr. Burckhard
157 3215 1312 3271 t doch durch acht December hindurch die Direction des Burg¬
172 3250 1314 3315 seaters geführt; welcher December ist das nun, den Herr
169 3294 1317 3379 himig so prägnant den „December des Herrn Director
172 3357 1319 3421 surckhard" nennt? Aber weiter: Was soll in dem berichtigten
176 3400 1321 3465 satz das Wörtchen „und"? An was knüpft dieses „und an?
169 3444 1317 3512 die Behörde ertheilte Herrn Thimig den Auftrag. Gut, aber
172 3496 1323 3560 er noch? Irgendwer muß das doch gewesen sein, den die
169 3544 1319 3611 gehörde mit dem Bindewort „und angereiht wird! Irgend
176 3602 1316 3669 schauerhaftes Geschöpf, das sich schier im December des
169 3649 825 3709 errn Director Burckhard verbürgt?
255 3678 1319 3769 Herr Thimig spielt da ein etwas gefährliches Spiel. Er
181 3734 1316 3809 t gegen seinem Director intriguirt und dessen Vertrauen
169 3797 1326 3866 ißbraucht; das steht nach diesem mißglückten Versuch einer
167 3838 1321 3910 berichtigung mehr außer Zweifel denn je. Aber nun wendet er
169 3889 1324 3957 se unmöglichste Stylverrenkung an, um sich rein zu waschen;
167 3938 1330 4012 s ist eine Unsitte, die er dem Publicum zufügt. Herr Thimig
167 3996 1328 4063 t in diesen letzten Tagen eine seltsame Physiognomie ge¬
164 4035 1340 4108 sonnen. Wer hätte in dem biedern Sachsen mit den treuen
172 4086 1043 4163 auen Augen so viel Verschmitzheit gewitter?
1702 1586 1861 1674 Nr. 6.
1653 1699 3064 1792 plane Böses gegen ihn. Er aber will nicht flieben. Der Officier tritt wurde. H
1666 1768 3076 1819 ihm in den Weg, er fragt ihn zum letzten Male, ob er sich mit ihm bruder Herr
1662 1810 2835 1861 schlagen will. Der Maler verneint und der Officier schießt ihn
1657 1831 3064 1891 nieder. Das ist logisch und einsichtsvoll entwickelt. Aber nicht nur mit dem
2865 1875 3055 1938 alte Garde
1657 1885 2835 1938 mit einer brillanten Kraft des Verstandes, sondern mit einer herz¬
1669 1924 2839 1975 lichen Wärme, die das Stück weit über das Niveau des traditionellen
2869 1924 3071 1989 an, nur de¬
1662 1968 2835 2017 Thesenstückes hebt. Alle akademische Dialectik ist überwunden, die
1669 1975 3062 2058 Frage ist alseitig, mit rühmenswerther Gerechtigkeit beleuchtet, aber war zu¬
1666 2028 3060 2100 jedes Argument quillt unmittelbar und lebendig aus der Em¬ Dafür gab
1662 2075 3064 2130 pfindung. Und der Autor geht in der Analyse mit dem sicheren Ge¬ sinnige Bur¬
1669 2123 3039 2197 fühl des Dichters auf die letzten, rein menschlichen Grundlagen zurück; die Verse
1671 2165 2835 2216 indem er hier, in einem verwickelten Verhältnis des Culturlebens,
1669 2172 3014 2249 die einfachen natürlichen Linien wieder herzustellen sucht, nimmt er dem prechen.
1671 2242 2842 2299 Werke die quälende Enge des Tendenzstückes und gibt ihm Freiheit
2974 2262 3071 2348 Nur
1669 2281 2842 2336 und künstlerisches Leben. Der Dialog ist von einer Beweglichkeit und An¬
1666 2318 3057 2374 muth, mit der sich heute kein deutscher Autor messen kann Er fließt leicht, alten schon
1666 2358 2835 2417 und mühelos und gibt doch den Dingen den präcisesten Ausdruck. Nur
2865 2367 3076 2439 an eine ge¬
1669 2399 2842 2445 ein Mangel stört an dem Stücke; der freilich empfindlich. Dem Dichter
1671 2422 3067 2490 fehlt die Kraft für seinen Helden. Dieser junge Mensch, der sich an die den Nache¬
1671 2468 3064 2526 Welt mit klammernden Organen hält, der müßte von der Fülle des kleinste No¬
1666 2522 3071 2571 Lebens dampfen, vol, kräftigen Bodengefühls, wie Egmont oder der Rache=Sche¬
1671 2552 2842 2603 Prinz von Homburg, einer der den Tod verabscheut, weil er das
1666 2570 3058 2642 Leben so stark fühlt. Das hat Schnitzler seinem Helden nicht gegeben, hörigkeit
1666 2615 3062 2677 Es ist eine müde Liebe zum Leben, die ihn durchriefelt, hat er kein den heilig
1667 2670 3060 2723 Wort ergreifender, elementarer Lebensfreude. — Den Darstellung kennen, ni
1671 2712 2842 2763 wurde dem schwierigen Werke nur in einer einzigen Rolle voll
2872 2716 3064 2786 daß Versch¬
1669 2747 2846 2803 gerecht: in der Rolle des Helden, die Herr Klein mit siegreicher
2870 2768 3055 2830 gnügten,
1669 2788 2842 2842 Beredsamkeit und warmer Empfindung spielte. Die Uebrigen, die
1666 2814 3041 2879 Herren Reusch, Tewele, Korff, Czasta und Martin, wenn die
1678 2860 3062 2928 sowie Frl. Sangora ist viel gelungen, manches mißrathen; aber wird; die
1669 2912 2504 2965 sie haben alle ein Recht auf volle Anerkennung.
2861 2914 3055 2976 korb, das
2861 2962 3073 3030 gehängt hat
1935 2946 2601 3043 Theater in der Josefstadt.
1785 3030 3073 3078 Die Herren Hans Fischer und Josef Jarno wollten vereinigen
2869 3058 3083 3143 Ideen. Die
1671 3057 2842 3111 offenbar beweisen, daß sie dem Wildgeruche des Josefstädter=Theaters
1669 3102 2842 3155 gerecht zu werden vermögen. Und sie sind thatsächlich mit den
1669 3111 2988 3229 picanten Situationen ihres „Aschermittwoch fast französisch¬
1678 3189 2105 3261 n
