3392 4384
328 168 647 244 Freiwi
188 170 474 286 8.
880 161 1299 270 box 14/3
1663 959 1880 1035 NOTIZEN.
1069 966 1161 1045 278
1791 1035 2463 1119 vorgestellt. Herr Harden trug ein
1070 1058 1744 1134 kampf ist ein Unding. Vielmehr wird
1788 1107 2460 1163 sehr hübsches hochgeschlossenes
1072 1112 1741 1179 das Ergreifen dieses Auskunftsmittels
1788 1154 2466 1211 Sacco und eine lichte Weste. Sein
1080 1168 1744 1228 im einzelnen Fall um so schwerer
1788 1211 2468 1263 rosiges Schauspielergesicht ist glatt¬
1079 1213 1751 1284 zu rechtfertigen sein, je weniger ein
1791 1262 2463 1326 rasirt, Löckchen hat er in die Stirne
1079 1270 1751 1324 vorgeführtes Ereignis einen für die
1796 1304 2458 1366 gekämmt. Die Damen schienen ent¬
1079 1315 1747 1388 heutigen Zustände anormalen Aus¬
1793 1344 2465 1411 zückt. Auch was Herr Harden sagte,
1087 1359 1752 1426 gang vermuthen lässt. Je nichtiger die
1806 1394 2461 1455 war entzückend. Er erklärte offen
1087 1418 1742 1468 Ursache, desto in die Augen springen¬
1803 1436 2473 1502 seine Bewunderung für Ibsen, der an
1079 1460 1752 1514 der die Frivolität des Kampfes auf
1796 1487 2466 1562 die faulen Stellen des Gesellschafts¬
1084 1502 1749 1561 Leben und Tod. In Freiwilde han¬
1803 1549 2470 1596 körpers klopfen, er entdeckte, dass
1089 1547 1751 1608 delt es sich aber um einen Conflict,
1806 1581 2471 1641 Nietzsche und der Socialismus
1084 1596 1747 1657 der die Lebensstellung der Betheilig.
1809 1630 2473 1692 unversöhnliche Gegensätze seien,
1084 1646 1754 1705 ten in ihrem Fundamente erschüttert.
1808 1682 2473 1744 dass Zola der Dichter von Col¬
1092 1699 1759 1771 Es ist daher ein taktischer Missgriff,
1804 1727 2468 1796 lectivempfindungen sei, und was
1095 1746 1751 1809 gerade in einem Falle das Duell be¬
1806 1772 2475 1838 dergleichen Neuigkeiten mehr sind.
1092 1791 1752 1853 kämpfen zu wollen, wo es kaum zu
1809 1828 2473 1897 Das Beste an seinem Referat waren
1089 1840 1761 1898 vermeiden ist. Auch lässt sich dem
1806 1873 2478 1947 seine boshaften Witzchen gegen
1092 1883 1759 1952 Duellgebrauche am schwersten bei¬
1806 1917 2471 1998 einige aufgeblähte moderne Mittel¬
1089 1942 1761 2009 kommen, wenn, wie in Freiwilde,
1811 1967 2476 2036 mässigkeiten; allerdings auch nur
1097 1982 1751 2043 eine thätliche Beleidigung vorher
1811 2019 2478 2092 suffisante Plattheiten. Im Grunde
1097 2028 1756 2108 gegangen. Denn der Zweikampf be¬
1809 2060 2481 2130 aber gefiel Herr Harden, weil
1095 2077 1769 2145 deutete zu einer Zeit, als der
1806 2117 2475 2167 er sich zum Interpreten des schwer¬
1102 2124 1769 2191 Faustkampf zur Austragung von
1814 2161 2481 2224 fälligen Widerwillens gegen jeden
1095 2172 1772 2238 Streitigkeiten noch gebräuchlich
1811 2209 2481 2276 neuen Gedanken machte. Ibsen,
1100 2223 1772 2297 war, ein Civilisationsmittel. Für
1826 2253 2490 2323 Tolstoi, Dostojewsky bewundern,
1095 2271 1766 2334 rückständige Culturen ist das
1818 2308 2483 2364 Gott, das gehört heute schon zum
1104 2322 1759 2379 Duell auch heute noch das un
1809 2359 2476 2414 bon ton, aber nun möchte man
1100 2371 1771 2431 erlässliche Entwicklungsstadium.
1811 2402 2485 2465 auf diesen Rasenplätzen ausruhen.
1100 2426 1774 2478 Schnitzler hat sich also einen so
1816 2446 2480 2510 Herr Harden hat diesem Trägheits¬
1100 2466 1764 2533 complicirt schwierigen Fall con¬
1819 2502 2478 2564 gefühl mit seiner billigen Witzig¬
1100 2512 1776 2579 struirt, dass alle seine feinen und
1816 2540 2480 2609 keit Rechnung getragen. Es ver¬
1107 2559 1776 2624 geistreichen Geschosse an der
1821 2592 2486 2660 steht sich von selbst, dass seine
1111 2607 1777 2673 klotzigen Brutalität des Vorwurfes
1825 2636 2485 2708 Wiener Nachtreter, welche sein
1104 2663 1777 2718 abprallen mussten. Er hat die
1826 2690 2490 2750 Trägheitsbedürfniss von heute, aber
1107 2703 1774 2764 Festung von der verschanztesten
1826 2732 2490 2801 nicht seine Bildung von gestern be¬
1107 2752 1776 2814 Seite angegriffen, die Duellgegner
1826 2777 2497 2863 sitzen, vor Freude hochgeröthet
1112 2809 1779 2863 fast bekehrt, die Duellfürsprecher
2340 2844 2460 2915 st. gr.
1831 2849 2026 2920 waren.
1111 2846 1777 2913 nur verstockter gemacht. Es zeugt
1112 2903 1784 2962 sehr für sein Talent, dass er
1877 2913 2498 2989 VER SACRUM nennt sich das
1112 2940 1786 3004 wiederum trotz alledem einen, wie
1825 2972 2497 3044 neugeschaffene Organ der Ver¬
1116 2994 1788 3061 es scheint, recht nachhaltigen
1825 3026 2497 3086 einigung der bildenden Künstler
1124 3039 1749 3101 Theatererfolg erzielt hat —.—.
1833 3078 2500 3147 Oesterreichs — also unserer Se¬
1833 3110 2500 3187 cession. Dr. Max Burckhard hat
1161 3123 1788 3209 MAXIMILIAN HARDEN. Vor
1831 3165 2505 3249 den gewählten Titel sinnvoll er¬
1122 3179 1781 3248 ein paar Tagen hat sich Herr
1835 3212 2502 3273 klärt, ein Ungenannter, aber nicht
1119 3226 1784 3291 Maximilian Harden den Mitgliedern
1836 3269 2505 3355 Unbekannter und Hermann Bahr
1122 3276 1781 3362 und Gästen der Wiener „Concordia¬
