3484 4224
179 136 337 229 8.
445 155 704 260 wild
874 144 1283 251 box 14/4
2215 185 2579 278 Telephon 11891.
1842 260 2921 349 Alex. Weigls Unternehmen für Zeitungs-Ausschnitte
2030 336 2774 461 „OBSERVER
1845 464 2928 540 I. österr. behördl. konz. Bureau für Zeitungsberichte u. Personalnachrichten
2027 526 2764 616 Wien, I., Concordiaplatz 4.
2262 597 2515 660 Vertretungen
1840 637 2921 704 in Berlin, Budapest, Chicago, Genf, London, New-York,
1849 682 2921 759 Paris, Rom, Mailand, Stockholm, Christiania, St. Petersburg.
2113 738 2653 807 (Quellenangabe ohne Gewähr.)
1842 801 2293 904 Ausschnitt aus:
2358 812 2975 939 Wiener Leben
1849 889 2463 1009 von
2250 1002 2393 1070 Graz.
1923 1064 2808 1142 In Alice v. Runegg hatten wir eine gute
1837 1137 2813 1192 „Sappho", in Anna Storm haben wir
1828 1187 2809 1244 eine noch bessere. Ihr Organ ist dunkel und
1830 1234 2808 1289 voll, von innerlicher Wärme durchstrahlt, ihre
1837 1283 2808 1334 Bewegungen sind ruhig und edel, der Aus-
1833 1324 2805 1385 bruch der Leidenschaft tief und doch in den
1828 1378 2805 1431 Grenzen der Schönheit. Eine kleine süße
1828 1423 2805 1481 Eucharis war Vally Küstenfeld, ein
1830 1481 2808 1527 ganz junges Grazer Kind, das auf unserer
1830 1513 2808 1586 Bühne seine ersten Theaterversuche macht.
1828 1571 2808 1631 Aber in dem Mädchen steckt etwas, und man
1828 1614 2805 1668 freut sich der großen Fortschritte, die von
1830 1660 2808 1722 Rolle zu Rolle sichtbar werden. Fast wär es
1830 1705 2808 1768 uns lieber gewesen, wenn man ihr die Mellitta
1828 1757 2805 1807 anvertraut hätte, statt Lotte Weißgär¬
1830 1797 2808 1859 ber, die immer etwas Steifes, Uninteressantes
1825 1846 2805 1900 an sich hat. Daß Leo Bovacz ein voll¬
1822 1900 2796 1954 endeter Phan ist, läßt sich auch nicht be¬
1822 1944 2800 2006 haupten, die Freiheit des Wortes ist ihm noch
1830 1997 2807 2043 nicht ganz zu eigen. Zu Ende der vorigen
1822 2045 2803 2100 Saison hat doch im „Star“ ein Herr Wald¬
1825 2092 2796 2146 schütz", als jugendlicher Liebhaber, hier
1828 2132 2803 2198 gastiert und hat außerordentlich gefallen, wo
1824 2184 2414 2250 ist denn der hingekommen?
1923 2221 2800 2302 Von den anderen Wiener Autoren kam
1815 2290 2796 2343 nach Hermann Bahr, jetzt auch Arthur
1824 2333 2803 2402 Schnitzler zu Wort, und zwar mit seinem
1825 2376 2796 2443 Schauspiel, Freiwild“. Freilich eine Novi¬
1825 2430 2795 2492 tät, die schon fast zehn Jahre alt ist. Und
1815 2484 2793 2532 auch nicht eines der besten Werke des geist¬
1825 2528 2803 2579 vollen Schriftstellers, der damit ja gewiß
1825 2576 2795 2630 manchen Bühneneffekt erzielt, aber doch etwas
1815 2622 2796 2680 zu oberflächlich in der Behandlung des Themas,
1815 2671 2796 2726 in der Ausarbeitung der Charaktere geblieben
1815 2716 2792 2770 ist. Immehin schienen die zahlreich erschienenen
1815 2762 2788 2827 Zuhörer recht befriedigt zu sein. Den brutalen
1822 2813 2793 2873 polnischen Oberleutnant Karniski gab Hans
1822 2866 2796 2919 Gerhard mit viel Feuer und Temperament,
1810 2909 2796 2965 aber mit einem schrecklich unverständlichen
1815 2959 2793 3008 Polnisch-deutsch. Richard Wirth mühte
1810 3005 2791 3058 sich mit dem blutleeren Maler Rönning sehr
1818 3054 2789 3110 ab, und machte ihn so sympathisch als möglich,
1825 3103 2792 3160 viel Leben und Begeisterung konnte jedoch
1818 3147 2791 3198 auch er nicht in die trockene Liebesszene
1818 3197 2795 3256 hineinbringen. Hauser, Schroth und
1818 3245 2785 3302 Beraun füllten ihre Plätze recht gut aus,
1815 3291 2778 3352 während Louis Groß als „trauriger
1815 3338 2785 3391 Komiker ziemlich langweilig war. Ein ganz un¬
1822 3384 2792 3434 bekanntes Fräulein Werner zeigte, daß es nur
1818 3431 2788 3485 hübsch sei, dafür war man jedoch überrascht, daß
1810 3482 2788 3531 die kleine Küstenfeld die resche Soubrette
1809 3530 2791 3590 Pepi, mit so viel Schlagfertigkeit gab. Freilich
1810 3578 2788 3632 haben wir ein paar Darstellerinnen, die das
1809 3624 2788 3686 noch besser herausgebracht hätten, aber im
1813 3673 2782 3731 ganzen ist ihr der Ausflug auf ein so fremdes
1815 3725 2778 3768 Gebiet nicht schlecht bekommen. Das Beste
1813 3768 2776 3832 kommt zuletzt. Anny Sikorra war diesma
1813 3817 2782 3872 als die tugendhafte Anna ganz entzückend.
1802 3863 2780 3918 Solche schlichte, naive Kinder, mit einer leisen
1803 3913 2781 3969 Spur von Sentimentalität und poetischer Schwär¬
1799 3959 2778 4025 merei, liegen ihr famos. Da heißt es nur
1806 4004 2162 4065 „Bravo!“ rufen.
