3484 4256
159 142 281 219 8.
333 139 623 218 Freiwi
850 129 1267 229 box 14/4
917 1122 1244 1244 taan 14
1196 1242 1672 1359 OBSERVE
906 1341 2002 1439 1. österr. behördl. konz. Unternehmen für Zeitungs-Ausschnitte
1108 1423 1810 1516 Wien, I., Concordiaplatz 4.
1326 1477 1594 1542 Vertretungen
908 1493 1994 1589 in Berlin. Budapest, Chicago, Christiania, Genf, Kopenhagen,
911 1568 1997 1630 London, Madrid, Mailand, Minneapolis, New-York, Paris, Rom,
1086 1617 1805 1682 San Francisco, Stockholm, St. Petersburg
1267 1624 1925 1732 en der Zeitung
1122 1666 1403 1762 Inter¬
1408 1701 1633 1794 Dresden
903 1707 1289 1816 Ausschnitt aus:
905 1792 1403 1921 vom 261895
1267 1907 1641 1991 Wiener Brief.
894 1973 2002 2076 (Originalbericht der „Internationalen Kunst= und Theaterzeitung".)
1365 2037 1531 2112 (Schluß.)
835 2063 2076 2158 Das Deutsche Volkstheater versuchte dieser Tage Arthur
820 2130 2073 2210 Schnitzlers dreiaktiges Schauspiel „Freiwild", das seinerzeit
820 2183 2073 2256 im Carltheater noch unter der Direktions Jauners zur Aufführung
818 2238 2073 2304 gelangte, von neuem auf die Bühne zu bringen. Bekanntlich behandelt
810 2292 2076 2352 das Stück zunächst die Duellfrage, daneben aber auch das Los der
816 2322 2073 2399 kleinen Schauspielerin. Die Handlung spielt demgemäß in den
812 2372 2065 2449 Kreisen der Bühnenkünstler und Theaterhabitués. — Leutnant Karinsky
813 2434 2066 2494 ein verschuldeter und verlotterter Lebemann, geht mit seinem Kameraden
812 2468 2071 2535 eine Champagnerwette ein, daß die kleine Naive des Badener Stadt¬
809 2527 2073 2577 theaters, Anna Niedel, einer Einladung zum Souper Folge leisten
812 2576 2073 2629 werde. Er verliert die Wette, denn die Naive ist sittsam, was ihn
812 2602 2065 2680 aber weniger verdrießt, als das Verhalten des gutsituierten Rönning,
818 2653 2071 2727 den mit Anna Riedel eine ideale Freundschaft verbindet, und der sich
810 2694 2070 2785 über die Abfuhr, die der Leutnant erlitten, weidlich moquiert. Darauf¬
818 2744 2071 2821 hin fordert ihn dieser. Rönning, der bisher alle gesellschaftlichen
818 2799 2063 2874 Grundsätze getreulich eingehalten, verweigert jedoch hartnäckig jede
815 2842 2070 2911 Satisfaktion, worauf ihn der in seiner Existenz bedrohte Leutnant
815 2888 2068 2954 hinterrücks über den Haufen knallt. Das Stück konnte auch in seiner
815 2948 2068 3003 neuen Inszenierung weder überzeugen, noch für sich erwärmen, wiewohl
805 2995 2066 3050 erste Kräfte wie die Herren Kramer und Kutschera, sowie Frl. Erl
805 3026 2062 3112 ihre Kunst daran wendeten. — Um so freundlicheren Erfolg erzielte
801 3072 2063 3162 das Volkstheater mit dem Auftreten eines alten Künstlers der Bühne
809 3138 2055 3205 und stets gern gesehenen Gastes; Dr. Rudolf Tyrolt. Ihm zuliebe
809 3187 2063 3245 wurden aus dem Repertoire des Theaters einige ältere Stücke hervor¬
805 3236 2062 3285 geholt, so das Karlweissche „Grobe Hemd, in dessen Hauptrolle der
807 3283 2063 3350 Künstler von neuem glänzte. Dr. Tyrolt hat übrigens auch mit dem
809 3315 2062 3394 dieser Tage in Wien weilenden Direktor des Dresdner Residenz¬
807 3362 2062 3439 theaters, Herrn Karl Witt, eine Abmachung getroffen, danach er an¬
809 3409 2063 3502 fangs April ein 12 Abende umfassendes Gastspiel an seiner Bühne
799 3452 1118 3539 absolvieren wird.
