3436 4448
162 207 688 293 8. Freiwild
850 212 1258 302 box 14/2
1009 1184 2121 1255 Ausschweifungen verleiteten Soldaten, der, im Grunde ein
1008 1244 2118 1293 guter Kerl, nach und nach zum gefährlichen Desperado wird
1007 1285 2115 1340 gibt es fast in allen europäischen Armeen. Nicht minder
998 1329 2117 1386 natürlich ist in seinem Kameraden der gewissenhafte, fleißige
1007 1363 2111 1424 und strebsame Officier gezeichnet, der seine Verhältnisse in
998 1407 2118 1459 Ordnung hält und von der Würde seines Standes durch¬
1003 1441 2107 1518 drungen ist. Er entgegnet auf Paul's wegwerfende Bemer¬
1007 1484 2113 1547 kungen: „Bedenken Sie, daß das, was Ihnen ein Phantom
1000 1522 2107 1600 dünkt, für andere Menschen den ganzen Lebensinhalt aus¬
1004 1585 2111 1634 macht." Besonders lebendig wirkten auch die Scenen aus
1004 1615 2114 1676 dem Theaterleben, die fröhliche Verkommenheit, in der man
1005 1659 2104 1731 achtlos untergeht, und der kupplerische Schmierendirector er¬
1000 1703 1527 1758 regte Stürme von Heiterkeit.
1085 1738 2106 1808 Arthur Schnitzler hat mit diesem Schauspiel den Umkreis
1007 1787 2107 1851 seines Könnens bedeutend erweitert, und eine Wirkungskraft
1001 1840 2100 1889 erreicht, die er selbst in der „Liebelei“ noch nicht besessen.
1008 1878 2103 1942 Der Erfolg war laut und herzlich. Das Publicum, durch
996 1910 2106 1980 die bekannten Karlsruher Ereignisse erregt, schien zu lebhafter
994 1960 2104 2027 und demonstrativer Parteinahme geneigt, aber die vornehme
1000 1998 2107 2092 Objectivität des Stückes hielt das tendenziöse Für und Wider
993 2041 1245 2110 in Schranken.
1086 2087 2106 2170 Die Darstellung war über alles Lob vortrefflich. Herr
993 2125 2097 2196 Rittner spielte mit seinem hinreißenden Feuer und mit
997 2180 2100 2245 seiner vollendeten Natürlichkeit den Rönning. Herr Sauer
998 2231 2101 2290 gab mit schneidiger Echtheit den Karinski. Nur etwas mehr
994 2265 2104 2333 Verlumptheit und mehr Cognac wäre nöthig gewesen. Der
991 2307 2101 2375 schlichte Officier, den Herr Nissen spielte, hatte geradezu
998 2354 2096 2410 etwas Baumeisterliches und Herr Reicher übte starke
1003 2390 2099 2453 Wirkung in einer schweren Rolle. Die Anna Riedel gab eine
996 2429 2106 2492 junge begabte Anfängerin, Fräulein Trenner, und die
993 2481 2104 2552 Damen Eberty und Schneider waren in lustigen
993 2513 1366 2582 Episoden beschäftigt.
1075 2554 2094 2633 Es berührte wohlthuend, zwischen zwei Wiener Premieren,
990 2622 2092 2678 eine solche Vorstellung zu sehen, in welcher alle schau¬
993 2654 2108 2718 spielerischen Leistungen und die Regie sich auf einem Niveau
990 2698 2101 2756 befinden das wir leider nur ganz ausnahmsweise erreichen.
1969 2744 2072 2816 f. S.
