3484 4256
228 171 437 277 8. F.
914 167 1326 281 box 14/3
455 164 757 292 wild
669 1014 836 1102 —
1355 1014 2244 1106 ch
2269 1031 3190 1113 Sund der Deutschen Monat wurden. Es
338 1063 3197 1156 thums verdienten Männer niedergeworfen haben, und Boden zu erweitern, um die Arbeiter hat sich demnach im Fortgang der nationalen
349 1142 3201 1202 weil sie mit ihnen in Widerstreit gerathen organisationen für das jungczechische Staats= Kämpfe unwiderleglich herausgestellt, daß die
345 1188 3197 1266 waren wegen — nun ja, wegen der Anbringung rechtsprogramm verwerthen zu können, machten Czechen mit den Waffen, die sie gegen die
1316 1326 3190 1394 daran, durch die Erfüllung ihrer Pflichten sich den zu quittiren und sich in's Privatleben zurückzuziehen
523 1323 1170 1462 Feuilleton.
1309 1376 3197 1437 Lebensunterhalt zu erwerben. Das wird ihr aber nicht da die Untersuchung und sein Schuldenmachen zusammen
1316 1433 3197 1487 leicht gemacht. Nicht nur, daß ihre Gage wie die der ihn ohnehin dazu drängen würden. Karinski lehnt heftig
1316 1476 3197 1533 anderen äußerst gering ist, der Director gibt ihr auch ab, da des Kaisers Rock ihm allein Stellung und Hal¬
519 1451 1124 1561 „Freiwild."
1316 1529 3190 1586 noch die Entlassung, weil sie kein Publicum in's Theater tung gibt. Und weil man von Anna Riedel als eine
320 1529 1277 1600 Schauspiel in drei Acten von Arthur Schnitzler.
352 1561 3194 1654 Zum ersten Male aufgeführt am 27. November 1897 im zieht. Und als Anna Riedel den Director bittet, sie Unbezwinglichen spricht, setzt er sich in den Kopf, gerad¬
1316 1618 3197 1675 doch nicht mitten in der Saison brodlos zu machen, er sie zu gewinnen. An einer lustigen Tafel sitzt er mit
516 1625 1152 1696 Neuen deutschen Theater.
2276 1668 3204 1725 seinen Collegen und wettet, daß Anna Riedel heute mit
1323 1675 2248 1728 hält sie die Antwort, daß sie um die halbe Gage bleiben
452 1657 1291 1728 Mit dem Worte „Freiwild" werden die Dame
2272 1721 3194 1771 ihm soupiren wird. Am Nebentisch sitzt Rönning mit
1316 1721 2248 1778 könne. Jn dieser verzweifelten Lage findet Anna Riede
349 1703 1287 1782 vom Theater bezeichnet, die den Lebemännern dur¬
352 1760 3211 1828 ihre Stellung und durch ihre Nothlage preisge¬ einen ehrlichen Freund. Paul Rönning, ein junger seinem Freunde, dem Doctor. Karinski schickt zunächst
2269 1814 3201 1874 den Piccolo mit einer Einladung zu ihr, die kurzweg
356 1817 2244 1871 geben sind. Mit bitteren Farben schildert Schnitzler die Maler, der sich in guten Verhältnissen befindet und sein
356 1860 3201 1931 Verhältnisse an einer kleinen Sommerbühne. Der Di- Freiheit nicht einmal dem Streben nach künstlerischen abgelehnt wird. In der Erregung wettet er zwanzig
1326 1913 3201 1974 Erfolgen opfern will, interessirt sich für das anständige Flaschen Champagner, daß sie doch kommen werde. Er
352 1920 1302 1974 rector zahlt eine so geringe Gage, daß die weiblicher
352 1959 3201 2024 Mitglieder seines Theaters davon gar nicht leben können. Mädchen, und beabsichtigt sie aus dieser unwürdigen begibt sich in ihre Wohnung, findet sie aber verschlossen
1323 2002 3204 2066 Situation zu befreien. Fräulein Riedel und Paul treffen und kehrt verlegen zurück. Rönning, der aufgeregt dem
352 2020 1298 2073 Die Consequenz ist, daß die Damen den Rest an Zeit
359 2059 3204 2116 den ihnen ihre Thätigkeit frei läßt, dazu verwenden, sich auf den Spaziergängen, die der Arzt Paul verordnet Vorgange gefolgt ist, lächelt zufrieden, weil der Angriff
363 2109 3204 2173 Gunst für ihre Kunst zu gewinnen und mit den Habitués hat, und plaudern mit einander, ohne daß von einer mißlungen ist. Der aufgeregte Officier aber bemerkt das
359 2148 3204 2216 zu soupiren. Der Leiter des Kunsttempels sieht diese wirklichen Annäherung die Rede ist. Die ernste Schau= Lächeln, stellt Rönning heftig zur Rede, und als dieser
1326 2201 3201 2265 spielerin lehnt sogar mit Bestimmtheit den Antrag Pauls erst ausweicht, dann aber die Ehre Anna's ruhig und
356 2212 1302 2276 Verhältnisse als den regelmäßigen Zustand an und zieh
1326 2251 3211 2315 ab, daß er ihr aus seinen Mitteln über die Knappheit fest vertritt, gebraucht Karinski ein verächtliches Wort
359 2258 1302 2322 aus der geringen Besoldung nicht nur den Nutzen, da
363 2294 3133 2379 er weniger Geld auszugeben hat, sondern den weiteren, der halben Gage hinweghelfe. Da ein anderer Weg von Anna. In dem Momente springt Paulus
359 2315 3208 2415 daß die Damen den Kreis ihrer Verehrer als Publicum nicht durchführbar erscheint, will Paul abreisen und Anna und versetzt ihm in durfeige Mi. Muhe hatten die
2280 2397 3204 2450 Cameraden Karinski auf, sich auf Paul zu stürzen. Am
363 2400 2233 2457 in das Theater locken. Die eifrigsten Besucher seines mitnehmen, um sie in bessere Verhältnisse zu bringen.
1408 2436 3204 2500 Da erscheint der Oberlieutenant Karinski in dem nächsten Tage begaben sich die Cameraden Karinskis
359 2457 1309 2507 Hauses, namentlich die Officiere, sehen es sowie der Herr
2280 2496 3201 2550 als Zeugen zu Paul und fordern ihn zum Duell. Pau¬
363 2493 2255 2557 Director für selbstverständlich an, daß die Damen gar kleinen Garnisonsorte. Dieser Officier ist wegen seine
2280 2539 3208 2600 lehnt jedoch ab und stellt sich auf den Standpunkt, daß
359 2543 2258 2610 keine andere Pflicht haben, als das vergnügungslustige Lebensführung allgemein gefürchtet: er macht Schulder
2280 2589 3204 2646 er Karinski verdientermaßen gezüchtigt habe und keine
363 2600 2255 2664 Publicum auch außerhalb des Theaters zu unterhalten und lebt, trotzdem er keine Aussicht mehr auf die
359 2639 3208 2703 An dem kleinen Theater, das Schnitzler in die Nähe von Intervention seiner Verwandten hat, in flotter Weise Veranlassung habe, gegenüber einem solchen Menschen
363 2681 3204 2760 Wien verlegt hat, haben sich auch alle Schauspielerinnen weiter. Insbesondere legt er seinen ganzen Stolz darein, sein Leben auf's Spiel zu setzen. Die Freunde Paul¬
359 2728 3204 2799 und Sängerinnen dem allgemeinen Brauche längst gefügt den Damen gegenüber immer der Sieger zu sein, kommen, um ihm ihre Dienste für das Duell anzubieten
363 2777 3208 2852 und sind beim Director und bei den Zuschauern mit Karinski ist noch jetzt in Untersuchung, weil er einen und erfahren zu ihrem größten Erstaunen, was geschehen.
359 2834 3211 2905 Recht beliebt geworden. Nur eine junge Anfängerin, Civilisten, der ihn zufällig angestoßen, mit dem Säbel Sie können sein Verhalten nicht begreifen und reden
363 2877 3204 2955 welche die Liebhaberinnen spielt, Anna Riedel, widersetzt niedergehauen hat. Karinskis Jugendfreund und ihm zu, das Duell nicht zu vermeiden. Aber Paul bleibt
363 2923 3211 3001 sich der „Theaterordnung." Sie weist jede Annäherung Camerad, Oberlieutenant Rohnstedt, sucht vergeblich ab¬ fest; er gesteht der ritterlichen Austragung keinerlei
363 2973 3215 3094 der galanten Herren beharrlich zurück und denkt nur zumahnen und räth ihm ernstlich, lieber seine Charge Wirkung zu und weist mit Nachdruck darauf hin, daß
1348 3055 2333 3265 a
878 3069 1305 3322 nos
