3436 4256
173 163 272 246 8.
343 155 636 235 Freiwil
452 806 688 885 seaters Posta¬
453 863 622 936 Woche
478 912 675 973 auf dem
463 1006 677 1078 ner
467 1052 672 1120 das Pu¬
485 1103 675 1166 fehlen, wo
500 1151 677 1213 provociren
460 1199 676 1262 ouplets gar
463 1246 676 1308 Kugeln. Da
475 1293 681 1353 hen." Herr
470 1341 677 1400 importräts
467 1390 683 1453 und anderer
475 1437 684 1499 te acconis
475 1488 670 1547 Instrumente
473 1528 680 1596 merzienrath
511 1576 676 1638 Quantum
485 1624 673 1688 inen seinhu-
477 1672 680 1735 in erheitern¬
488 1721 676 1785 y mit seinen
503 1768 680 1830 vortheilhaft
492 1813 670 1875 theaters be¬
485 1861 683 1927 im Clavier,
493 1907 681 1970 nirte Herr
500 1959 680 2029 Nr. 88 füllte
500 2008 673 2072 enehm aus
500 2054 684 2121 eltener Un¬
536 2106 680 2162 nun bis
503 2144 677 2214 eten hatte
576 2199 657 2267 d.
508 2256 676 2318 des deut¬
511 2304 688 2366 veranstaltet
508 2350 684 2415 des deut¬
514 2404 692 2463 unden mit
512 2448 688 2515 alcher jetzt
518 2500 620 2566 den.
523 2554 687 2614 arran¬
519 2599 690 2664 burtsfestes
523 2649 690 2712 einslocale
526 2698 699 2763 ent, um
533 2748 691 2816 und Herr
550 2797 683 2859 vollkom¬
541 2842 696 2903 erträgen,
543 2893 695 2954 Obmann
547 2938 686 3002 ein drei
543 2987 701 3044 gen der
548 3029 698 3092 luß fand
547 3084 701 3146 er. Der
556 3128 701 3197 Zeitschrift
570 3184 702 3246 der In¬
555 3234 701 3296 tigungs¬
559 3282 702 3344 Cau¬
562 3329 701 3388 mußten.
562 3374 706 3438 beit nur
555 3423 694 3485 zung be¬
562 3474 706 3529 sen und
560 3517 705 3580 sely aber
566 3570 703 3625 en erleg=
569 3617 706 3679 de von
569 3665 706 3723 erhoben,
571 3713 710 3779 hiesigen
592 3756 707 3820 n
591 3807 709 3871 aten
584 3860 705 3919 ge ver¬
591 3906 703 3963 Com¬
600 3999 714 4062 ch das
603 4053 712 4116 Publi¬
875 158 1272 253 box 14/3
901 486 2007 687 Milcher Gene¬
2140 651 2561 725 30. November 1897.
1117 668 1267 739 - 7 -
1687 783 2602 845 Geburtstages eines verdienten Meisters — der Ver¬
1025 808 1322 897 Theater.
1690 837 2592 890 gessenheit anheimgegeben werden. Zum Glück hat Do¬
1684 876 2592 916 nizetti noch anderes Besseres geschrieben. Die Auffüh¬
791 874 1639 933 Neues deutsches Theater. „Freiwild.
1694 908 2595 959 rung war im allgemeinen recht würdig. Herr Davi¬
727 926 1642 977 Schauspiel in drei Acten von Arthur Schnitzler.
1702 952 2594 997 son (Herzog fand Gelegenheit, sein reiches gesang
729 964 1644 1022 Zum erstenmale. In der Natur des Menschen liegt
1694 989 2602 1040 liches Können zu voller Geltung zu bringen, und Herr
727 997 1639 1055 zu tiefst ein Kern kindlich unbefangenen Freiheitsgefühles,
1691 1029 2605 1076 Guszalewicz konnte in der Partie des Gennaro
727 1039 1638 1089 das einfach darnach strebt, sich auszuleben. Der Gegen¬
1691 1063 2599 1111 seine bedeutenden Stimmittel mit Erfolg handhaben.
724 1076 1644 1131 satz dieses Gefühles zu Gesetz und Herkommen ist die
1753 1110 2601 1170 te imposante Leistung bot auch Herr Sieglitz
729 1111 1642 1165 Tragik aller Zeiten. Wie nicht so bald Einer versteht
1753 1142 2599 1190 ben. Der „Massio des Frl. Carmain
729 1153 1648 1203 Arthur Schnitzler diese Tragik der Gegenwart. In seiner
1691 1181 2605 1230 war wohl eine annehmbare musikalische Darbietung,
724 1188 1643 1240 Liebelei zeigt er uns das elementare Gefühl der Liebe
1697 1219 2599 1272 doch hatte sich die jugendliche Sängerin in der Maske
732 1224 1651 1283 in der Freiheit, wie wir es täglich in unserer nächsten
1691 1256 2599 1302 vergriffen; der Schnurrbart in einem Mädchenantlitz
724 1267 1643 1312 Umgebung so zu sagen mit den Händen greifen können.
1699 1294 2605 1341 verstößt gegen das aesthetische Gefühl. Die Titelrolle
724 1302 1647 1357 Klingt es nicht wie ein Echo des großen Aufschreies der
1705 1331 2599 1382 führte Frau Claus-Fränkel mit großem dar¬
729 1339 1643 1400 zu widernatürlicher Enthaltsamkeit verurtheilten ledigge¬
1705 1366 2607 1422 stellerischem Verständnisse durch, während der gesang¬
724 1383 1638 1430 bliebenen Mädchen zu uns herüber, wenn der alte Mu¬
1691 1409 2607 1463 liche Theil ihrer Leistung bisweilen unter dem Mangel
739 1418 1651 1473 siker bedauert, seine ledige Schwester so gut bewacht zu
1691 1452 2611 1496 reiner Intonation zu leiden hatte. Die Aufgabe des
732 1460 1642 1517 haben, daß sie gar nichts vom Leben genießen konnte
1702 1496 2609 1559 Orchesters war nicht groß, aber ihre Ausführung immer¬
739 1495 1647 1545 — Mit dieser einzigen Bemerkung eröffnet uns der Ver¬
2478 1522 2573 1573 V. J.
1702 1530 2037 1585 hin zufriedenstellend.
735 1534 1638 1591 fasser die ganze tragische Größe und Tiefe des Liebes¬
1771 1552 2621 1625 Königliches deutsches Landestheater. In der
729 1574 1642 1625 lebens und der damit eng verbundenen modernen Frauen¬
1705 1607 2614 1677 vorgestrigen volksthümlichen Vorstellung trat Signora
739 1609 1640 1665 frage. In seinem jüngsten Schauspiele „Freiwild com¬
1705 1650 2616 1705 Helene Teriane zum dritten und letztenmale als
727 1662 1651 1703 binirt Schnitzler die Frauenfrage mit dem äußeren Be¬
1697 1692 2617 1745 „Aida" in Verdi's gleichnamiger Oper auf. Sie hätte
734 1687 1650 1749 griff der Mannesehre und theilt hiebei die Letztere in
1699 1723 2616 1782 gut daran gethan, diese Partie beim ersten Debut die
729 1721 1643 1786 zwei, einander beinahe feindlich gegenüberstehende Fac¬
1702 1761 2611 1815 „Carmen" hingegen gar nicht zu singen. Die Vorzüge
732 1768 1653 1816 toren: in die bürgerliche und in die Officiersehre. Die
1702 1798 2610 1849 ihrer Charakterisirung im Vortrag und in der Dar¬
742 1802 1643 1863 Frauenfrage erörtert er in einem köstlichen Milieu, an
1712 1835 2620 1893 stellung traten diesmal noch schärfer zutage, und wenn
729 1839 1644 1896 einem Sommertheater Das ganze lustige Elend des
1702 1875 2621 1927 das Tremoliren der Stimme nicht gewesen wäre, hätte
732 1883 1646 1940 Schauspielerinnenstandes sehen wir da mit grellen
1705 1914 2616 1966 ihre Leistung als eine vollkommene gelten können. Auch
735 1918 1642 1967 aber naturwahren Farben aufgetragen. Der gewissenlose
1705 1952 2620 2003 ihr Exterieur fesselte diesmal durch Eigenart, nament¬
732 1956 1648 2007 Theaterdirector, der die Gagen im Handumdrehen auf
1702 1989 2618 2039 lich der in egyptischer Manier zugerichtete Kopf. Als
729 1993 1647 2047 50% heruntersetzt und der die weiblichen Mitglieder sei¬
1705 2028 2616 2083 Aspirantin für das Fach der Altistin versuchte sich
729 2037 1651 2088 nes Theaters nur als Freiwild betrachtet, das er den
1709 2066 2616 2122 gestern Frl. Louise Köhler aus Straßburg, die noch
732 2069 1650 2125 L bemännern seines Publicums zur Verfügung hält, ist
1697 2099 2617 2158 vor zwei Jahren der Wiener Hofoper als Choristin
739 2107 1653 2166 genau nach dem Leben gezeichnet. Die Frage des
1703 2143 2624 2194 angehörte. Es ist immerhin eine Errungenschaft, es in
739 2144 1655 2206 äußeren Ehrbegriffes condensirt der Verfasser zu
1702 2190 2616 2236 so kurzer Frist bis zum Gastspiel am deutschen Landes¬
739 2180 1651 2239 einem concreten Fall. Ein Officier erhält, natür¬
1695 2219 2617 2272 theater in Prag gebracht zu haben. Ihr erstes Debür
735 2231 1659 2280 lich wegen einer Frau, von einem Bürgerlichen
1697 2256 2622 2313 machte keinen ungünstigen Eindruck. Anfangs irritirte
735 2263 1651 2311 einen Schlag ins Gesicht. Er fordert diesen zum Duell.
1712 2296 2617 2349 sie eine im Publicum plötzlich ausbrechende Heiterkeit,
735 2300 1643 2357 Da ihm aber der Bürgerliche diese, nach dem Ehren
1705 2334 2624 2383 die einer auf der Bühne sichtbar gewordenen Katze galt,
735 2337 1640 2390 coder unumgänglich nothwendige Genugthuung ver
1702 2374 2625 2422 während die Sängerin das Lachen auf sich bezogen
735 2377 1654 2426 weigert, schießt er ihn, das bürgerliche Freiwild, auf
1705 2410 2621 2458 haben mochte. Allein so schlimm war ihre Leistung
735 2408 1655 2465 offener Straße über den Haufen. Der Fall ist richtig
1701 2448 2625 2499 keineswegs; vielmehr machte ihre klangvoll, in
735 2454 1642 2499 aufgestellt, ja er entspricht ganz und gar den thatsäch¬
1712 2481 2624 2537 allen Lagen gleichmäßig ansprechende Stimme, ihre
734 2489 1647 2544 lichen Verhältnissen unserer mitteleuropäischen Militär¬
1717 2529 2624 2576 stattliche Figur, ihr angemessenes Spiel einen guten
742 2535 1657 2585 staaten. Beweis dessen die packende Wirkung der Pre¬
1709 2566 2622 2610 Eindruck. Was wir noch vermissen, ist eine vorneh¬
745 2568 1651 2622 miere auf das Publicum das in geradezu demonstra¬
1702 2595 2621 2653 mere Ausdrucksweise, eine höhere dramatische Ge¬
745 2602 1657 2658 tiver Weise Beifalls Aeußerungen und Ausrufe des
1717 2636 2624 2697 staltungskraft. Der Gesang klingt bei aller Glätte doch
742 2653 1658 2699 Mißfallens ogab. Und doch haben sich in die drama¬
1709 2679 2622 2734 zu nüchtern und farblos. Auch schien uns die Into¬
747 2680 1655 2734 tische Ausführung dieses Falles ein ge Constructions¬
1709 2712 2621 2765 nation nicht ganz sicher, weshalb wir behufs Feststel¬
750 2719 1653 2775 fehler ein geschlichen. Der gemaßregelte Officier, insbe¬
1714 2754 2622 2813 lung unseres Urtheils noch weitere Leistungen der Dame
747 2757 1657 2813 sondere der sein vermittelnder Kamerad Rohnstedt
1712 2798 2633 2840 abwarten wollen. Herr Elsner sang zum erstenmale
745 2794 1653 2859 sind theilweise zu bürgerlich gerathen, während der bür¬
1714 2830 2628 2879 bei uns den Rhadames mit glänzendem Gelingen. Die
745 2831 1659 2889 gerliche Paul Rönning, der sich rühmt betreff des Zwei¬
1712 2868 2624 2919 Partie liegt ihm vorzüglich, und im Spiel weiß er ja
750 2868 1665 2927 kampfes eine lediglich menschlich freie Anschauung zu
1717 2905 2631 2959 wie kaum ein anderer, seinen Mann zu stellen. Statt
753 2908 1659 2965 haben, durch eine totale Umkehr zum militärischen Tap¬
1710 2943 2624 2998 des unpäßlich gewordenen Herrn Gärtner über¬
750 2945 1659 3004 ferkeitsgefühl die Katastrophe über sich heraufbeschwört.
1712 2981 2632 3028 nahm der Regisseur Herr Ehrl unvorbereitet die Par¬
753 2985 1655 3037 Der Constructionsfehler bei den Officieren ist technischen
1717 3017 2633 3073 tie des Königs, den er zuvor nie bei uns gesungen
750 3022 1665 3081 Natur, und hat nur den Zweck, dramatische Aufschub¬
1717 3069 2627 3112 hat, da er stets die Rolle des Priesters Ramphis inne¬
750 3062 1657 3116 momente zu erzielen. Dagegen ist der Constructions¬
1714 3096 2625 3150 hatte. Für das rasche Einspringen und die correcte
757 3099 1658 3156 fehler im Charakter des Paul Rönning letaler Natur
1717 3128 2625 3187 Durchführung der Partie gebührt ihm specielle Aner¬
747 3138 1662 3199 Aber er ist symptomatisch für die Auffassung des
1714 3171 2628 3223 kennung. Herr Hunold als „Amonaro", Herr
750 3173 1655 3230 äußeren Ehrbegriffes in der bürgerlichen Gesellschaft
1716 3206 2629 3268 Sieglitz als „Ramphis, und Frl. G. v. Rut¬
753 3216 1662 3264 Auch sie muß dem Geiste der männlichen Tapferkeit,
1709 3248 2628 3296 tersheim als Priesterin hinter der Scene waren
747 3253 1668 3308 der Majorität des natürlichen Gewaltrechtes Rechnung
1717 3286 2629 3345 zufriedenstellend. Chor, Orchester und Dirigent Herr
750 3300 1665 3353 tragen. Die Wiedergabe der Novität war gut, wenn
1713 3324 2627 3401 Schalk gaben keinen Anlaß zu besonderen Bemer¬
753 3327 1668 3388 auch nicht ganz textfrei. Trefflich war Herr Tauber
1720 3373 1846 3423 kungen.
747 3367 1662 3422 als Oberlieutenant Karinski, der mit dem Revolver
747 3407 1672 3459 die letzte Position seiner Officiersehre vertheidigt. Die
753 3447 1669 3499 Gestalt des Oberlieutenants Rohnstedt ist verfehlt; die
1767 3447 2577 3532 Volkswirthschaftliches.
760 3478 1668 3536 Proposition eines Scheinduells macht kein Officier. Herr
757 3522 1672 3574 Reucker that sein Bestes in der undankbaren Aufgabe.
1794 3521 2635 3585 Prager Productenbörse, 30. Nov. (O.-B.) Mit
762 3561 1672 3613 Als Paul Rönning wußte Hr. John zu interessieren,
1724 3573 2636 3627 Rücksicht auf den starken Rückgang in Weizen auf dem
757 3603 1666 3656 doch war er in dieser interessanten Rolle nicht über¬
1724 3614 2631 3667 New-Yorker Markte, sowie auf die schwächeren Mel¬
757 3631 1665 3695 zeugend genug. Am besten gelang ihm noch die Liebes¬
1712 3646 2632 3697 dungen, die von allen continentalen Getreideplätzen
758 3671 1665 3727 scene. Das wäre eine Aufgabe für unseren immer noch
1713 3690 2633 3748 einliefen, zeigte heute auch der Handel an der hiesigen
762 3710 1675 3770 fehlenden Heldenliebhaber gewesen. Köstlich führte Herr
1720 3728 2628 3785 Productenbörse im Großen und Ganzen abgeschwächte
760 3749 1668 3801 v. Wymetal die Figur eines harmlosen Lebegigers
1720 3765 2635 3823 Haltung, die sich aber in Mahlgetreide nicht in einem
760 3787 1668 3841 in Uniform durch In der Carricatur eines bürgerlichen
1714 3814 2642 3859 Rückgange der Preise äußerte. Böhm. Weizen
760 3825 1673 3875 Ehrenfegen wußte sich Hr. Löwe von seiner besten
1720 3838 2638 3895 sehr mäßig gehandelt, verzeichnet fl. 12.70 als Höchst¬
765 3862 1673 3917 Seite zu zeigen. Aus dem Sommertheater=Milieu, dem
1724 3875 2638 3928 cours für 77 kg. schwere Ware. Ein Posten deutsch.
762 3899 1668 3958 Hr Zeisler als Theater-Pascha und Seelenverkäufer
1724 3922 2639 3972 Weizens wurde mit fl. 12.25, eine Partie amerik.
761 3937 1668 3995 bestens vorstand, hob sich Frl. Fasser als Liebhaberin
1724 3956 2636 4013 Kansas mit fl. 13.10, Alles transito, gehandelt.
760 3976 1673 4028 Anna Riedel, die die Verbindung der beiden Arten
1723 3992 2636 4058 Korn hatte gleichfalls nur schwachen Verkehr und löste
760 4014 1673 4073 von Freiwild in dem Stücke zu bewerkstelligen hat, sehr
1720 4032 2635 4086 allerdings als Ausnahmspreis, fl. 9.80 als Höchsteurs
768 4053 1675 4108 wirksam hervor. Ein gelungenes Gegenstück hierzu bot
1727 4069 2633 4127 für 73/74 kg Qualität. Auf dem Gerstenmarkte war
765 4087 1668 4154 Frl. Moller als Soubrette Pepi Fischer. Die Aus¬
2359 4108 2639 4164 dennoch wickelte
1812 4106 2308 4169 ne
