3436 4256
235 146 358 235 8.
404 142 723 224 Freiwil
939 139 1352 255 box 14/3
2209 216 2549 326 Telefon 1911.
1933 306 2763 410 Unternehmen für Zeitungs-Ausschn.
2091 399 2663 520 „OBSERVER
1671 472 3092 600 1. österr. behördl. concess. Bureau für Zeitungsberichte und Personalnachrichte.
1974 559 2809 682 Wien, IX. Türkenstrasse 17.
1854 666 2877 764 — Filiale in Budapest: „Figyel“, VIII. Josefsring 31 a.
851 750 1195 846 Telefon 12801.
572 819 1480 930 Unternehmen für Zeitungs-Ausschnitte
1806 828 2130 932 chnitt aus:
2196 818 2839 955 Wiener Abendpost
1557 844 1744 949 Ausschnitt
1535 930 1621 1021 Nr.
739 926 1293 1038 OBSERVER
1999 965 2253 1085 vom
303 1022 1735 1108 1. österr. behördl. concess. Bureau für Zeitungsberichte und Personalnachrichten
2198 1019 2287 1103 2
613 1083 1436 1183 Wien, IX/ Türkenstrasse 17.
1958 1117 2957 1236 Im Carl-Theater wurde gestern zum
533 1186 1502 1272 — Filiale in Budapest: „Figyelö", VIII. Josefsring 31 a.
1943 1211 2955 1295 ersten Male aufgeführt: „Freiwild“, Schauspiel
1945 1270 2955 1352 in drei Acten von Arthur Schnitzler. Das Stück
1954 1302 2946 1402 hatte sehr guten Erfolg, es brachte dem Wiener
296 1341 750 1430 Ausschnitt aus:
844 1307 1430 1450 Wiener Tagblatt
1943 1363 2946 1445 Dichter, den Darstellern und Director Jauner, der
1947 1421 2946 1486 uns mit dem neuen Werke des Autors von „Liebelei¬
1945 1454 2382 1527 bekannt machte, Ehren.
901 1437 1284 1585 5. FEB. 1898
1991 1503 2950 1582 Das Schauspiel erweckt im ersten Acte durch das
615 1498 753 1589 vom
1936 1550 2943 1633 treffende Genrebild: Schauspielerleben in kleinen
1936 1605 2943 1683 Badeorten Oesterreichs, heiteren und betrübenden Ein¬
581 1607 1493 1733 (Carl-Theater.) Einen der tiefen Konflikte, die
1936 1642 2950 1722 blick in das Revier des „Freiwildes", der jungen
484 1665 1489 1771 aus unseren gesellschaftlichen Zuständen und Anschauungen
1934 1708 2944 1787 Frauen vom Theater, erörtert in den folgenden Auf¬
481 1721 1493 1836 entspringen, jenen zwischen ritterlichen und bürgerlichen
1929 1753 2941 1829 zügen in Rede und Gegenrede die Duellfrage, welche
483 1774 1484 1872 Ehrbegriffen, behandelt Arthur Schnitzler in seinem
1938 1804 2953 1885 so alt ist und doch wohl ewig neu bleibt, und übt
481 1817 1477 1917 dretaktigen Schauspiel „Freiwild, das gestern hier
1924 1861 2941 1940 durch die bewegten Scenen, welche von der gering¬
481 1860 1482 1958 zum erstenmale aufgeführt wurde. Er behandelt den Kon¬
1931 1906 2941 1986 fügig scheinenden Ursache bis zum traurigen Ende
477 1908 1482 2000 flikt, aber er vermeidet das vergebliche Beginnen, den
1934 1954 2937 2036 führen, starke Wirkung. Der Autor will nicht be¬
472 1958 1477 2057 Versuch einer Lösung zu unternehmen, ja er läßt seinen
1924 2011 2932 2084 weisen, nicht lehren, er läßt die Vorgänge wirken.
468 2007 1473 2104 bürgerlichen Helden sogar eine arge Inkonsequenz begeben.
1920 2052 2936 2132 Mit Recht, denn die Frage ist individuell, und Jeder
463 2041 1464 2146 Durch die beweist er aber, daß ein Mann, der das Duel
1924 2111 2934 2184 muß mit sich über sein Thun und Lassen ins Reine
463 2089 1466 2189 grundsätzlich verhorreszirt, wenn er kein Feigling ist, seinem
1924 2152 2088 2227 kommen.
463 2152 1464 2234 „ritterlichen Gegner zum Opfer fallen muß, daß er für
456 2194 1461 2282 diesen — Freiwild ist, ebensogut Freiwild, wie die kleine
1963 2180 2934 2287 Man kann in dem einzelnen Falle des Stückes
460 2232 1459 2326 Schauspielerin für das Unterhaltungsbedürfniß hoch¬
1920 2241 2934 2337 Schnitzlers Manches für und gegen vorbringen, aber
460 2284 1454 2385 fahrender Gecken. Lieutenant Karinski spricht unziemlich
1920 2294 2930 2378 nur für den Autor werden wohl Alle sein, die man
451 2330 1448 2428 von der Naiven Anna Riedel. Der Zivilist Paul Rönning
1929 2351 2927 2424 fragt: war er mit Herz und Geist bei der Sache?
449 2387 1450 2485 ist darüber empört und ohrfeigt ihn. Die Genugthuung
1844 2424 2925 2487 200 So klug und fast weise hat der Dichter die Dialektik
447 2422 1448 2528 mit den Waffen verweigert er aber, unter allen Umständen.
1845 2458 2928 2529 500 geführt, Gründe und Gegengründe der Denker beider
445 2487 1446 2574 Es fällt ihm nicht ein, sein Leben aufs Spiel zu setzen,
1829 2501 2927 2574 1000 Parteien erhellend vorgebracht, daß man rasch, von
438 2531 1448 2618 weil er einen Buben gezüchtigt hat. Seine Freunde
1886 2536 2923 2624 dem was auf das wie übergehend, dem Dramatiker
1819 2545 1918 2634 lonne
433 2556 1448 2668 wenden sich von ihm und er will mit Anna Riedel,
1813 2622 2918 2688 und seinen Menschenfreund die Hand drücken wird,
433 2617 1427 2713 die in dieser schweren Stunde seine Braut geworden
1913 2667 2923 2731 nachdem man ihm Zeichen des Beifalls gegeben.
433 2658 1437 2766 abreisen. Allein er bleibt, wie er erfährt, daß Karinski
1910 2709 2925 2779 Arthur Schnitzler ist, wie er der Erste war, der das
433 2699 1437 2811 dies als Flucht auffassen müßte. Beim ersten
1904 2754 2930 2829 moderne Wiener Gesellschaftsstück in Stoff und
429 2748 1434 2859 Zusammentreffen der Beiden thut der Lieutenant, was er
1915 2805 2921 2895 Sprache gestaltet, auch der Beste, Allen, die ihm
429 2800 1484 2893 von seinem Standpunkte aus muß, er nimmt sich selber 50
1904 2854 2918 2934 nacheitern, Vorbild in der vornehmen Art anzu¬
429 2845 1429 2943 Satisfaktion und schießt Rönning nieder. Auf all das
1541 2864 1683 2925 inclusive
1566 2912 1674 2946 Porto.
426 2900 1427 2994 wird noch näher einzugehen sein. Das Stück ist mit einer
1911 2900 2919 2998 schauen und wiederzugeben. Welchen Stoff immer
1544 2937 1682 2980 Zahlbar
1527 2959 1699 3032 im Voraus.
1913 2957 2649 3026 Schnitzler anfaßt, er thut es literarisch.
422 2946 1434 3039 enormen Geschicklichkeit gemacht; trotzdem man weiß, was
1954 3005 2916 3087 Gespielt wurde „Freiwild vortrefflich, man sah
326 3000 1737 3099 nothwendig kommen muß, läßt die Spannung keinen schnitte ist das
415 3028 1737 3144 Augenblick nach, man nimmt persönlichen Antheil an den auch steht es den
1908 3048 2911 3133 fast durchwegs Menschen und nicht Rollengeber. Herr
314 3076 1644 3180 Abon Vorgängen auf der Bühne. Nur will es nicht recht passen, zu ändern.
1906 3112 2914 3185 Klein, der von uns schon vor Mitterwurzers Ab¬
312 3139 1409 3231 Abo daß auf dieses förmlich aus dem Leben gerissene Bild
1897 3160 2912 3237 leben und dringender nach dessen Tode als reif für
406 3181 1409 3269 ohne jeden zwingenden Grund, des theatralischen Kon¬
1897 3206 2896 3283 das Burgtheater bezeichnet wurde, war so einfach
406 3229 1407 3327 trastes wegen Komödiantentypen aus den „Fliegenden
1897 3245 2907 3331 wahr und bezwingend, daß man seine Freude an dem
408 3270 1404 3374 Blättern geklebt sind. Gespielt wurde von Herrn
1895 3292 2905 3381 Manne und seiner Art hatte. Und wie ist Klein
399 3308 1411 3408 Klein, der den Zivilisten, Herrn Reusch, der den
1911 3351 2900 3431 jedes Wortes mächtig, dadurch frei, auf der Bühne
403 3361 1400 3456 Lieutenant, und Herrn Korff, der einen Dutzendkerl aus
1913 3402 2902 3473 Herr. Das sonst Selbstverständliche fällt heute Jedem
397 3402 1391 3509 der guten Gesellschaft gab, mit solcher Vollendung, daß
1908 3457 2911 3541 auf, weil es .... so selten geworden ist. Außer diesem
399 3459 1395 3552 man bedauert, in einer an Lobesworten so armen Sprache
1915 3504 2955 3600 Künstler zeichneten sich die Damen Sangora und
392 3514 1388 3591 zu schreiben. Alle Anderen haben nur Episodenrollen. Herr
390 3538 1393 3643 Casta spielte die seine, die eines eifersüchtigen Komikers,
1922 3566 2932 3630 Glümer und die Herren Reusch, auch ein erster
390 3593 1393 3694 im richtigen Tone. Die Aufnahme des Stückes war eine
1917 3596 2934 3698 Künstler, Korff, Meyer=Eigen und Czasta
388 3644 1391 3787 rauschende, Schuttler wurde ungezählemale gerufen:
1917 3653 2936 3726 aus. Man glaubte in dieser Schar nur von der
394 3685 723 3780 großer Erfolg.
1920 3701 2937 3785 Sache erfüllte Menschen an Ort und Stelle, und
1234 3726 1341 3801 —
1910 3767 2925 3849 nicht Schauspieler, die sich dem Publicum aufdrängen,
1913 3792 2376 3903 zu sehen und zu hören.
2985 2308 3133 2367 inclusive
3010 2355 3119 2390 Porto.
2996 2380 3131 2422 Zahlbar
2971 2398 3155 2462 im Voraus.
2960 2469 3199 2542 itte ist das
2957 2524 3203 2583 steht es den
2957 2561 3101 2645 andern.
