3436 4448
235 193 728 315 8. Freiwil
923 207 1331 307 box 14/3
517 1238 1164 1317 sen. — Die diesjährige mündl.
512 1310 1164 1363 Montag, den 29. März, ihren Anfang
1252 1279 1572 1370 en die schriftliche
512 1349 898 1407 kurze Zeit vorhergehen.
512 1451 1576 1516 ehrendes Wort entgegen und erhält natürlich am
515 1506 1567 1560 nächsten Tage die Forderung zum Duell. Wird er sie
513 1549 1567 1609 annehmen? Er thut es nicht, denn er hat recht gethan,
515 1592 1567 1649 wie er sagt. Mit demselben Rechte, mit welchem Karinsky
517 1636 1567 1689 dem Mädchen die Ehre abgesprochen, habe er sie jenem
517 1684 1567 1736 genommen. Aber der Oberlieutenant Karinsky kann, ohne
520 1722 1569 1772 Genugthuung zu erhalten, des Kaisers Rock nicht länger
520 1766 1569 1815 tragen. Da Rönning sie ihm hartnäckig verweigert, will
524 1813 1567 1867 er sie sich selbst verschaffen. Er sucht seinen Gegner auf
520 1854 1576 1907 und, als dieser auch jetzt noch auf seinem Entschluß ver¬
520 1903 1569 1956 harrt, knallt er ihn nieder. An der Leiche jammert die
517 1942 1567 1992 arme Anna Riedel, um die das Alles geschehen und die
524 1983 1569 2039 nun mit dem Freunde und Verlobten auch das Glück
517 2032 1015 2105 ihres Lebens verloren hat.
604 2054 1579 2141 Es ist scheinbar nichts Neues, was uns hier geboten
517 2105 1576 2171 wird. Die Zahl der Stücke, in denen das Duell eine
517 2164 1576 2217 Rolle spielt, ist Legion. Und wo es sich um das Duell
524 2209 1576 2264 handelt, da handelt es sich immer auch um den Begriff
527 2253 1576 2300 der Ehre. Aber man steht hier doch vor einem neuen
527 2294 1572 2350 Problem. Die Frage, ob man eine Duellforderung ab¬
529 2342 1572 2395 lehnen darf, wenn man aus Eltern oder nahe Angehörige
520 2379 1576 2438 Rücksicht zu nehmen hat, ist auch in dramatischer Form
529 2429 1576 2483 schon vor Schnitzler behandelt worden, — ob man sie
524 2468 1580 2524 aber auch aus dem Grunde ablehnen darf, weil man
520 2516 1589 2562 das Leben so schön findet, weil man das Leben so gern
524 2552 1576 2612 in vollen Zügen genießen möchte, das ist das Neue an
524 2601 1580 2661 dem Drama und das ist es, was dem Stück immerhin
520 2645 1576 2700 ein ganz besonderes Interesse verleiht. Der Verfasser
520 2689 1579 2734 bejaht augenscheinlich die Frage, sonst hätte er Paul
520 2729 1584 2790 Rönning nicht mit so idealen und sympathischen Zügen
524 2777 1591 2828 ausgestattet. Wenn man aber sein Werk als litterarisches
524 2822 1581 2870 Object beurtheilen will, so ist die Hauptbedingung die,
524 2866 1584 2918 daß man gänzlich davon abstrahirt, ob man nun jene
524 2902 1588 2958 bejahende Antwort des Verfassers unterschreiben will oder
520 2949 1589 3015 nicht. Ja, hat der Dichter nur die Ausgabe, die er sich
1673 1240 2733 1318 Gustav Wesipyn, mit Frl. Elisabeth Karnatz, St. Pauli-Eilbeck.
1678 1307 2536 1351 Willy Hüde mit Frl. Alice Arm, Hamm-Billwärder.
1673 1347 2617 1391 Max Nusbaum mit Frl. Elf Schulz, Hamburg=Altona.
1674 1458 2728 1523 selbst gestellt hat, glänzend gelöst, so erfordert es die
1673 1506 2725 1559 Gerechtigkeit, daß man auch für den Fall, daß man hin¬
1681 1549 2725 1603 sichtlich der Tendenz des Stückes anderer Ansicht ist,
1685 1593 2728 1644 seinem Werke immer seinen Werth beläßt. Leider kann
1677 1643 2725 1702 ich aber nicht behaupten, daß Arthur Schnitzler seine
1678 1684 2202 1742 Aufgabe glänzend gelöst hat.
1761 1722 2732 1786 Paul Rönning könnte der Sohn des Grafen Trast
1673 1769 2729 1821 aus Sudermann's „Ehre sein. Dieser sah nicht ein,
1676 1810 2725 1861 warum er sich einiger „Dummheiten" wegen eine Kugel
1673 1858 2733 1913 durch den Kopf schießen sollte. — Paul Rönning sieht
1673 1895 2730 1952 nicht ein, warum er, da er recht gehandelt, auf das Leben
1673 1944 2729 1994 verzichten sollte. Auch das Geld hat Paul vom Grafen
1685 1988 2728 2036 Trast geerbt. Aber dieser war alt und Paul ist
1685 2030 2725 2085 jung. Und so hat Paul Rönning in seinen Adern doch
1681 2076 2725 2121 auch einen Tropfen vom Binte desjenigen, der innerhalb
1681 2120 2725 2175 der letzten zwanzig Jahre den allergrößten Einfluß auf
1681 2161 2733 2208 die Ingend ausgeübt, — von Friedrich Nietzsche. Wenn
1678 2206 2734 2254 Paul die Welt so schön findet, wenn er rücksichtslos über
1681 2248 2730 2298 die Häupter der andern hinwegschreitet, so ist das Nietzsche's
1681 2289 2737 2351 „Freude und Wille zum Leben" ensowohl wie Nietzsche's
1688 2331 2733 2389 „Grausamkeit. Nur das Schaffen-Wollen der Nietzsche'schen
1678 2381 2734 2435 Philosophie fehlt ihm, da er selbst bekennt, daß er nur
1678 2422 2737 2474 genießen will. Darin aber liegt der Hauptfehler dieser
1681 2464 2730 2516 und der meisten übrigen Figuren dieses Stückes. Wenn
1681 2508 2733 2558 auch in anderm Sinne, so wollen doch auch die Schnitzler¬
1697 2556 2737 2615 schen Officiere und Schauspieler kaum etwas anderes als
1690 2597 2730 2651 „genießen — jeder auf seine Art. Man hört, wie Paul
1685 2643 2725 2692 Rönning von der Schönheit des Lebens spricht; man hört,
1688 2687 2730 2740 wie die Officiere von Sekt und galanten Abenteuern sich
1688 2733 2733 2780 unterhalten, und man bekommt auch einen Blick in das
1693 2772 2733 2824 Leben und das Herz der Mitglieder des Sommertheaters.
1697 2817 2737 2863 Auf keiner Seite ein ernstes männliches Wollen. So hat
1688 2858 2737 2911 Schnitzler auch keine Individuen von Fleisch und Blut
1693 2906 2733 2963 geschaffen, sondern gewisse schablonenhafte Typen der
1685 2947 2741 3023 menschlichen Gesellschaft, an denen man im Leben kalt
2825 1337 3243 1404 Montark is
2828 1447 3280 1512 und interesselos vorüber
2825 1498 3266 1555 nun gar auf der Bühne
2921 1547 3278 1600 Die einzige Gestal¬
2834 1585 3268 1648 greift, ist Anna Ried
2834 1628 3342 1697 Verhältnissen heraus, die sie
2834 1677 3320 1729 da sie verdienen muß, um
2830 1716 3352 1772 dieser Figur, die freilich v.
2830 1764 3341 1818 warmes Leben zu verleihen.
2842 1813 3342 1866 schien sie sich bei dem er
2837 1847 3328 1901 ebensowenig zu fühlen, wie
2830 1897 3368 1956 Paul Rönning bei dem ewi¬
2834 1936 3354 2002 rung. Insofern aber war
2834 1978 3338 2034 bevorzugt, als sie von dem
2837 2023 3364 2080 typisch österreichische Person
2834 2068 3358 2131 aber der Fall bei den Zient
2834 2113 3361 2168 Rohnstedt (Hr. Hallenstein
2840 2164 3361 2212 Allen drei Herren merkte na
2834 2200 3352 2252 Dialect und Wesen nicht so
2842 2246 3364 2306 sie sich aber nach Kräften her
2840 2286 3361 2339 machen, was zu machen wär,
2830 2335 3361 2385 bei den Herren Bozenhar
2830 2374 3368 2437 werden, welche den „Ehrenico
2837 2418 3358 2472 treten hatten. Indem ich z
2842 2462 3366 2524 spielertruppe des Sommerthea
2842 2507 3360 2562 spielte den Director Schne¬
2840 2550 3361 2600 gisseur Finke, Frl. Engl die
2840 2590 3361 2648 Frl. Schäffer die zweite Li
2840 2635 3329 2699 indem ich aller dieser und
2840 2688 3350 2732 Director Adolf Steinert
2840 2728 3364 2785 zugleich darauf hinweisen, 1
2840 2778 3302 2840 lebige Schauspielertruppe
2840 2812 3353 2866 im „Wilhelm Meister" ein
2830 2854 3354 2917 wegs unter allen Unständ¬
2837 2898 3354 2959 das aber keineswegs so leicht
2830 2942 3289 3011 übertroffen werden kann.
