3436 4128
195 128 318 222 8.
366 125 678 221 Freiwil
886 111 1289 214 box 14/2
2671 498 3092 570 26. November 1896.
1865 524 2435 606 renden Blatt.
1253 524 1656 599 Wien, Donnerstag
785 542 986 613 Seite 14.
2158 580 3347 650 gab sie ihm auch Lose und Promessen, welche die Lottokollektantin zum ko
738 614 2113 691 decken sah: Sophocles' „Antigone" und Shakespeare's „Sommernachts¬
2153 621 3351 684 weisen Verkaufe übernommen hatte. Diese Effekten machte Guttman
2153 661 3349 722 und verspielte dasselbe. Als die Opischka diese Entlehnungen aus der
748 652 2110 734 traum“. Wenn ein Verlustspiel an solcher Stelle frenetisch beklatscht
2160 690 3345 755 Dienstgeberin nicht länger verheimlichen konnte, gestand sie dieser ihr
751 698 2115 779 wird unterm Eindrucke solcher Erinnerungen, dann muß es gut sein.
2153 743 2841 811 ein. Frau Jaechel erstattete die Anzeige.
760 738 2107 823 Ich für mein Theil habe daran freilich nur die Geschicklichkeit Koppel¬
2274 750 3349 833 Opischka und Guttmann hatten sich daher gestern vor dem Schn
748 799 2122 868 Ellfeld's — in der Verarbeitung Halm'scher Wildfeuerideen bewundern
2160 808 3345 871 dem Landesgerichtsrath v. Stourzh präsidirte, wegen Verbrechens
2160 842 3349 917 stahls, respektive der Diebstahlstheilnehmung zu verantworten. Die
751 842 2113 926 können. Die Renaissancemaskerade der Dichter selbst ist Plunder,
2166 881 3363 957 geklagten wiederholten bei der gestrigen Verhandlung das schon in
751 893 2122 963 aber der Regisseur that dafür sein Bestes. — Noch viel süßer ist die
2168 931 2894 987 suchung abgegebene reumüthige Geständniß.
758 933 2120 1011 „goldene Eva. Ihre Heiratsgeschichte soll auch im sechzehnten Jahr¬
2276 933 3361 1039 Guttmann verantwortete sich damit, daß er gehofft hatte, au¬
762 984 2120 1061 hundert passirt sein und ist auch gereimt, aber sie fand trotz der an¬
2168 1003 2613 1068 Glück im Spiele zu haben.
2276 1005 3349 1095 Die Vertheidiger begehrten die Stellung von Eventualfragen
768 1020 2122 1114 genehmen Leiblichkeit und der Brillantenpracht des Fräulein Groß
2163 1071 3140 1131 untreuung, respektive auf Mitschuld an diesem Verbrechen.
758 1082 2122 1153 nicht den Anklang, wie die Schwierigkeiten, die die Marchesa=Witwe
2279 1104 3354 1165 Diesem Antrage wurde Folge gegeben. Die Geschwornen ver
758 1117 2124 1203 aus dem renaissanceverklärten Albanergebirge ihrer eigenen Wiederver¬
2166 1141 3357 1203 die beiden Hauptfragen und bejahten die Eventualfragen ein
758 1167 2127 1244 ehelichung machte. Wie richtig es übrigens ist, wenn man im Interesse
2165 1179 3356 1242 Bezüglich der Eventualfrage, die Opischka betreffend, machten zehn Sti
2175 1220 3349 1283 Zusatz: „ohne die Absicht, einen Schaden zuzufügen. Der Vertheid
758 1206 2132 1289 der Schauspieler die mit Macht einreißende Unsitte des Reimdramas
2172 1251 3361 1321 Angeklagten verlangte die Einleitung des Moniturverfahrens. Dies¬
762 1265 2129 1343 beklagt, das geht aus den Erfahrungen hervor, die ich selbst bei der
2170 1309 2457 1372 wurde abgelehnt.
768 1304 2131 1393 Première „Eva's" machen mußte: im letzten Akte zeigten sich die Akteurs
2288 1314 3366 1395 Die Angeklagten wurden von der Anklage des Diebstahls, bezie¬
765 1354 2127 1441 plötzlich so aufgereimt, daß sie dreißig bis vierzig zweifellos sehr
2180 1372 3361 1431 Diebstahlstheilnehmung, freigesprochen und wegen Veruntreuung, respe¬
2175 1405 3359 1473 schuld daran, die Opischka zu vier Monaten und Guttman
777 1396 2131 1489 schöne Verse einfach in edler Coulissenprosa hersagten. Es war ein
2172 1444 3361 1504 Monaten schweren Kerkers, Letzterer als ungarischer Staatsbürge
775 1443 2132 1533 recht trauriger Augenblick, als es weder mit dem Stücke noch mit den
2178 1496 2675 1568 Landesverweisung verurtheilt.
775 1508 1393 1595 Zeilenenden mehr klappen wollte.
881 1523 2136 1622 Der Vollständigkeit halber seien noch einige Schwänke, Volks¬
2346 1530 3369 1615 (Zur Affaire Bauer=Strobach.) Wie wir erfahren, wo
2184 1590 3373 1658 Gerichte bisher eine direkte Mittheilung von der Klage zurückzie
787 1581 2137 1679 stücke, Dramen, Schauspiele rc. genannt, die ich beim besten Willen
2178 1631 3356 1694 Einspännerkutschers Franz Bauer nicht gemacht, weshalb gestern z
775 1633 2136 1722 nicht alle sehen konnte, weil sie, kaum mit Riesenlettern an den
2178 1668 3356 1730 beiden Referenten des Bezirksgerichts Alsergrund darüber berathen
780 1684 2136 1763 Anschlagsäulen genannt, auch schon wieder verschwunden waren. Kein
2178 1708 3368 1769 die Verhandlung gegen Bauer, der bekanntlich über Anzeige des Bür
782 1716 2141 1811 Lied, kein Heldenbuch nennt ihre Namen, der Chronist muß es leider
2178 1740 3373 1809 Strobach wegen unvorsichtigen Fahrens angeklagt wurde, zu versch
2184 1785 3361 1846 etwa gleichzeitig mit der Verhandlung gegen den Bürgermeister on
775 1802 1011 1879 thun. Also:
2189 1817 3361 1884 sei. Bürgermeister Strobach hat seinerzeit beim Polizeikommissariate
909 1805 2146 1901 1. „Die Vielgeliebte von Fischer und Jarno. Nach
2184 1858 3361 1927 Bauer sei entweder betrunken oder unvorsichtig gewesen; daß er nich
775 1864 2148 1958 den Aussagen von Leuten, die zur Sühne irgend welcher Unthat das
2182 1898 3126 1968 war, wurde jedoch damals von Wachorganen festgestellt.
796 1911 2151 2002 schaurige Gelübde abgelegt zu haben scheinen, an einem Abend zwei
2303 1917 3368 2002 Zur Zurückziehung der Klage Bauer's wird uns berichtet, da
2190 1966 3364 2033 eine längere Konferenz im Rathhause voranging, zu welcher auch Dr
780 1956 2144 2052 bis drei Premieren zu besuchen, soll diese Posse eine gedrängte Wochen¬
2192 2006 3364 2071 lechner (also nicht der Vertheidiger des Bürgermeisters) als juristis
780 2002 2154 2115 übersicht der zugkräftigeren Pariser Vaudevilles, soweit sie bereits in
2189 2042 3361 2113 zugezogen wurde. Dieser soll nun den Fall Sepper als unbedenklich
787 2074 1403 2134 Uebersetzungen vorliegen, bilden.
2190 2083 3361 2148 dagegen dringend angerathen haben, den Fall Bauer aus der Welt
904 2101 2158 2184 2. „Der dritte Mann“ von Robert Misch. Darin kommt
2196 2113 3375 2182 Dieser Rath wurde auch befolgt und es soll der Obmann einer Gen
2190 2154 3371 2261 der zugleich Gemeinderath ist, auf den Dienstgeber Bauers ersprit
784 2146 2156 2245 ein phantastisches Radlerinnenkostüm vor, für das Frau Nuscha Butze
2197 2214 2444 2285 gewirkt haben.
796 2199 2153 2286 ihre Beine zur Verfügung stellen mußte. Frau Nuscha Butze ist eine tüchtige
796 2240 2151 2331 Künstlerin, und ihr Kostümdichter ist ein unfähiger, alter Flausenmacher.
2356 2237 3376 2338 (Eine Irreführung des Postärars.) Die Köchin Eli=
796 2290 2151 2372 Folglich muß sie, der Kontrakt verlangt es so, auf seine abgelagerten
2192 2303 3383 2370 reklamirte im Juli v. J. bei der Postdirektion einen Geldbetrag von für
2196 2341 3371 2411 den ihr eine Bekannte mittelst Postanweisung zugeschickt haben so
792 2332 2160 2425 Scherze eingehen. Sie rächte sich aber und lachte ihn ganz ungenirt
2204 2375 3373 2452 jedoch nicht erhalten haben will. Wie die Postdirektion erhob, hatte
804 2397 2165 2471 aus, als er die Kühnheit hatte, ungerufen mit ihr vor den Vorhang
2196 2421 3381 2478 die fragliche Postanweisung thatsächlich erhalten und eigenhändig unt
2196 2459 3378 2529 Da Elise Lustig die Echtheit der Unterschrift bestritt und entschieden le
797 2461 994 2548 zu treten.
909 2461 2168 2574 3. Schiedsmann Hempel, von Keller und Herrmann.
2208 2492 3373 2563 Postanweisung erhalten zu haben, wurde gegen sie über Anzeige der P
2196 2529 3387 2594 vom staatsanwaltschaftlichen Funktionär des Bezirksgerichtes Alsergru¬
799 2529 2156 2611 Herr Herrmann ist ein reizender Mensch, und die Couplets, dieser
2199 2567 3380 2639 klage wegen versuchten Betruges erhoben. In der gestrigen Verhandlu
808 2569 2161 2663 gelegentlich abfeuert, verdienen ähnlich hohes Lob. Sie zeichnen sich
2204 2601 3373 2673 Einzelrichter Adjunkten Dr. Langer blieb die Angeklagte Elise
801 2610 2158 2704 vor den Erzeugnissen der Konkurrenz durch satirische Schlagkraft und
2211 2637 3380 2711 daß sie die erwähnte Postanweisung nie empfangen habe. Durch die
799 2663 2168 2750 anständige Form aus. Ob man indeß um ein gutes Couplet herum
2208 2678 3380 2748 Aussagen des Geldbriefträgers Ignaz Scheiber gewann der Richt
2206 2714 3366 2789 Ueberzeugung von der Schuld der Angeklagten und verurtheilte sie
804 2709 2168 2796 gleich ein Volksstück dichten muß, diese Frage möchte ich den persön¬
2214 2774 2545 2848 Woche Arrests.
808 2753 2173 2839 lichen Empfindungen der Leser zur freundlichen Beantwortung überlassen.
910 2803 2166 2887 4. und 5. wären zwei aus dem Auslande importirte Waaren zu
2375 2794 3390 2890 (Eine leichtfertige Aeußerung.) Vor dem Bezirksgerichte
808 2854 2158 2942 erwähnen: „Ehefesseln" von Paul Hervieu und „Masken
2214 2866 3392 2937 hatte sich gestern der Ingenieur der Staatsbahnen Herr Josef Jar
2213 2906 3395 2981 Klage des Dr. Viktor Adler wegen Uebertretung der Ehrenbeleidigt
813 2894 2170 2995 von Robert Bracco. Herviens tragischer Dreiakter kam im Residenz¬
813 2954 2170 3039 theater zur Aufführung, weil Herr Alexander, der Champion=Komiker
2214 2969 2404 3037 antworten.
2322 2952 3390 3043 Der Angeklagte hat in einer Versammlung, die der czechische Nati
815 2993 2172 3087 dieser Bühne, en in Wien ein Gastspiel absolvirt, und mit Bracco's
2219 3012 3387 3082 klub am 19. Oktober abhielt, die Aeußerung gethan, Dr. Adler hat
816 3036 2175 3137 „Masken wollte Direktor Blumenthal zeigen, daß die Italiener auch
2218 3060 3387 3126 lich des Strikes der Werkstättenarbeiter der Staatseisenbahngesellsche
2219 3089 3387 3156 Arbeitern Verrath geübt, indem er das Verhalten der Strikenden je
820 3079 2173 3169 nicht mehr können, als ein Berliner Normal=Theatraliker. Wenn sich
2218 3128 3349 3200 Werkstättenchef verrieth, so daß sich dieser darnach richten konnte.
811 3132 2177 3215 die Beherrscher unserer Schauspielhäuser dergleichen lehrhafte Experimente
2219 3162 3392 3238 vertrat Dr. Harpner. Der Angeklagte gab sofort zu, daß er au¬
820 3188 2177 3268 und kostspielige Beweisführungen leisten können, so soll es uns in
2223 3202 3381 3284 Wort seiner Beschuldigung aufrechterhalten könne, und gab schließlich
823 3226 2177 3316 ihrem eigenen Interesse freuen. Dies ihr Interesse wäre aber auch das
2226 3238 3392 3316 erklärung ab, in welcher er zugibt, daß seine Behauptung vollkomm¬
1622 3272 2136 3363 Richard Nordhausen
2228 3279 3390 3354 und aus der Luft gegriffen ist und Dr. Adler um Entschuldigung bit
815 3294 1472 3380 einzig Interessante an der Sache.
2225 3316 3392 3390 zeitig mußte er sich verpflichten, diese Erklärung in fünf Blättern z
2225 3356 3399 3453 lichen, worauf der Richter Dr. Reichel den Freispruch verkünden konn
1162 3339 1840 3453 Aus dem Gerichtssaale.
1771 3387 2156 3460 Wien, 26. November.
2348 3416 3354 3500 — (Ein verurtheilter Arbeiterführer.) Der anläßlich
991 3441 2180 3522 (Zu den Ehrenbeleidigungsklagen gegen den Gemeinderath
2233 3467 3392 3551 strikes der Arbeiter von Neunkirchen am 21. September d. J. von
823 3488 2177 3573 Hütter.) Gestern hätte die Verhandlung über die Klagen der Herren Jose
2238 3510 3397 3588 gerichte Neunkirchen wegen Uebertretung des Koalitionsgesetzes und
828 3523 2185 3604 Albert und Eduard Saborsky gegen den Gemeinderath Hütter wegen
2238 3554 3344 3621 der Amtsehrenbeleidigung und Wachebeleidigung angeklagte und
828 3570 2182 3654 beleidigender Ausfälle in einer Gemeinderathssitzung beim Bezirksgerichte Aber¬
2240 3547 3399 3655 Strafausmaße von drei Monaten Arrests verurtheilte Arbeiterfüh
837 3599 2190 3691 grund stattfinden sollen. Dieser Klage hat sich der Fleischhauer Eduard Böhm
2231 3624 3397 3696 Emanuel Berstl stand gestern vor dem Kreisgeriche Wiener=Neustadt
2240 3662 3395 3737 senat als Berufungskläger. — Nach vierstündiger Verhandlung
827 3671 1056 3737 angeschlossen.
948 3657 2194 3756 Herr Gemeinderath Hütter hatte mittlerweile die Vertagung beantragt,
2240 3715 3397 3775 Präsident O. L. Göschl das Urtheil, womit Dr. Berst von der
832 3710 2189 3785 und da nun auch die Amtsehrenbeleidigungsklage des Marktdirektors Kain;
2238 3732 3400 3820 des einen Punktes des Koalitionsgesetzes freigesprochen
828 3749 2192 3821 einlangte, so hat der Strafrichter Adjunkt Dr. Edler v. Schreyber diesem
2247 3763 3399 3850 Strafausmaß des Bezirksgerichtes Neunkirchen wurde von drei Mo¬
832 3780 2197 3869 Antrage Folge gegeben. Die Amtsehrenbeleidigungsklage des Marktdirektors
2243 3838 2865 3900 drei Wochen Arrests herabgesetzt.
835 3814 2197 3903 wird nicht im Referate VI (Richter Adjunkt Dr. Langer) durchgeführt werden,
847 3859 2201 3948 sondern Adjunkt Dr. Edler v. Schreyber erhielt diese Strafsache von Amts¬
2356 3840 3402 3955 Temesvar, 25. November. (Tel. d. „Fremden=Blatt“.
835 3898 2197 3980 wegen zugetheilt. Auch dürfte, wie wir erfahren, nicht der staatsanwaltschaft¬
2243 3914 3405 4013 gebliche Schriftsteller Alexander Bogdanovic, der sich früher in
839 3934 2209 4018 liche Funktionär Dr. Kerticka v. Jaden als öffentlicher Ankläger fungiren,
2247 3953 3404 4052 und Wien aufhielt, wurde wegen einer in Dresden eingebrachten Ar¬
842 3982 1968 4074 sondern es wird die Staatsanwaltschaft einen Vertreter entsenden.
1258 4018 2213 4116 der Liebe.) Die Lottoschreiberin Marie Opischka war
