3436 4224
199 156 293 242 8.
356 154 485 230 Fre
632 149 730 264 1
888 137 1294 235 box 14/3
1820 226 2158 317 Telefon 12801.
1541 314 2432 398 Unternehmen für Zeitungs-Ausschnitte
2531 331 2718 406 Ausschnitt
2511 391 2617 502 Nr.
1703 396 2281 519 „OBSERVER
1395 485 2706 588 r. behördl. concess. Bureau für Zeitungsberichte und Personalnachrichten
1582 571 2416 663 Wien, IX. Türkenstrasse 17.
1518 636 2478 757 Filiale in Budapest: „Figgeler, VIII. Josefering 31).
1885 788 2305 903 ten
1292 826 1741 901 Ausschnitt aus:
1863 900 2228 1008 4 - FEB. 1898
1602 980 1741 1063 vom
1590 1095 2593 1188 (Carl-Theater.) Arthur Schnitzlers Schau¬
1498 1165 2593 1241 spiel: „Freiwild" ist ein gegen das Duell gerichtetes
1498 1222 2596 1280 Tendenzstück. Lieutenant Karinsky beleidigt eine Schau¬
1503 1266 2598 1335 spielerin von tadellosem Rufe: ein platonischer Verehrer
1506 1330 2600 1380 der Dame, Paul Rönning, versetzt ihm dafür einen
1506 1373 2598 1433 Schlag ins Gesicht und verweigert dann die sogenannte
1503 1412 2598 1481 ritterliche Genugthuung. Seine Argumentation lautet
1503 1465 2595 1527 ungefähr: „Ich habe einen Buben gezüchtigt, der mir
1506 1506 2601 1570 über den Weg gelaufen ist, und liebe das Leben viel zu
1510 1561 2601 1623 sehr, um mich deshalb todtschießen zu lassen." Uner¬
1510 1607 2610 1681 schütterlich beharrt er auf seinem „Nein, selbst
1508 1649 2596 1724 dann, als ein College des geschlagenen Officiers
1513 1705 2605 1772 ihn aufsucht und um das Duell eindringlich bittet. Unter
1513 1753 2608 1818 solchen Umständen bleibt dem Officier, der ohnedem
1518 1805 2610 1863 quittiren muß, nichts übrig, als seinen Beleidiger nieder¬
1513 1851 2610 1919 zuknallen und sich dann selbst aus der Welt zu expe¬
1515 1902 2613 1961 diren. — Die Tendenz ist gut, aber ihr Fundament ist
1515 1947 2601 2012 schwach und ihre Folgerungen sind geradezu ungeheuerlich.
1503 1998 2607 2065 Dem Wortführer Schnitzler's, der ein sorgsam ausgeklügeltes,
1515 2048 2613 2122 aber trotzdem ganz verfehltes Rechenexempel darstellt,
1522 2089 2608 2152 wäre zu erwidern: „Sie haben zweifellos recht,
1522 2142 2610 2209 lieber Herr Rönning. Man duellirt sich nicht, und zwar
1529 2194 2613 2254 aus noch viel gewichtigeren Gründen, als diejenigen sind,
1527 2243 2615 2319 die Sie anführen; aber wenn man sich nicht duellirt,
1328 2291 2704 2401 Für 50 % dann schlägt man auch Niemanden ins Gesicht. Der eine
1539 2356 2617 2418 Gegner des Duells darf auch kein Raufer sein, sonst
1342 2399 1484 2452 „ 200
1537 2408 2718 2463 werden seine schönen Tiraden wirkungslos. Ueberdies graus.
1354 2437 1482 2492 „ 500
1534 2458 2612 2512 sieht das Züchtigungsrecht, das sie sich anmaßen, sehr
1350 2476 1486 2548 „ 1000
2649 2463 2763 2548 de
1537 2506 2601 2559 verdächtig aus, da Sie persönliche Gründe haben, sich
2644 2536 2757 2607 es den
1330 2560 2615 2615 Abonneme der beleidigten Dame anzunehmen. — Schlimmer noch
1333 2603 2619 2663 Abonnente als um die Vorgeschichte des Conflictes steht es um seine
1534 2651 2615 2709 Lösung; da wird Herr Rönning nämlich ganz confus
1525 2704 2615 2756 und kennt sich mit sich selber nicht mehr aus. Er, der den
1525 2745 2615 2804 Vorwurf der Feigheit lachend auf sich sitzen läßt, weicht
1530 2799 2619 2853 seinem Todfeinde nicht aus, damit man ihn nicht
1530 2847 2617 2905 für feig halte, er, der principielle Gegner des Duells,
1537 2895 2619 2948 steckt eine Pistole in den Sack, um nöthigenfalls dem
1525 2944 2622 2994 Lieutenant zuvor zu kommen. An die Stelle des Duells
1525 2989 2615 3050 tritt schließlich der Meuchelmord, der dem Vernehmen nach auch
1522 3042 2613 3090 nicht recht erlaubt ist, die Gegner treten sich doch mit der
1527 3086 2619 3146 Waffe entgegen, und es handelt sich nur mehr darum,
1530 3136 2617 3191 wer der Geschwindere ist. — Literarisch betrachtet, hat
1530 3188 2622 3242 das äußerlich starke, innerlich schwache Stück keinen
1537 3232 2624 3292 großen Werth; es ist vieux jeu, zeigt eine veraltete
1530 3273 2625 3335 Technik und hat Mühe genug, seinen hetorischen
1530 3328 2622 3386 Charakter zu verbergen. — Die Darstellung war in den
1525 3376 2622 3433 meisten männlichen Rollen glücklich; Herr Räusch wird
1527 3424 2615 3481 nachgerade eine Specialität in Officierstypen, Herr
1527 3470 2627 3542 Korff brachte ein gelungenes Gigerl, Herr Klein
1530 3517 2622 3573 spielte den Principienhelden mit Temperament und ora¬
1525 3561 2615 3623 torischer Schärfe. Auch Herr Tewele gefiel, obwohl er mehr
1522 3614 2625 3669 als nöthig ins Parodistische gerieth. Weniger befriedigten
1520 3664 2619 3722 Herr Meyer Eigen, der den biederen Rittmeister durch
1513 3710 2601 3760 Declamation schädigte, und Herr Blum, der ein un¬
1522 3755 2617 3813 mögliches Ungarisch=Deutsch sprach. Fräulein Sangora
1525 3808 2612 3866 sollte nicht in den Vordergrund gestellt werden; der
1515 3849 2598 3911 brave Theaterdirector, der im Stücke vorkommt, wird
1518 3900 2613 3972 seinem Publicum eine solche Prüfung gewiß nicht zu¬
1515 3952 1679 4029 muthen.
