3436 4448
198 112 728 213 8. Freiwild
899 120 1299 221 box 14/3
574 738 1247 829 Illustrirtes Wiener Extrablatt
1765 756 2357 852 29. März 1897 Nr. 88
301 811 1406 923 nden ist hier angekommen und wird voraussichtlich morgen ans
1429 826 2409 923 würdigen weiß. Als Dritter im Bunde kam Arthur
426 871 637 928 Land gehen.
312 873 400 928 aber
1427 897 2406 969 Schnitzler, der den ersten Act seines Schauspieles
541 886 1396 975 Die österreichisch=ungarischen und
309 915 403 977 Ihre
1424 930 2401 1016 „Freiwild vorlas. Dieser erste Act ist ein
314 969 398 1027 ledi¬
429 949 2399 1050 die deutschen Truppen werden Montag kleines Meisterstück an dramatischer Knappheit und
424 982 691 1052 Früh erwartet.
304 1014 400 1076 den,
1427 1021 2401 1091 Bewegung. Man kennt die Handlung aus den Berichten
312 1063 408 1117 der
1424 1068 2399 1136 über die erfolgreiche Berliner Aufführung. Selbst in der
639 1032 1190 1138 Die Panama-Affaire.
1422 1107 2401 1175 Vorlesung stellte sich die Wirkung ein. Mit wenigen
304 1110 398 1188 sung
535 1110 1396 1188 Paris, 29. März. Die in der Affaire Arto¬
1429 1151 2401 1214 Strichen zeichnet der Verfasser seine Figuren aus
429 1162 1393 1216 eingesetzte Kammercommission beschloß einstimmig, die
1424 1188 2401 1268 dem Theater- und Officiersleben in einem öster¬
429 1201 1393 1284 gerichtliche Verfolgung der betreffenden Deputirten zu
434 1234 733 1297 bewilligen.
1422 1237 2399 1302 reichischen Badeorte, und doch stehen sie alle in
312 1242 400 1305 uto¬
1419 1279 2401 1354 Lebensgröße und Wirklichkeitstreue vor unseren
538 1266 1393 1344 Paris, 29. März. (Privat=Depesche
314 1299 398 1357 eenen
1422 1318 2396 1383 Augen. Wir haben kein Urtheil über das
434 1294 1396 1390 Für die Panama-Anklage kommen nach Aufschreibungen
317 1351 1396 1422 aus Arton's im Ganzen einunddreißig Parlamentarier in
1422 1357 2399 1427 Werk als Ganzes, aber dieses Bruchstück
304 1377 587 1458 einer Betracht,
1424 1409 2401 1466 allein verräth die Hand eines echten Künstlers. Arthur
639 1409 1396 1460 sieben Deputirte und ein
1424 1448 2399 1510 Schnitzler ist auch ein guter Interpret, er läßt jeden
304 1448 1409 1507 tung Senator von heute, dreizehn gewesene Deputirte, ein
1427 1484 2396 1549 Charakter in seiner Sprache reden und unternimmt sogar
416 1486 1112 1554 früherer Senator und neun Verstorbene.
1422 1525 2396 1593 bei den Rollen der Schauspieler kleine aber glückliche
309 1507 400 1585 ti¬
541 1536 1390 1593 Paris, 29. März. Die „Libre Parole" behauptet
1427 1570 2393 1642 Seitensprünge in das vielverlästerte Gebiet der Stimm¬
301 1570 1396 1648 nen die vier Parlamentarier, deren Auslieferung demnächst
1419 1609 2393 1689 portraitisten. Die Leute folgten mit Spannung dem
418 1622 1393 1676 verlangt werden soll, seien die Deputirten Rouvier
312 1629 398 1684 die
1422 1653 2393 1718 Vortragenden und überhäuften ihn zum Schlusse mit
424 1663 1396 1723 Gotrand, Jullian und Clovis Hugues. Der
1422 1694 2396 1767 Beifallskundgebungen. Als die Schnitzler'sche Blondlocke
416 1713 1390 1770 Untersuchungsrichter Le Poitterin habe der Com¬
307 1713 395 1778 den
1422 1739 2396 1804 von der Bildfläche verschwunden war, tauchte die Schwarz¬
421 1752 1396 1801 mission erklärt, er besitze Beweise dafür, daß Burdeau
1422 1778 2391 1850 locke von Hermann Bahr auf. Der Ueberwinder, Ent¬
307 1778 1388 1858 tung der Helfershelfer Artons gewesen sei und
304 1817 387 1871 iter
1416 1822 2393 1894 binder und Erfinder kam als Letzter an die Reihe, denn
418 1824 1032 1900 dafür 50.000 Francs erhalten habe.
1419 1866 2393 1928 mit Bahr traut man sich nicht anzufangen. Bei seinem
525 1861 1388 1954 Prag, 29. März. (Privat=Depesche,
304 1897 387 1967 Rei¬
1422 1905 2396 1978 Erscheinen senkten die Mädchen die Köpfe. Was wird er
426 1928 1390 1988 „Narodni Listy publiciren eine Replik gegen das von
1422 1944 2396 2011 sagen? Große Enttäuschung. Gerade er hielt den harmlosesten
312 1957 2396 2061 iner der „Boh." mit einem leitenden Staatsmanne (Grafen Vortrag. Man denke nur. Nachdem sich das Schnitzler'sche
314 2006 1383 2079 be=Baden) geführte Interview über Sprachen verordnun
1416 2035 2391 2108 Laster erbrochen hatte, setzte sich Bahr als Tugend zu
421 2061 2396 2141 und Majoritätsbildung. In dieser, vermuthlich von der Tisch! Ja, gibt es denn keine Erwachsenen mehr? Er
304 2089 2391 2186 htig jungczechischen Parteileitung, heißt es, las eine Anekdote „Die schöne Frau“. Es ist ein per¬
301 2144 392 2201 eine
418 2141 1390 2201 der betreffende Staatsmann gebe sich einer verhängniß¬
1422 2160 2399 2227 sönliches Erlebniß. Der Mann einer reizenden Frau, die
411 2188 1388 2240 vollen Täuschung hin, wenn er glaubt, daß eine Sprachen¬
1411 2214 2399 2271 es nirgends aushält, wo sie nicht bewundert wird, dingt
416 2222 2406 2313 verordnung, deren Zweck es wäre, die Czechen zu be¬ in Schliersee einen Bewunderer gegen Barzahlung.
416 2264 2391 2349 friedigen, lediglich den äußeren Verkehr berühren um die Komik der an Drolerien reichen Humoreske zu
296 2279 390 2347 ren
411 2308 2391 2388 würde, ohne den inneren zu alteriren. Es sei unwahr, erhöhen, ist der Bewunderer ein — Meßner! Von der
413 2352 2391 2453 daß eine Sprachen verordnung, geschweige denn eine so ersten bis zur letzten Zeile währte die Heiterkeit in
405 2396 1385 2456 magere, die einzige Bedingung für irgend ein Ab¬
1416 2412 2391 2484 Saale, zumal Bahr der beste Vorleser ist, dem
408 2435 1385 2495 kommen zwischen den Czechen und der Regierung abgeben
1411 2453 2383 2505 wir jemals begegneten. Das macht ihm kein Schau¬
416 2479 1375 2557 könnte. Welche Bedingungen erfüllt werden müßten, dami
1411 2490 2388 2552 spieler nach. Er sollte dem Bonn die Rolle
405 2521 1380 2586 in der czechischen Politik eine Wendung eintrete, darüber
1409 2531 2380 2594 in „Tschapel wegnehmen und sie selber spielen. Wir
413 2562 1377 2648 sei mit den czechischen Abgeordneten überhaupt nicht ver¬
1403 2570 2380 2640 kennen auch keinen Volkstribun, der so zu wirken ver¬
405 2601 689 2679 handelt worden.
1409 2620 2388 2679 stünde, zumal Bahr aus der Wiener Mundart ungeahnte
515 2627 1372 2705 Berlin, 29. März. (Privat=Depesche
1409 2661 2380 2723 Effecte zu gewinnen versteht. Wir fürchten, er wird noch
408 2679 1375 2749 Nach einer Pariser Privatmeldung wurde gelegentlich
1411 2698 2380 2768 im Parlamente enden. Der Erfolg läßt sich nicht beschreiben.
400 2723 1377 2791 Nansens Pariser Aufenthaltes die Gründung eines
1411 2742 2383 2804 Die Leute eilten zur Estrade und drückten Bahr die Hand.
405 2778 1372 2830 internationalen Clubs für Nordpolforschung beschlossen
1411 2786 2386 2848 Trotzdem die Vorlesung bis 10 Uhr dauerte, zeigte da¬
403 2814 2378 2895 Nansen, der den Plan dazu fertig aus London mit Publicum keine Ermüdung. Die Locken von Schnitzler
405 2861 1383 2918 brachte, wird Director des Institutes. Zur praktischen Durch¬
1411 2872 2378 2931 und Bahr waren sogar bis 10 Uhr bewundert und
405 2900 2375 2991 führung der im Institut vorgenommenen wissenschaftlichen begehrt. Und wenn sie noch nicht abgeschnitten sind, so
400 2944 1749 3015 Resultate soll eine Flottille von sechs bis acht Rund leben sie noch heute.
400 2983 1372 3043 schiffen nach Muster der „Fram" gebaut und aus¬
1505 2970 2375 3077 Im Carltheater beginnen von Donners¬
400 3035 1372 3082 gerüstet werden. Die Betheiligung von englischen und
1403 3038 2373 3124 tag, den 1. April angefangen die Vorstellungen um
408 3069 1679 3124 französischen Finanzhäusern ist gesichert. Vorläufig seien halb 8 Uhr
405 3113 1377 3170 fünf Millionen Francs zur Verfügung gestellt. Auch von
1486 3111 2373 3178 Aus Carlsruhe wird uns telegraphirt,
1406 3131 2375 3217 Gestern wurde Freifrau Marie v. Glaubitz=Alton¬
400 3155 1375 3220 Berlin und Petersburg werde eine rege Be¬
1409 3196 2375 3254 guel beerdigt, die, eine geborene Wienerin, als Fräulein
392 3204 1372 3274 theiligung erwartet. Der Centralsitz des Unternehmens soll
1409 3238 2388 3324 Für die erste tragische Liebhaberin der Carlsruher
392 3238 761 3313 vorläufig Paris sein.
1398 3264 1720 3321 Hofbühne gewesen.
499 3259 1370 3365 Budapest, 20. März. (Privat=Telegramm.
400 3339 1375 3394 Die Generalversammlung der ungarischen Credit¬
392 3365 1372 3420 bank setzte eine Dividende von 21 fl. fest und beschloß,
395 3376 1551 3482 den Emissionswerth der neuen 50.000 Stück Actien mit Situatio
408 3449 1227 3529 825 fl. und mit 200 fl. Nominale zu bestimmen.
1401 3459 1533 3506 Abreise
1393 3490 1551 3550 die Aeu
1396 3529 1507 3589 Krieg
678 3511 1097 3597 Theaterzeitung.
1398 3573 1554 3620 tion zu
502 3563 1370 3641 Jung=Wien bei Bösendorfer. Unter diesem
1401 3607 1557 3656 stärkere
398 3620 1557 3698 Schlagworte wurde die gestrige Vorlesung angekündigt, sehr sche
392 3664 1554 3729 Es war Jung=Wien, gemischt mit Jung=Berlin, denn zu Thronre¬
398 3714 1370 3771 den hierorts gemeldeten Schriftstellern Hermann Bahr,
1401 3727 1546 3815 Bauten
395 3753 1370 3818 Hugo v. Hofmannsthal und Arthur Schnitzler
398 3799 1364 3859 gesellte sich Georg Hirschfeld, der in Berlin zu
1396 3799 1557 3877 394.—
392 3838 1370 3898 Hause ist. Die geistreiche Frau eines berühmten Anatomen
1393 3864 1559 3914 Länderba
392 3883 1564 3948 kam auf die gute Idee, die vier Parnaßgänger für einen Staatsba
390 3927 1507 3986 wohlthätigen Zweck als Vorleser zu gewinnen. Ein zahl¬ 82.—,
387 3968 1367 4025 reiches Publicum strömte herbei, doch fehlten merk¬
1396 3948 1564 4036 Buschtieh¬
390 4012 1364 4067 würdigerweise die theuren Häupter des literarischen Wien,
1393 4018 1536 4062 Montan
398 4046 1362 4106 die den Bestrebungen unserer begabten Jugend denn doch mehr
1393 4054 1494 4101 Rente
468 4085 746 4142 merksamkeit zum
