3436 4224
899 195 1312 279 box 14/4
207 195 755 304 8. Freiwild
321 921 1415 985 Alex. Weigls Unternehmen für Zeitungs-Ausschnitte
501 984 1249 1114 „OBSERVER
311 1106 1412 1195 I. österr. behördl. konz. Bureau für Zeitungsberichte u. Personalnachrichten
500 1171 1247 1256 Wien, I., Concordiaplatz 4.
738 1244 1000 1314 Vertretungen
321 1274 1404 1348 Berlin, Budapest, Chicago, Genf, London, New-York,
326 1334 1414 1392 Paris, Rom, Mailand, Stockholm, Christiania, St. Petersburg.
592 1375 1125 1436 (Quellenangabe ohne Gewähr.)
630 1395 1432 1500 Österreichische Rundschau, Wien
321 1467 771 1560 Ausschnitt aus:
927 1537 1203 1632 2. 1905
326 1574 482 1645 vom
443 1825 1174 1896 Deutsches Volkstheater. Als literarisches
369 1873 1173 1936 Opfer für den Altar der heimischen Dichtkunst:
369 1930 1178 1984 Arthur Schnitzlers „Freiwild". Das dialekti¬
374 1976 1174 2028 sche Rechenexempel ist mit der gerühmten Fein¬
369 2021 1189 2062 heit, Ehrlichkeit und Energie unseres vornehmsten
369 2066 1178 2124 Wiener Dramatikers durchgeführt. Die Gleichung
369 2107 1182 2165 ward zum Kunststück; das Monotone zur Span¬
369 2151 1178 2204 nung; die Tendenz zur Sentenz; nur das Er¬
366 2195 1175 2245 klügelte wollte nicht Leben werden. Schnitzler
374 2240 1178 2296 schrieb ein einziges Theaterstück — „Das Frei¬
369 2282 1185 2326 wild. Wenn ich nicht irre, besitzt das Volks¬
366 2321 1186 2381 theater unter seinen zahlreichen Rückständen auch
369 2370 1175 2425 den „Grünen Kakadu", Schnitzlers kräftigstes,
369 2411 1189 2476 größtes Werk, in dem er über sich und seine
366 2456 1180 2508 Welt hinauswuchs. Wollte man ein bißchen
367 2499 1178 2563 protestieren — so zahm, wie wir das eben ver¬
369 2541 1178 2599 mögen — wäre eine Aufführung dieses Ge¬
369 2593 882 2648 dichtes zweckmäßiger gewesen.
443 2629 1188 2681 Die Qualitäten des älteren und alt ge¬
363 2673 1181 2733 wordenen „Freiwilds" spürt man schon noch,
369 2722 1182 2772 aber wie weit hat sich Schnitzler seither von
369 2762 1182 2810 ihm entfernt? Der Dichter der „Liebelei und
366 2806 1180 2865 des „Anatol“ ist ein Meister der dunkeln, leisen,
371 2851 1185 2907 sanften Halbtone. Das Reich seiner Freuden
369 2893 1189 2946 und noch mehr das seiner Leiden liegt in der
359 2932 1181 2987 Seele; er dürfte nicht zur Wiener Schule ge¬
366 2972 1181 3030 hören, wenn Kraft= und Kampfprobleme seine
369 3019 1182 3070 Sache wären. So kommt es denn, daß diesem
367 3062 1185 3121 Duellstücke der Glaube fehlt; der Einsatz einer
371 3104 1178 3151 unanfechtbaren Anschauung. Aus dem Dichter
374 3148 1181 3206 wird ein Experimentator und Schnellrechner.
374 3193 1178 3258 Aber: deswegen ist uns ein Schnitzler immer
373 3239 1178 3293 noch teurer als das ganze übliche Repertoire, und
371 3281 1185 3326 es tut doch gut, einmal in Wien einen Wiener
371 3324 1185 3372 Dichter — einen von jenen, die man prinzipiell
371 3367 1185 3413 ignoriert — gespielt zu sehen; gut gespielt zu
381 3411 1185 3470 sehen! Herrn Kutschera fiel es zu, die schwie¬
374 3450 1182 3507 rige Rolle des Paul durch sein Wesen begreiflich
374 3503 1185 3561 zu machen. Typisch waren die Herren Kramer
371 3540 1185 3596 und Höfer. Aufgefallen ist wieder Fräulein
371 3585 1181 3636 Erl, die mit hoher schauspielerischer Energie
374 3633 1185 3678 intime und bewegende Eindrücke erzwingt; in
369 3683 1192 3751 ihr ist eine Natur, die das Theater vergessen
1036 3717 1143 3780 -12-
369 3721 607 3778 machen kann.
2213 1085 2552 1177 Telephon 12801.
1771 1060 2062 1203 le
1843 1163 2928 1267 Alex. Weigls Unternehmen für Zeitungs-Ausschnitte
2017 1233 2756 1378 „OBSERVER
1841 1369 2925 1454 Lösterr. behördl. konz. Bureau für Zeitungsberichte u. Personalnachrichten
2022 1425 2758 1525 Wien. I., Concordiaplatz 4.
2251 1497 2513 1576 Vertretungen
1843 1536 2924 1608 in Berlin, Budapest, Chicago, Genf, London, New-York,
1833 1599 2925 1659 Paris, Rom, Mailand, Stockholm, Christiania, St. Petersburg.
2108 1636 2614 1715 (Quellenangabe ohne Gewäh
1830 1708 2762 1817 Ausschnitt aus: Welt Blatt
1836 1811 2440 1903 vom 31. dann 1905
2534 1865 2748 1969 Wien
1802 1993 2091 2066 .
1796 2087 2804 2202 Theater, Kunst und Musik.
2407 2170 2778 2267 Wien, 30. Jänner.
1840 2228 2806 2311 Deutsches Volkstheater. Arthur Schnitzlers Schau¬
1818 2300 2807 2371 spiel „Freiwild", das vor einigen Jahren im Carl¬
1815 2344 2808 2413 theater nicht besonders angesprochen hatte, machte bei
1815 2396 2811 2459 seiner vorgestrigen Erstaufführung auf der Bühne im
1810 2441 2796 2504 Weghuberpark trotz „Rosenmontag“ und „Zapfenstreich
1810 2493 2813 2554 sehr starken Eindruck. Vielleicht wurde auch seine Wirkung
1807 2537 2803 2608 als Offiziers= und Duellstück durch diese nachfolgenden
1811 2580 2811 2637 Vorgänger günstig beeinflußt. Aber auch die zweite
1810 2629 2808 2688 Tendenz, die dem Stück zugrundeliegt, das Eintreten für
1815 2676 2808 2739 das zweite Freiwald, für die kleinen Schauspielerinnen,
1807 2722 2808 2785 die für jeden Lebemann schutzlose Leute sind und als
1818 2773 2814 2833 solche auch von Direktion und Kollegen betrachtet werden,
1822 2829 2815 2881 fand teilnehmendes Verständnis. Das gut gebaute Stück,
1810 2865 2810 2932 das überall den herrschenden Ton vorzüglich trifft, wurde
1810 2928 2813 2973 auch ausnehmend gut gespielt. Die Herren Kramer,
1818 2965 2825 3018 Jensen und Höfer stellen treffende Verkörperungen¬
1810 3021 2806 3070 der verschiedenen Offizierstypen hin, denen Herr Kut¬
1815 3051 2808 3111 schera als ebenso tüchtiger Vertreter des unter der
1818 3107 2811 3161 geltenden Duellmoral leidenden Zivilisten gegenübertritt.
1813 3141 2813 3209 Namentlich seine, dem Duell=Unsinn geltenden Aus¬
1814 3188 2808 3256 führungen wurden förmlich bejubelt. In der weiblichen
1815 3236 2811 3302 Hauptrolle entfaltete Frl. Erl eine erfreuliche Wärme
1818 3281 2810 3341 des Tons und des Gefühls. Auch die charakteristische
1822 3326 2821 3402 Gestalten vom Theater, zum Teil durch bekannte Masken
1825 3374 2811 3440 unterstützt, fanden in der Darstellung durch die Herren
1822 3428 2815 3495 Tewele und Czasta und Frau Glöckner ver¬
2689 3470 2791 3530 st.
1821 3481 2103 3554 dienten Beifall.
