3344 4352
920 193 1321 290 box 14/5
218 191 729 300 8. Freiwild
860 640 1233 771 GRATIS
544 747 1323 872 „OBSERVER
630 842 1287 906 1. österr. behördl. konzessioniertes
598 898 1323 961 Unternehmen für Zeitungs-Ausschnitte
669 951 1255 1025 WIEN, I., WOLLZEILE 11
739 1013 1192 1077 TELEPHON R-23-0-43
538 1124 910 1216 Ausschnitt aus:
552 1351 677 1442 vom
522 1589 1698 1716 Der Müller und sein Kind
516 1694 1716 1766 Persönliche Erinnerungen an den Theaterdirektor Leopold
872 1746 1369 1825 Müller und seinen Sohn.
1077 1809 1158 1899 Von
824 1895 1430 1984 Emil und Arnold Golz.
628 1970 1714 2052 Ein Dutzendname und er macht aufhorchen ... War das
514 2036 1720 2095 nicht... und man entsinnt sich augenblicklich des trefflichen
514 2092 1720 2159 Theaterleiters Leopold Müller, dessen Exterieur so gar nicht
516 2141 1722 2201 mit dem eines Bühnenmenschen übereinstimmte, der jedoch
514 2183 1724 2242 innerlich vom Thatter besessen war. Dabei verstand er es von
508 2240 1722 2294 allem Anbeginn, sich jene Rolle anzueignen, die ihm am besten
508 2286 1724 2338 lag: die eines Direktors. „Für den anderen einspringen, wenn
516 2326 1722 2389 er unpäßlich ist, das gut nur auf der Bühne und nicht in der
512 2378 1716 2453 Direktionskanzlei," belehrte er uns einmal, „denn hier muß der
510 2419 1716 2491 Stellvertreter den Direktor auch dann remplacieren, wenn dieser
508 2477 1718 2532 vollständig gesund ist." Dabei strich er sich seinen Vollbart, um
514 2523 1716 2578 die Pausen zwischen den langsam und vorsichtig gesprochenen
512 2570 1720 2634 Worten auszufüllen, schob seinen Zwicker zurecht, gab dem ein¬
514 2622 1716 2683 tretenden Thaterdiener — die Szene spielte sich in seinem
508 2673 1722 2729 Bureau im Carl-Theater ab, wo er den Direktor Jauner
508 2719 1720 2781 vertrat — einige Direktiven und setzte fort: „Schon seinerzeit,
510 2765 1714 2832 als ich Direktorstellvertreter am Deutschen Volkstheater war,
508 2809 1720 2882 habe ich bewiesen, daß ..." — „Daß ein guter Souffleur in der
510 2858 1702 2918 Kanzlei heroben wichtiger ist als unten auf der Bühne
508 2912 1714 2967 ergänzte einer von uns beiden, und Müller schmunzelte bejahend:
516 2960 1708 3021 „Ist der Fall „Odilon" nicht ein typischer Beweis hiefür
510 3009 1712 3063 Bukovics, der doch sicher Fachmann war, hat sich entschieden
506 3063 1710 3128 gewehrt, sie zu engagieren; er schrieb mir sogar — damals hielt
508 3108 1708 3168 er sich in Gutenstein auf, daß er mir widersprechen müsse
505 3156 1710 3210 und für das vakant gewordene Fach der Salondame die Reisen¬
505 3204 1710 3265 hofer oder Bedekovics vorziehe. Aber ich ließ nicht locker; nach
516 3253 1716 3323 Berlin bin ich zu ihr gefahren, habe mir, obzwar auch sie nicht
503 3305 1269 3363 recht wollte, den unterfertigten Vertrag
1309 3297 1674 3365 geholt und mir
510 3343 1382 3422 das heißt, ihr, einen Riesenerfolg verschafft.
1506 3351 1714 3420 „Triumphe
503 3400 1712 3462 hat sie gefeiert", warf der eine von uns beiden ein. „Schon
503 3442 1295 3504 bei ihrem Debit in „Der Weg zum Herzen
1351 3448 1708 3510 und in „Madame
508 3494 1708 3563 Sans=Gene“ der andere. „Wir sind dabei gewesen!" alle beide.
514 3545 1696 3597 „Da habe ich ja zwei Zeugen!" lachte Müller. „Aber bezahlte
503 3583 1222 3653 betonten wir. — „Bezahlte Zeugen?
1327 3591 1704 3659 „Damals haben wir
503 3641 1708 3706 nämlich noch keine Freikarten bekommen, beschwichtigten wir
508 3688 1708 3760 ihn, worauf er sich lächelnd wieder den Bart strich, seinen Zwicker
508 3740 1708 3798 zurechtrückte und über seine Arbeit beugte. Er wühlte in Akten.
505 3784 1708 3845 In den drei Akten der nächsten Operette „Haben Sie sich gern
503 3843 1704 3903 auf die Operette umgestellt, Herr Direktor?" apostrophierten
495 3877 1708 3939 wir ihn, indem der eine die erste Hälfte dieser Frage und der
497 3931 1694 3994 andere die zweite derselben an ihn stellte. „Anfangs nicht!
505 3976 1710 4042 erwiderte er, das eine Wort an den einen und das andere an
499 4018 1704 4084 den anderen von uns beiden richtend. „Besonders nach Prosa¬
499 4070 1708 4133 werken wie „Freiwild von Schnitzler, „Getto" von Herzl und
499 4123 1704 4185 „Teil mit Ferdinand Bonn. Selbst den großen Operettenerfolg
2111 870 2578 981 Neues Wiener Journal
3019 902 3335 1001 4. Februar 19.
1768 938 3313 1079 eisernen Theaterwillen Besessenen bloß einen dreijährigen er auf die Bühne
1762 1009 3295 1118 kontrakt gegeben. Das Klingelzeichen von oben ertönte und er zu: „Sie müssen!
1762 1071 3331 1176 mußte für immer von der Bühne abgehen. Da war der Heim- und Friseur von sich
1762 1108 2942 1202 gegangene großmütiger gewesen, denn er hatte vielen seiner
2973 1152 3331 1228 Wo ist die Tochter
1754 1158 2650 1249 Mitglieder einen längeren Vertrag zugestanden.
2965 1198 3329 1269 stand sie auf den
1861 1210 2942 1299 Das Direktionszepter im Johann=Strauß=Theater über¬
3071 1253 3329 1327 Hervorragend
1758 1257 2936 1339 nahm sein Sohn Erich, der, mit den Kniffen und Pfiffen des
2971 1287 3333 1369 sein Kind, und ih¬
1756 1301 2940 1392 väterlichen Berufs vertraut, schon als stellvertretender Direktor¬
2967 1343 3329 1420 Da griff die grausa
1754 1349 3329 1466 stellvertreter seinem Vater bewies, daß er schon bei dessen Leb¬ Rad und brachte
1746 1398 2934 1490 zeiten seine Spurnase geerbt hatte; denn er rettete damals im
2969 1436 3337 1510 Entsagung, das nich
1754 1448 3335 1561 Carl-Theater eine Vorstellung — „Das süße Mädel" war an¬ heit war, legte der
1746 1508 2934 1603 gesetzt und das Haus ausverkauft —, die durch die plötzliche Absage
2960 1533 3331 1609 herrscher nieder. Se
1748 1545 3333 1647 der Biedermann und Unauffindbarkeit ihrer Ramplacantin, der als er einem bekan
1758 1587 2932 1676 Zwerenz, unmöglich schien. Knapp vor Beginn noch kein Ersatz
2958 1635 3337 1708 in sein Theater mit
1760 1641 2940 1740 Siedepunkt der Verzweiflung! Da entsinnt sich Erich Müller, daß
3009 1682 3337 1748 kauft!“ dem von
1752 1684 3335 1794 ch unter den Bewerbern um Freibilletts ein Fräulein Kastner, „Komme mit tausen
1748 1746 3283 1855 „Soubrette am Stadttheater in Leipzig", wie es auf ihrer radiotelegraphisch
1736 1796 2924 1881 Visitenkarte hieß, befunden hatte. Blitzschnell eilte er ins Vestibul
2960 1825 3333 1895 Freuden und taufe
1740 1839 3333 1941 eruierte an der Kasse die behobenen Billetts, sandte den Sekretär Komiter, es war Os
1740 1881 3317 1988 ins Parterre, Fräulein Kastner augenblicklich auf die Bühne zu mit dem Ausdruck
1740 1929 3307 2036 schleppen, erteilt telephonische Befehle. Da stürmt atemlos der Direktion bedauert,
1736 1988 3116 2109 Sekretär zurück. Sie will nicht!" — „Was und schon flitzt können.
