3392 4224
838 115 1256 237 box 14/3
415 147 677 255 wild
154 157 363 258 8. F
2544 604 3047 684 30. November 1897
356 604 890 688 Beil z. Boh. Nr. 331.
1588 611 1801 691 Seite 2.
2185 722 3089 785 geckische Liebhaber Baldnin (Herr Zimmerer), eine Art
293 712 1201 778 hat er andererseits die Unvergänglichkeit der Form,
1228 719 2157 785 vorragenden Platz gesichert. Er hat die Beobachtung,
2185 778 3082 831 männliche Dirne, die Schmierenwirthschaft von ihrer
293 771 1204 827 das lebendige Weiterwirken der praxitlischen
1232 778 2153 834 die aufs Einzelne geht, und den Geist, der in den Kern
2178 824 3085 869 erbärmlichsten Seite, während uns in den Gestalten
290 817 2153 876 Werke bis ans Ende der Antike, ja weit über eindringt, er hat Auge und Herz, er hat genug vom
2188 862 3085 918 des Komikers Enderle (Herr Thaller) und des Cassiers
290 862 1194 921 dieselbe hinaus, voll und überzeugend entwickel
1235 869 2157 921 Techniker und vom Poeten, um als Dramatiker des
1232 914 3082 963 lauten Erfolges gewiß zu sein und den stilleren, der Kohn (Herr Bauer) der mildere Humor dieser leicht¬
286 914 1208 970 Wie die Aufgabe gelöst ist, zeigt wohl am deutlichsten
2188 963 3085 1019 fertigen Welt anmuthet. Der Wiener Hausherrnsohn
286 960 1201 1019 das „Hermes“=Capitel. Bekanntlich wird aus der
1235 960 2157 1026 in den Gemüthern nachklingt, zu behaupten. Der Titel
2185 1009 3092 1057 Poldi Grehlinger (Herr Löwe) und der gutmüthige,
286 998 1201 1061 Thatsache des Mangels irgend einer Nachbildung
1232 1012 2157 1071 seines neuen Schauspiels „Freiwild, das am Samstag
2188 1057 3085 1110 bornirte Husarenlieutenant Vogel (Hr. v. Wymetal
293 1054 1190 1113 dieses in Olympia gefundenen praxitelischen Original
1228 1057 2153 1113 mit durchschlagendem Erfolge in Scene ging, sagt mehr
2188 1106 3085 1162 vertreten den Kreis selbst fälliger und gedankenlose
293 1099 2157 1159 werkes geschlossen, diese Schöpfung habe nur zu seinen als er mitzutheilen verpflichtet ist. Es ist nicht nur ein
2185 1148 3089 1201 Lebejünglinge, in dem Badearzt Dr. Wellner (Herr
283 1159 1201 1222 geringgeschätzten und darum nicht copierten Arbeiten
1235 1155 2157 1201 Name, der den Gegenstand bezeichnet und von andern
2185 1187 3082 1249 Schmidt) lernen wir einen überlegenen, in sich ge¬
286 1197 1197 1256 gehört. Nach einer freisinnig vollendeten Einzelunter¬
1239 1204 2160 1256 unterscheidet, sondern ausnahmsweise ein Merkwort,
2185 1239 3089 1295 festigten Mann kennen, der mit jeder Art von Men¬
290 1246 1201 1305 suchung wird uns aber gezeigt, daß gerade dies Wer¬
1235 1246 2157 1302 das die Sache, um die es sich handelt, im Wesen
2188 1291 3082 1340 schen fertig zu werden weiß, im Oberlieutenant Rohn¬
286 1288 1201 1351 eines der wirksamsten der antiken Plastik war, das in
1235 1295 2157 1344 trifft. Unter „Freiwild“ werden jene dem Unglück ge¬
2188 1337 3092 1389 stedt (Herr Reucker) einen trefflichen Officier, der ein
286 1333 1197 1396 der Silen-Bacchusgruppe, dem „Symplegma" des
1228 1340 2157 1410 weihten Menschen verstanden, die den Vorurtheilen und
1232 1382 3085 1441 Gewohnheiten der Gesellschaft, in die sie der Zufall strenges unbestechliches Urtheil mit den warmherzigen
297 1375 1201 1445 Sohnes und künstlerischen Erben unseres Meisters,
2188 1431 3092 1480 Empfindungen des Kameraden vereinigt, und in dem
1228 1431 2150 1490 der Geburt oder die Wahl des Berufes versetzt, Tro¬
290 1427 1201 1494 seine Fortsetzung hat. So wird denn das vielgepriesene
2188 1480 3092 1529 Oberlieutenant Karinski (Herr Tauber) tritt uns eine
297 1480 2146 1536 Werk des Sohnes zum lautesten Ruhmestitel der zu bieten versuchen und ihrer Natur und ihrer Uiber
2185 1525 3092 1588 jener unheimlichen, gefährlichen Naturen entgegen, die
286 1532 1201 1588 Schöpfung des Vaters. Doch auch die Isolirung als
1225 1532 2157 1591 zeugung leben wollen. Sie werden von den Schlechten
2185 1570 3106 1619 in ihrer überreizten Leidenschaftlichkeit den Streit
290 1574 1201 1630 einziges Werk von Praxitele eigener Hand wird
1228 1577 2157 1633 gehetzt, von den Besseren bedrängt, oft von den Besten
2185 1619 3092 1675 suchen und auf die Spitze treiben. Karinski, der sich
286 1619 1197 1682 durchbrochen, im „Aberdeen'schen Kopf" des British¬
1235 1626 2157 1682 verkannt und erliegen schließlich als Opfer der wilden
2188 1668 3092 1724 nach keiner Seite hin zu zähmen weiß und der die
290 1672 1211 1724 Museum und dem „Kopf eines Diadochenfürsten in
1235 1675 2153 1731 Jagd. Ein Mann und ein Mädchen, ein reicher,
2178 1710 3082 1769 größte Leich fertigkeit mit herausforder der Empfind¬
1228 1721 2153 1773 scheinbar unabhängiger Erbe, der sich nicht vor die
290 1724 1201 1783 Berlin werden uns zwei weitere, nicht minder gran¬
2188 1762 3099 1815 lichkeit vereinigt, hat sich in eine äußerst schwierige
1228 1769 2157 1825 Mündung der Pistole stellen will, weil er einen Aus¬
286 1769 886 1829 diese Originalwerke wiedergegeben.
2178 1804 3092 1878 Lage gebracht; seine unbeweglichen Spielschulden wur¬
1232 1815 2153 1871 schreitenden gezüchtigt hat, und eine kleine Schauspie¬
363 1794 1197 1867 Was Praxiteles als eigentlicher Begründer der
2188 1857 3092 1906 den beim Regimente angezeigt, und die Bruta¬
1228 1867 2157 1920 lerin, die der Verderbniß ihrer verlotterten Umgebung
293 1850 1201 1923 Frauenschönheit in der griechischen Plastik für diese
2185 1906 3096 1958 lität, mit der er an einem öffentlichen Orte
297 1909 1201 1965 ward, lehrt fast jede Seite des Werkes und was über
1228 1913 2153 1961 widerstrebt, sind das „Freiwild der Gesellschaft; das
2181 1947 3092 2007 einen Civilisten mißhandelte, der zufällig etwas
1228 1954 2150 2021 tragische Schicksal, das sie erleiden, bildet den Kern
293 1954 1197 2017 Aphrodite, Artemis und Niobe gesagt ist, löst mancher
2178 1996 3092 2052 zu dicht an ihm beigekommen war, hat den
290 2010 1201 2066 alten Zweifel, beantwortet manche oft gestellte Frage
1228 2007 2150 2080 unseres Schauspiels, das sich getrost eine bürgerlich
2185 2042 3092 2094 Obersten seines Regimentes in lebhaften Unwillen ver¬
1235 2052 1654 2132 Tragödie nennen könnte.
297 2056 1201 2104 So sehen wir Praxiteles in seine Zeit hineingestellt
2185 2087 3096 2150 setzt. Rohnstedt gibt dem Kameraden in bester Absicht
1298 2066 2157 2157 Der Schauplatz des Stückes ist ein Badeort in
293 2104 1201 2160 durch sie bedingt, sie selbst aber auch vielfach bedingend
2185 2143 3099 2202 zu verstehen, welch mißliebiges Aufsehen diese Affairen
1228 2150 2157 2199 der Nähe einer Großstadt und das Milieu, in das
290 2150 1201 2206 Die Modernen modernster Richtung haben unserer
290 2188 3096 2251 Zeit ein leises Gruseln vor Gypsälen und Antiken wir eingeführt werden, eine leichtfertige Lebewelt, die erregen, und ertheilt ihm den guten Rath, rechtzeitig
2185 2234 3096 2286 die Officierscharge zu quittiren und sich auf das Gut
1235 2237 2157 2296 in den Tag und in die Nacht hinein genießt. Zwi¬
297 2248 1201 2300 sammlungen beigebracht. Die Erkenntnis zu fördern
2188 2272 3096 2331 des Onkels zurückzuziehen. Karinski aber verschmäht
1235 2289 2157 2345 schen den Officieren, die im besagten Badeort ihren
286 2296 1201 2352 daß auch hier Schönheit und Wahrheit sehen kann
2178 2328 3099 2384 diesen Rath, weil er lieber gar nicht leben als dem
1235 2335 2157 2394 Urlaub verbringen, und einer Schauspielertruppe
290 2335 1197 2394 wer nur sehen will. dies wird, so hoffen wir, abgesehen
2185 2366 3096 2426 Officiersstande entsagen mag. Zwischen all diesen
1235 2387 2157 2436 niedrigerer Ordnung, der der Schmierendirector
290 2394 1201 2467 von dem wissenschaftlichen Werthe, eine dauernde Folge
2188 2422 3092 2474 Menschen, in deren Getriebe uns die sogenannte „Ge¬
1235 2433 2157 2488 Schneider (Herr Zeisler) die Richtung gibt, hat sich
293 2433 586 2513 des Was sein.
2185 2464 3106 2523 sellschaft“, die Bohème und die Berührung dieser bei¬
834 2450 1169 2541 Arthur Mahler.
1228 2478 2153 2537 eine entente cordiale herausgebildet, die auf der An¬
2188 2520 3099 2576 den Lebenskreise anschaulich gemacht wird, begegnen
1235 2520 2157 2586 ziehungskraft des Ewig=Weiblichen beruht. Das Cou¬
2185 2565 3092 2614 uns zwei Ausnahmsnaturen, die sich in die Abhängig¬
1235 2579 2157 2628 lissengetriebe und der moralische Zustand einer kleinen
513 2572 1002 2673 Theater und Musik.
2185 2611 3096 2663 keit von ihrer Umgebung nicht fügen wollen, die
1235 2621 2157 2677 Sommerbühne werden in den ersten Scenen des
2188 2656 3099 2712 Schauspielerin Anna Riedel (Frl. Fasser), die aus
356 2631 1208 2722 Neues berisches Theater. (Zum ersten
1242 2670 2153 2729 Stückes mit einer satirischen Energie vor uns aufge¬
2178 2698 3099 2757 Kunstbegeisterung und in der Absicht, ihrer verarmten
223 2708 1204 2778 Male: „Freiwild, Schauspiel von Arthur Schnit=
1235 2708 2150 2768 rollt, die der Darstellern vielleicht ein erklärliches Un¬
2185 2750 3092 2806 Familie zu helfen, zum Theater ging, und der junge
290 2757 1204 2820 ler.) Zweimal bringt der Maler die Farbe in sei¬
1235 2761 2157 2820 behagen verursacht. Aber die Letzteren können sich dabei
2192 2799 3099 2851 Privatier Paul Rönning (Herr John), der, von einer
290 2806 1211 2883 Bild, damit sie natürlich und im Verhältnisse zu den
1235 2813 2150 2865 beruhigen, daß jeder Stand sein Proletariat hat und
2185 2841 3092 2900 schweren Krankheit genesen, zunächst das Dasein in
1235 2851 2157 2911 daß das Proletariat jedes Standes längst in das
293 2851 1208 2911 anderen Farben günstig wirke. Zum zweiten Male
2188 2883 3092 2942 vollen freien Zügen genießen will, ehe er sich für die
1239 2897 2146 2956 Spiegelbild aufgenommen ist, das die Bühne den
290 2904 1215 2960 tauchte mit „Freiwild die Farbe Arthur Schnitzler im
2188 2928 3092 2994 Wahl eines Berufes entscheidet. Die junge anständige
286 2953 1208 3019 Bilde unseres dramatischen Spielplans auf, und nun
1235 2953 2150 3005 Leben entgegenhält. Neben dem erwähnten Director,
2185 2984 3099 3036 Schauspielerin hat um ihrer tadellosen Lebensführung
1239 2994 2153 3054 der allen Vortheilen der Gemeinheit nachgeht und dessen
293 2998 1204 3047 wirkt sie noch natürlicher und günstiger auf uns ein
2188 3029 3092 3082 willen ein ganzes Martyrium zu bestehen, der Directe¬
300 3043 2157 3096 Es ist eine eigenthümliche, starke und doch nicht greelle Wesen aus lächerlicher Wichtigthuerei, Servilismus
2185 3075 3092 3131 setzt sie durch Scheinkündigung auf halbe Gage, weil
1242 3092 2157 3141 und frecher Willkür gemischt ist, zeigen uns die leicht¬
300 3089 1211 3144 Farbe. Unter den modernen Autoren, die das bürger¬
2181 3124 3089 3186 sie sich und dem Theater keine Freunde zu erwerben
1239 3134 2160 3193 fertigen Frauenzimmer Pepi Fischer (Fräulein Moller)
300 3141 1211 3193 liche Stück zugleich verschärfen und vertiefen wollen.
2188 3172 3092 3239 weiß, und der Oberlieutenant Karinski verfolgt sie mit
1242 3190 2164 3256 und Käthchen Schutz (Fräulein Bardi) und der närrisch
293 3190 1208 3253 hat sich der junge Wiener Dramatiker rasch einen her¬
1633 3235 1762 3378 .
2188 3319 3096 3424 Farbe, als das der Augen des deutschen Can¬
290 3343 2157 3431 die Accorde auf dem Instrumente wilder, leiden mit, und Graf Rajew, der den romantischen
2181 3406 3099 3462 didaten, und in den goldenen Knöpfen auf der
1239 3424 2153 3480 Ufern von Schönschwert nicht den geringsten
300 3420 1215 3480 schaftlicher, und Anna Alexandrowna's Wangen
2185 3455 3096 3518 liebeathmenden Brust des kecken Lieutenants, in
1239 3466 2160 3532 Geschmack abgewinnen konnte und während der
290 3476 1215 3528 begannen sich zu röthen, bis das Duo in
2188 3493 3103 3560 denen die Julisonne sich in tausend glitzernden
1235 3521 2157 3574 ersten vierzehn Tage seiner Verbannung vor
904 3514 1201 3588 gleichsam resig
293 3528 813 3581 weichen elegischen Tönen
2185 3549 3092 3626 Strahlen brach, glänzte es wie aus ebensoviel
290 3560 2146 3633 nirend, Verzicht leistend auf die Erfüllung un¬ Langeweile fast gestorben war, verliebte sich
2185 3598 3106 3658 Spiegeln, die Vergangenheit und Zukunft in
1239 3616 2160 3671 sofort mit einer Leidenschaft in Anna Alexan¬
290 3612 1211 3668 erfüllbarer Wünsche ausklang. Der Candidat
2188 3644 3096 3706 wunderlicher Durchschlingung miteinander wieder¬
1242 3654 2157 3717 drowna, die selbst seinen gestrengen Obersten
297 3661 1218 3720 stand verlegen auf und rieb sich, da er nichts
2181 3696 3092 3762 gaben, Erinnerungen und Hoffnungen zugleich
1235 3703 2157 3766 nicht geschont haben würde, wenn dieser es ge¬
293 3710 1208 3769 besseres zu thun wußte, die Hände, bis Anna
2185 3745 3099 3797 erweckend — flimmerte es wie Kerzenlicht und
1239 3755 2150 3811 wagt hätte, sich derselben entgegenzustellen. Der
297 3759 1204 3811 Alexandrowna ihn bat, ihr in dem deutscher
2185 3783 3096 3842 der angenehme Glanz von Marmor, Bronze,
1246 3801 2157 3860 Candidat war am Tage des ersten Besuches
297 3804 1218 3867 Buche weiter vorzulesen, das er ihr geliehen.
2185 3832 3099 3888 Malacht, Parkett, Spiegeln, Perlen, Bril¬
380 3839 2150 3912 Der arme Candidat! Er war schon nahe und der kurz darauffolgenden nicht leihweise au
2188 3877 3103 3933 lanten . . . Dies Blau war das Blau am
1235 3895 2160 3951 dem Gute der Großmutter, sondern bei seinem
297 3874 1211 3954 daran, sein empfindsames Herz, welches durch
2188 3926 3103 3982 sorgen- und wolkenlosen Himmel des Vater¬
1249 3944 2153 4003 flachshaarigen Zöglinge, dem er sich vergeblich
297 3944 1211 4000 diese schwärmerische Liebe zur Musik und zur
2188 3975 3103 4055 hauses, diese Sonne die Sonne ihrer lachenden
1242 3989 2146 4045 abmühte, die Elemente des Klavierspieles bei
286 3989 1208 4048 deutschen Sprache und Literatur ebenso sehr
2185 4024 2450 4083 Kinderzeit.
1249 4034 2157 4094 zubringen; als er wieder erschien, kam er nicht
293 4027 1218 4101 wie durch die dunklen Augen seiner Schülerin
2272 4031 3106 4118 Pferde wurden gesattelt, Anna Alexan¬
1242 4080 2146 4143 mehr in Betracht. Er trat ab vom Schauplatze
810 4087 1208 4139 and
373 4087 719 4171 ende
