3484 4224
806 165 1217 275 box 14/4
252 174 577 290 Freiwi
107 185 330 304 8.
223 794 539 884 serem K.
2605 910 3268 968 haben, dem Reichthum seiner Um
322 913 1394 974 Man pflegt Ibsen und Wagner in Einem Athen zu
1420 913 2576 976 Theaternatur, welcher der Sinn für Farbe, Glanz, Pracht,
2599 962 3265 1020 Herrscher, der wirklichen Herrscher
232 959 1394 1023 nennen. Zweifellos besteht eine Aehnlichkeit zwischen ihnen.
1431 956 2506 1020 für das Ueberraschende, Packende und Verblüffende
2602 1005 3265 1072 Gefühle begegnet, das alle Mensa
232 1014 1391 1069 Beide haben ihre Gemeinden und Jünger, die jeden Minder¬
1428 1014 2576 1078 häufig zum Leitmotive wird; Ibsen ein Maler in asch¬
2602 1060 3257 1121 nüchtern, grämlich, nur theoretisch
240 1058 1391 1121 gläubigen für einen Barbaren halten, der ein Götterbild
1434 1058 2474 1124 grauem Ton, der seine Sprache in die Convention
2602 1110 3242 1168 thum, in seiner Lehensweise zu
1426 1107 2469 1168 Alltags herunterdrückt. Wagner führt die Mystik
238 1110 1394 1162 nicht begreift: Beide vollzogen eine Umwandlung in der
2602 1156 3257 1226 wohnheiten der Philister neigend,
1420 1153 2489 1220 ihren mittelalterlichen Leidens= und Gemüthsaccenten
238 1150 1394 1214 dramatischen Schule, Beide tragen den Familienzug der
2602 1202 3274 1258 die buschige Mähne, trägt in zier
238 1205 1397 1258 Romantik, welche die widersprechendsten Kunstrichtungen
1426 1202 2509 1260 decorativen Schmuck ein, Ibsen verwerthet sie wie ein
1426 1243 2576 1318 nebelndes Narkotikon, um der Auffassungsfähigkeit seines
2602 1255 3263 1318 Orden an buntem Bändchen und
226 1252 1397 1315 durcheinander wirft: Beide greifen zu dem Quell der
2608 1292 3265 1350 Unmuth zu den Stützen der Ge¬
1428 1289 2576 1359 Zuschauers Gewalt anzuthun; Wagner, in einer kräftigen
238 1295 1394 1368 alten Volksmuse zurück — Wagner zu der Weisheit der
1428 1344 2576 1402 revolutionären Epoche gereift, möchte alle Künste,
249 1347 1399 1414 germanischen Sage, Ibsen zu den Schrecken bekannter nordi¬
2602 1339 3268 1411 morsche Zerbrechlichkeit sein kriti
1426 1394 2573 1449 die Poesie, die Malerei, die Architektur der seiner
258 1394 1394 1452 scher Balladen, deren Sünder und Helden er in moderner
2611 1397 2799 1478 enthüllte.
1420 1443 2576 1498 dienstbar machen, damit diese die Welt erfülle,
240 1443 1397 1498 Emancipationssucht auf die Bühne führt; Beide zeigen
2692 1443 3239 1544 Von diesem Doppelzuge ist
1431 1484 2579 1547 Wort, Melodie, Sprache des Orchesters, das Bild der
240 1489 1399 1547 den nämlichen träumerischen Hang nach dem Wunder¬
2611 1495 3245 1599 zu verspüren, sie bringen die
1431 1533 2573 1597 Scene werden im Sinne seines ruhelosen Geistes umge¬
243 1541 1399 1597 baren, dieselbe Gabe, an den Nerven des Hörers zu
2608 1559 3274 1637 gebeugt zum Vorschein. Diese
1434 1576 2576 1649 prägt; Ibsen, aus der Enge der Studierstube hervorge¬
255 1579 1399 1646 zerren: Beide flößen den Talenten, mit denen sie in
2619 1611 3277 1669 Ausdrucksformen, die sich so weni
1434 1637 2579 1698 gangen, durch die knorrige, kernige und trotzdem kleinliche
246 1631 1391 1689 Wettbewerb getreten, früh ein Gefühl der Schwäche ein
2611 1657 3263 1712 unterordnen, und auch nicht in
1426 1683 2582 1741 Welt seiner Heimat in einen bestimmten Ideenkreis einge¬
246 1678 1394 1738 Meyerbeer erkannte in Wagner den Stern der Zukunft,
2608 1715 3265 1788 Themen von der unverstandenen
1446 1727 2587 1788 schnürt, zwängt seine großen Absichten in einen kleinen
243 1724 1399 1791 Dumas deutet in seinem letzten, der Aufführung ent¬
2611 1762 3254 1820 zwischen Alt und Jung, von
1434 1773 2582 1837 Rahmen; nicht umsonst war dieser wetterharte Vikinger
240 1782 1397 1843 zogenen Stücke „Die Sphinx" mit einem Hinweis auf
2614 1802 3286 1886 heuchlerischen Grimmasse der Gese
1437 1828 2582 1889 zwei Jahre der Leiter eines Theaters. Charaktere, Situa¬
243 1823 1394 1883 Ibsen an, daß ein nordischer Kraftmensch kommen werde
2608 1854 3257 1918 Bühne seit undenklichen Zeiten,
1431 1866 2587 1936 tionen, Verwicklungen, die berühmte Autoren einander
246 1875 1402 1933 das große Welträthsel der Frau zu lösen. Wagner und
2614 1907 3263 1962 die ewige Gerechtigkeit begegnete
1437 1921 2579 1976 gegenseitig zu entlehnen pflegten, ziehen ab und zu durch
249 1915 1405 1982 Ibsen sind philosophische Dichter, welche ihre producirende
2619 1956 3274 2014 frömmigkeit früherer Promethens¬
1443 1970 2585 2034 sein Gedächtniß, die symmetrischen Scherze des schachspiel¬
246 1973 1402 2031 Kunst zeitweilig wie einen Nebenbetrieb einrichten.
2619 2005 3268 2060 wald Alving's reichen bis zum
1437 2017 2587 2078 artigen französischen Dramas kehren in seinen Stücken
249 2022 1399 2078 Für den Einen schuf Schopenhauer die Parole, Nietzsche,
2619 2054 3248 2127 schen, der trotz seiner Weisheit
1437 2063 2587 2118 wieder. Rosmer und Rebekka reizt es, auf dem nämlichen
243 2069 1391 2127 der officielle Weltweise der Modernen, die denken
2616 2098 3228 2176 Elend bestimmt ist. Macht
1434 2109 2590 2170 Weg wie Frau Rosmer in den Tod zu gehen. Wenn die
252 2118 1399 2173 inspirirte und unterstützte den Andern. Dem Ueber¬
2619 2135 3283 2199 entspringen den oppositionellen
1446 2162 2587 2222 Gespensterstimmen in Frau Alving's Stube unheimlich
243 2164 1399 2225 menschen des Philosophen entstammt der so weitläufig
1440 2196 3294 2304 zu lispeln beginnen, erzählt sie: „Lassen Sie mich!" hörte Dichtungen, ihrem erbarmungslos
255 2211 1411 2266 begründete Adelsmensch auf Rosmersholm, seine aristo¬
2614 2240 3213 2321 tyrannische Oberhoheit der
1443 2251 2585 2312 ich eines Tages meine Dienstmagd rufen, die mein Ge¬
255 2260 1411 2318 kratisch-politischen Tendenzen bestimmen Ibsen's Feind= und
2616 2286 3265 2350 individuelle Freiheit, gegen die
1434 2298 2587 2361 mal, der Kammerherr, verfolgte." — „Lassen Sie mich!"
249 2306 1405 2367 Freundschaft für das Volk. Nietzsche erblickt, das Wesen
2616 2335 3280 2411 die eine tiefe Gefühlsgemeinsch
1449 2344 2579 2414 schreit im selben Augenblick das Stubenmädchen Regine
258 2356 1402 2411 des Dramas „im Widerstreit der Individualitäts=Freiheit
2619 2382 3277 2457 Frau verdrängt, gegen alle B
1431 2396 2590 2454 das im Nebenzimmer den jungen Oswald abwehrt;
249 2405 1399 2469 Apoll's und des sinnlichen Zwanges des Dionysos
2619 2434 3277 2515 und Auffassungsmumien einer
1443 2445 2593 2506 das Schicksal dieser Familie ist auf den nämlichen Mahn¬
258 2454 1408 2512 — kein Werk Ibsen's, in dem dieser Gegensatz nicht unter
2619 2489 3274 2547 nung, welche die Freude am
1443 2489 2585 2553 ruf gestimmt. Und wieder in einem Zuge Scribe'schen
252 2503 1408 2553 irgend einem Namen auftauchte. Nietzsche prophezeit in dem
2614 2530 3286 2605 Menschen längst nicht mehr Genü
1449 2541 2590 2596 Geistes, der starke Wirkungen durch kleine Ursachen herbei¬
261 2547 1411 2605 bilderstürmenden Pathos des deutschen Gelehrten, daß die
2622 2582 3286 2640 dieses kühnen Prosectors der opp.
1449 2590 2590 2657 führt, zündet der in einem so armseligen Gedankenkreise
255 2596 1411 2657 Wiedergeburt der Tragödie mit der Neubelebung des
2628 2634 3280 2706 seine Absicht, auf den Ruinen de
1449 2637 2590 2695 große Verbrecher Engstrand die ironische Feuersbrunst an,
258 2640 1414 2706 Thyrsusstabes erfolgen werde — eine capriciöse Heldin
2619 2674 3286 2738 erstehen zu lassen, dem Leser
1443 2683 2585 2758 deren Flammenschein nicht nur das Haus Alving be¬
255 2698 1411 2770 Ibsen's sehnt sich unaufhörlich nach dem Weinlaub des
2631 2729 3286 2784 schauer. Was Jener mühelos un
1431 2729 1695 2808 leuchtet.
246 2744 661 2819 Bacchus im Haare.
1533 2744 3286 2834 Die charakteristische Verschiedenheit Wagner's und Ib. Diesem verworren; über jedem
351 2770 1411 2851 Und doch, welch weite, weite Kluft zwischen den Na¬
2619 2822 3283 2898 Schatten des zweiten Theiles von
1457 2825 2515 2889 sen's verräth sich nicht nur in ihrem inneren Wesen,
255 2816 1411 2892 turen Wagner's und Ibsen's! Jener nach peinlichen
2622 2869 3289 2929 in der ersten Hälfte des vorig
1449 2869 2590 2935 tritt auch äußerlich hervor. Wagner erscheint immer bewegt,
261 2877 1417 2944 Kämpfen getragen von einer glänzenden Volksthümlichkeit,
2628 2918 3294 2982 Schriftsteller begeistert für die
1443 2924 2587 2982 lebendig, übermüthig wegwerfend, voll sprudelnder Thaten¬
261 2938 1417 2990 dieser nur von einzelnen Führern literarischer Bewegungen
2625 2961 3265 3060 Faust eintraten, pilgerte Hollei
264 2973 2593 3068 Anerkannt; Wagner trotz seines universellen Geistes eine lust und phantastischer Ueberschwänglichkeit; in seinem Ge¬
