3436 4384
198 129 363 214 8.
427 127 693 229 wil
507 2342 611 2440 22,
495 2597 618 2672 n
500 2811 625 2862 ihrung.
490 2854 618 2929 macht.
488 3050 566 3127 el
495 3179 638 3287 on
513 3354 646 3413 tsche
511 3405 637 3468 Seiden¬
525 3456 637 3531 reisen.
578 3519 655 3580 793
527 3789 621 3941 e
539 3940 629 3997 elche
543 3988 631 4032 Ge¬
537 4024 633 4074 del¬
551 4068 636 4106 arze
894 115 1309 212 box 14/3
967 716 1319 790 Der Salon.
903 859 1428 937 Specialitäten in
718 936 1592 1030 Herren- u. Damen-Handschuhe
1091 1021 1237 1078 empfiehlt
838 1043 1500 1144 AMELIE MASINI
734 1142 1592 1206 Wien, I., Kärntnerstrasse 31.
999 1188 1344 1246 (Hotel Erzherzog Carl).
718 1323 1610 1415 Internationales Familien=Pensionat
698 1408 1625 1481 Wien, I., Elisabethstraße 20, 2. Stock, (ohne Mezzanin).
710 1475 1624 1546 Pension I. Ranges. Civile Preise. Elegantes Bad. 602
1522 1626 1613 1715 3
754 1647 1548 1760 Mme. A. Glauben
968 1758 1389 1855 Mieder-Salon
793 1840 1567 1950 Wien, I., Kärntnerstrasse 29
747 1934 1616 2026 empfiehlt ihre nach modernster Pariser Façon
1188 1993 1410 2053 hergestellten
1050 2029 1546 2104 CORSETS,
979 2086 1625 2167 Umstands-, Bade- und Comode — Mieder,
1003 2151 1594 2217 sowie die für radfahrende Damen
1164 2202 1444 2266 unentbehrlichen
979 2248 1616 2323 k. u. k. patent. Busenhälter
799 2314 1583 2383 welche eine elegante plastische Büste machen.
951 2376 1387 2437 Preis per Stück fl. 5.
814 2640 1536 2721 Johann Zemann
1022 2710 1332 2768 Special-Atelier in
733 2753 1637 2858 Amazonen, engl. Damen=Costüme u. Radfahrdreß
1109 2872 1629 2959 1. Führichgasse 7, 1. Stock.
748 2898 860 2971 Wien.
939 3099 1471 3191 Theater u. Literatur.
722 3183 1667 3275 .
815 3250 1677 3317 Das theatralistische Ereigniß der letzten
718 3299 1677 3362 Tage ist der am 1. d. M. perfect gewordene
728 3357 1678 3409 Directionswechsel im Hofburgtheater.
730 3389 1677 3456 Dr. Maximilian Burckhard hat seine Stelle
724 3452 1677 3511 an Dr. Paul Schlenther, dem Kritiker der
734 3487 1683 3566 „Vossischen Zeitung" abgeben müssen. Jetzt erst
734 3548 1673 3607 wägt man ab, was man an Burckhard ver¬
730 3577 1683 3651 loren hat, was er geleistet und verbrochen hat.
734 3641 1684 3701 Denn seinen Sturz haben nicht allein eine
730 3677 1681 3739 Schauspielerelique und seine eigenen Dramen
730 3725 1684 3794 veranlaßt, es sind auch tiefere Ursachen mit im
740 3779 1673 3838 Spiele gewesen, die unabänderlich einen Direc¬
736 3820 1684 3884 tionswechsel herbeiführen mußten. Tiefer liegende
740 3867 1684 3930 Ursachen sind es, die im Repertoire und im
740 3926 1690 3987 Personale wurzeln. In den acht Jahren der
740 3964 1690 4027 Burckhard'schen Theaterregierung hat sich das
740 4009 1686 4076 Repertoire verflacht, verringert, verunfeint. Die
1668 791 2627 868 wurde aber auch die Sandrock herangezogen,
1678 856 2630 912 an der Wolter Stelle gesetzt und mit classischen
1680 905 2631 962 Partien reich bedacht. Immer mehr tritt zu
1680 949 2633 1000 Tage, daß sie diesen Rollen nicht gewachsen
1684 994 2630 1056 ist. Sie zieht die hehren Dichterfürsten durch
1684 1049 2637 1103 ihre Darstellung in die Sphären eines Schnitzler
1683 1091 2630 1157 oder Dörmann herab. Es heißt nun warten,
1684 1147 2623 1206 ob Dr. Paul Schlenther der ersehnte Re¬
1690 1184 2635 1250 generator des Theaters am Franzensring ist
1686 1232 2633 1291 Er war Journalist, ist ein gelehrter Kenner
1686 1283 2640 1342 der deutschen Bühne und ihrer Geschichte und
1689 1325 2642 1387 wirft zu seinem profonden Wissen den besten
1698 1374 2642 1441 Willen ist die Wagschale. Möge er als Director
1696 1435 2634 1484 Glück, vornehmen Geschmack und Energie be¬
1696 1476 2646 1556 kunden, das wäre unserem Burgtheater vor
1692 1524 1963 1587 allem nöthig.
1788 1550 2646 1628 Eine sehr interessante Vorstellung war die
1696 1614 2645 1673 letzte Reprise von Schiller's „Braut von
1692 1659 2642 1717 Messina". Frl. Bleibtreu gab die
1698 1709 2645 1767 Mutter mit edlem Anstand und feiner Nuanci¬
1696 1754 2649 1821 rung, die Herren Reimers und Robert
1696 1798 2648 1864 wetteiferten als feindliche Brüder in Spiel und
1698 1845 2584 1916 Sprache. — Herr Reimers sah überdies
1692 1908 2652 1959 männlich schön aus, daß es kein Wunder ist,
1698 1942 2648 2006 wenn er gerade in dieser Vorstellung vielen
1698 1999 2645 2058 Damen ausnehmend gut gefiel — und der
1698 2040 2651 2098 Chor bot eine prächtige Leistung. Frau
1698 2092 2649 2157 Hohenfels gab die Beatrice, die sie bereits
1698 2135 2654 2198 vor einem Vierteljahrhundert creirt hat. Ihr
1704 2190 2651 2251 rauhes Organ wird, wenn sie Sentimentale
1715 2231 2655 2298 spielen soll, zur Qual der Zuhörer und ihre
1704 2280 2661 2341 harten Züge rauben jede Illusion. Um dieser
1704 2334 2658 2388 Braut von Messina willen wären Isabellas
1714 2376 2658 2451 Söhne wahrlich nicht in tödtlichen Streit ver¬
1709 2434 1834 2495 fallen.
1804 2469 2660 2539 Von den Premieren dieser Tage hat nur
1708 2515 2660 2581 eine, das freche Stück „Freiwild“ eine gewisse
1710 2566 2661 2628 Bedeutung. Im Carl-Theater gab man
1708 2613 2660 2674 eine unverwüstliche Suppé'sche Operette unter
1710 2653 2667 2729 dem neuen Titel „Die Pariserin", mit
1710 2707 2662 2766 neu unterlegten, furchtbar albernen Libretto.
1720 2754 2667 2823 Frl. Stojan brillirte wie immer. Im
1714 2808 2652 2875 Raimund=Theater fielen zwei lang¬
1720 2846 2670 2913 weilige Stücke eines gewissen Rudolf Holzer
1726 2907 2670 2965 jämmerlich durch und im Theater an der
1716 2937 2661 3003 Wien gab man den „Maler=Veri“. Der
1722 2995 2670 3056 antik klingende Titel sagt zur Genüge, welch
1726 3033 2676 3111 geistloses Machwerk dieses Stück ist. Es ist ein
1722 3088 2667 3149 Abklatsch der Birch=Pfeifferiaden und Münchener
1722 3132 2666 3203 Bauernstücke, hyperromantisch, unwahr, un¬
1716 3192 2422 3258 logisch und heuchlerisch empfunden.
1820 3221 2668 3301 „Freiwild dagegen, das im Carl¬
1728 3278 2668 3347 Theater letzten Freitag zur Erstaufführung
1732 3332 2673 3397 gelangte und in dem die Herren Klein und
1721 3365 2615 3443 Reusch für ihre vorzüglichen Leistungen
1728 3413 2668 3494 Frl. Sangora als Anna war einfach elend
1818 3471 2673 3531 reichen Beifall fanden, ist ein für die
1722 3523 2670 3584 Moderne symptomatisches Machwerk. Der
1734 3567 2679 3632 Dialog ist, wie in allen Stücken Schnitzlers
1732 3603 2677 3677 unfein, die Handlung gedrückt zusammengestellt,
1734 3663 2677 3728 aber hyperpikant — das wäre nicht das Neue,
1740 3708 2678 3773 Symptomatische. Schnitzler wagt es aber,
1732 3756 2679 3828 in „Freiwild“ den österreichischen Officiersstand
1732 3798 2677 3869 und seine über jede Kritik erhabenen Ehr¬
1732 3847 2679 3916 begriffe an den Pranger zu stellen. Der orien¬
1734 3898 2685 3964 talische Dichterling, der jedenfalls nur von
1738 3947 2688 4009 wenigen oder gar keinen Officieren ihrer Gesell¬
1748 3994 2685 4059 schaft für würdig gehalten wird, behauptet mit
1757 4033 2691 4120 recher Zunge, daß die Civilisten für die
