3436 4448
129 169 244 269 8.
290 165 638 273 Freiwil
814 165 1230 273 box 14/3
1657 864 2700 943 mehr als dadurch England veranlaßt werden könnte,
2941 879 3267 972 Publikum auf¬
606 904 1402 997 Die Sudanexpedition und die Mächte.
1664 900 2916 983 hülfe bei der von allen europäischen Mächten gemeinsam zu unter¬
2941 947 3271 1004 durch den Vertrag
448 950 2908 1029 Die Entscheidung des Appellationsgerichtshofes in Alexandrien, nehmenden Action behufs Lösung der türkischen Krise zu versagen
2944 990 3263 1044 lische Handel wer
362 993 1639 1076 insachen der für die Dongola expedition verwendeten Reservegelder
1668 1022 2908 1076 Die russische Regierung kann demnach erst nach einer allseitig be¬
2951 1029 3271 1087 schreibt: „Währen
359 1072 1632 1126 der ägyptischen Staatsschuldenkasse wird in englischen Regierungs¬
1657 1072 3267 1126 friedigenden Lösung der türkischen Angelegenheit daran denken, falls Rußland seine Zi
2962 1144 3263 1226 schlechteren Natu
1653 1112 2923 1226 durch ihr Welschen der Ohrfeige eine Demonstration gegen den Mil¬
868 1180 1144 1280 Lobetheater.
2951 1219 3263 1284 Natürlichkeit des
1664 1223 2923 1273 tarismus zu insceniren glaubten, fällt es schwer eine parlamen¬
717 1234 1280 1330 „Freiwild." — „Opus I.
2951 1270 3238 1334 zwanglos und
1660 1273 2919 1323 tarisch zulässige Bezeichnung zu finden. Den Dichter und sein
2955 1309 3267 1377 süchtigen Spieler
1664 1316 2919 1366 Werk soll man dafür nicht verantwortlich machen. Den bei der
455 1295 1628 1374 Zum zweiten Male bereits in dieser Spielzeit ist Dr. Arthur
2959 1359 3271 1424 spielerisch schwä
369 1341 1628 1424 Schnitzler, der jüngste und erfolgreichste der wiener dramatischer
1660 1366 2923 1417 Aufführung von „Liebelei" ihm nachgerühmten Vorzug, daß er die
2951 1409 3271 1470 Kameraden zur
366 1409 1625 1470 Dichter, nun auf der Bühne des Lobetheaters zu Wort gekommen
1664 1409 2916 1474 Verschuldung auf beiden Seiten gerecht vertheile, zeigt auch sei¬
2948 1456 3267 1524 Vogel, der an
1660 1460 2041 1528 neuestes Schauspiel.
359 1463 1628 1517 Das Auftreten der gleichen Schauspieler in den nahe verwandten
2951 1495 3278 1556 der Oberlieutena
1750 1474 2919 1564 Oberlieutenant Karinski — der deutsch=österreichische Dichter
369 1510 1628 1560 Rollen von „Freiwild“ und „Liebelei“ fordert den Vergleich zwischer
2962 1549 3278 1614 seiner Gerechtigt
1660 1549 2919 1603 hat wohl nicht ohne Absicht grade für diese Gestalt einen slawischen
359 1556 1628 1610 den beiden dreiactigen Schauspielen noch stärker heraus, als er
2951 1596 3271 1657 und Mensch de
1664 1603 2916 1653 Namen gewählt — ist wegen mancher Dinge, die er auf dem Kerb¬
369 1599 1625 1660 ohnehin durch manche Parallele in der Dichtung begründet ist
2951 1643 3271 1711 Regimentskamera
359 1650 1635 1703 Die Gegenüberstellung der beiden Mädchencharaktere, der tief empfin¬
1660 1653 2919 1703 holz hat, bereits auf dem Sprünge, als er wegen einer jungen
2951 1693 3256 1757 über kann man
1664 1689 2923 1750 Schauspielerin, die ihn zurückweist, einen Streit mit dem Beschützer
359 1696 1628 1754 denden Unglücklichen (Frl. Niedt) und des leichtfertigen Alltags¬
2955 1743 3263 1800 füglich nicht red¬
1660 1743 2919 1793 der kleinen Anna Riedel vom Zaune bricht. Wenn dieser Beschützer,
369 1747 1632 1815 geschöpfes (Frl. Jurberg), wie der beiden Manner, des trotz seiner
2951 1786 3271 1847 Abweisung Rönn
1660 1793 2919 1847 Paul Rönning, nun aber meint, die Sache sei mit der Ohrfeige
369 1790 1625 1843 ernsteren Anlage zur Liebelei Verleiteten und des oberflächlichen
2951 1833 3246 1890 rein menschlich
1653 1833 2923 1890 abgemacht, er brauche sich mit einem so schlechten Menschen wie
369 1840 1625 1897 heiteren Genußmenschen (Herr Höfer), kehrt in beiden Stücken nu¬
2955 1883 3263 1940 Beifall bei offen
1657 1886 2926 1940 dieser Karinski nicht zu schießen, so wirft der Dichter wohl eine
366 1883 1628 1940 unter geringer Verschiebung wieder. Es ist eine bestimmte technische
2951 1922 3292 1987 keineswegs leicht
1664 1929 2916 1987 Frage auf, er nimmt aber nicht Partei. Es ist gewiß sehr schlimm
373 1929 1632 1983 Grundlage, auf welcher der bühnenkundige Dichter beide Male das
2951 1972 3271 2041 wahr durchgefür
1664 1983 2916 2037 daß ein Vertheidiger des Rechtes wegen seiner ehrenwerthen Hand¬
366 1976 1635 2037 Gerüst seines Dramas aufrichtet. Aber in seinem zweiten Schau¬
2951 2019 3260 2080 manchen Guten,
1664 2026 2919 2084 lung von einem frivolen Raufbolde bedroht werden kann. Aber
373 2026 1628 2084 spiele zeigt sich alles voller und reicher ausgebildet. Die Absichten
2951 2066 3271 2137 lungen ist. In de
362 2069 2916 2127 des Verfassers sind hier auch fest und bestimmt durchgeführt. Aus wenn dieser Karinski nicht k. k. Offizier, sondern mit seinen Tem¬
2951 2112 3246 2180 Herr Botz erst
1664 2123 2919 2173 peramente ein Arbeiter oder Hausknecht wäre, so würde er die
366 2123 1628 2180 den einzelnen Personen sind Gruppen geworden, in denen ein¬
2944 2155 3253 2223 da gelang ihm
1660 2166 2912 2227 Beschimpfung, die er durch die körperliche Züchtigung erlitten hat
373 2166 1625 2227 Reihe verschiedener Charaktere, alle mit gleicher Lebenswahrheit ge¬
2951 2209 3260 2274 Marx wird sich
362 2213 2916 2281 zeichnet, hervortreten. Die komischen Scenen wechseln nicht nur ganz gewiß ebenso zu rächen suchen, dem Vertheidiger der Unschuld
2951 2259 3278 2327 zutragen; sein
373 2263 2923 2320 geschickt und ungezwungen mit den ernsten ab, sondern bilden wirk= auflauern und ihn mit einem Knüttel niederschlagen oder mit einem
2951 2299 3263 2360 komische Chara
1664 2313 2916 2363 Messer niederstechen. Das liegt, man mag es noch so sehr bedauern
373 2313 1632 2371 lich den unentbehrlichen Hintergrunde der Handlung selbst. Die
2951 2360 3281 2421 Rönning's Freu¬
1660 2356 2916 2410 in der menschlichen Natur, und es scheint doch äußerst fraglich, ob es
373 2356 1635 2410 Satire über das Theaterwesen birgt in ihrer humor voll lustigen
2955 2403 3256 2464 so steht der er¬
1664 2406 2923 2460 jemals gelingen wird, diese Natur so weit zu veredeln, daß
373 2406 1625 2464 Einkleidung eine scharfe Spitze. Der Dichter versteht es, innerhall
2944 2442 3246 2510 über. In der
1664 2453 2919 2507 derartige traurige Vorkommnisse sich nicht mehr ereignen. Wenn das
366 2446 1628 2510 der einer Dichtung gezogenen Grenze die socialen und künstlerischen
2951 2492 3263 2557 hammer ein w
1668 2492 2919 2550 Gigerl Poldi (Herr Marx) ein sehr naher Verwandter des duell¬
373 2507 1625 2553 Uebelstände unseres Bühnenwesens zu verurtheilen. Vorgänge wie
2944 2535 3263 2604 vortrefflich gesp
1660 2539 2887 2607 süchtigen Reservelieutenants aus Sudermann's „Ehre", den „Codex
373 2546 1632 2604 die in dem Stücke geschilderten, daß der Director des „Kunst¬
2955 2589 3271 2665 Freundes versetzt
1660 2596 2912 2650 nach dem Streitigkeiten ordnungsmäßig geschlichtet werden, der
366 2589 1635 2654 instituts eine junge Schauspielerin als unbrauchbar entläßt, um
2955 2636 3281 2704 gemein hat, da¬
1668 2639 2919 2700 Selbsthülfe gegenüber als Sicherungsmittel anpreist, so klingt das
373 2647 1625 2704 sie dann für das halbe Geld für die gleichen Rollen wieder an
2951 2683 3263 2747 leidigung als un
373 2683 2919 2743 zunehmen, sollen durchaus nicht nur in Sommertheatern kleiner aus diesem Munde sehr komisch. Aber wenn man mit Paul
2951 2729 3263 2797 bleibt, wenigsten
1664 2729 2919 2790 Rönning das Zuschlagen für nothwendig und selbstverständlich an¬
366 2736 1625 2794 Badeorte sich abspielen. Der Dichter hat auch den Titel seine
2955 2779 3263 2844 zusetzen. Freili¬
1668 2783 2923 2837 sieht, so muß man sich doch auch sagen, daß der Geschlagene das
373 2783 1625 2840 Stückes weiter gefaßt, als die tendenziöse berliner Kritik erkennen
2951 2822 3263 2880 treffen seines un
1660 2830 2916 2894 in irgend einer Weise zurückzugeben suchen wird, und da ist ein¬
369 2833 1628 2894 wollte. „Freiwild“ ist nicht nur der dem Offizier das Duell ver¬
2951 2880 3267 2951 Rächer seiner be¬
1664 2876 2898 2937 gewisse Regelung von Schlag und Gegenschlag durch den „Codex
366 2883 1625 2941 weigernde Civilist, als „Freiwild für das freche Begehren der
3030 2919 3263 2987 Den Uebe
1657 2923 2926 2984 vielleicht doch nicht so ganz lächerlich. Der Dichter läßt, und damit
369 2930 1625 2991 Herren aus der „Gesellschaft und des Herrn Theaterdirector¬
2951 2955 3242 3027 Theatervölklein
1660 2973 2916 3027 verfährt er eben als Dichter, die Gründe für und wider Rönning's
366 2969 1628 3038 erscheinen auch die jungen Mädchen, die von der Noth gezwungen
2951 3012 3256 3084 leidigung durch
1660 3012 2912 3073 Ablehnung des Zweikampfes ganz aus den Personen und der
369 3030 1578 3088 werden, durch Auftreten auf der Bühne ihr Brot zu verdienen.
2951 3066 3253 3124 letzten Scene,
1668 3066 2919 3120 Handlung heraus sich entwickeln. Und er läßt seinen Helden, der
459 3055 1628 3124 Es ist ein für die künstlerische Beurtheilung leicht störenden
2955 3102 3260 3181 liebten zum Ve¬
1660 3113 2916 3170 kein Duell eingehen, aber doch dem wüthenden Gegner mit der
369 3091 1625 3177 Uebelstand, wenn auch ein glücklicher Zufall für den Kassenerfol¬
2955 3163 3263 3220 Niedt etwas le
1668 3156 2912 3213 Pistole entgegentreten will, echt menschlich inconsequent handeln
369 3167 1625 3228 des wirklich bedeutenden Stückes, daß manches darin heute als un
2955 3195 3263 3263 Scenen ließ sich
1664 3206 2923 3267 Das verleiht dem Stücke in der That eine so große Anziehungskraft.
373 3217 1625 3271 mittelbare Anspielung auf den beklagenswerthen Vorgang in
2951 3256 3253 3317 als die junge,
1761 3260 2923 3317 Fragen und Verhältnisse, die heute nun einmal überall vor¬
373 3256 1625 3317 Karlsruhe wirken muß, obwohl Schnitzler's Drama bereits vorher
2966 3299 3260 3364 ging wirklich ei¬
1668 3292 2919 3357 handen sind und die Gemüther aufs heftigste bewegen, tauchen in
366 3310 1628 3367 vollendet worden ist. Nicht gegen die interessante, bis zuletz
2951 3350 3263 3411 Rönning uns v.
1660 3353 2916 3403 den ernsten wie in den komischen Scenen fortwährend vor uns
373 3350 1628 3414 fesselnde Dichtung richtete sich das vereinzelte Zischen beim Schluss
2966 3396 3249 3457 schuld ergriffen
1668 3396 2923 3450 auf. Aber es werden dabei nirgends von der Bühne herab
366 3400 1635 3468 des ersten Aufzugs, sondern gegen den widerlichen Parteifanatismus,
2966 3439 3260 3504 seine Ehre kämp¬
1668 3446 2919 3525 Tendenzreden ins Publikum gehalten, wie Graf Trast, Fuldas
369 3457 1628 3507 mit dem ein Theil des hiesigen Premierenpublikums seiner Freud
2959 3489 3246 3561 sucht, steht die
1678 3493 2912 3554 „Sclavin", und wie sonst die verschiedenen Sprachrohre ihrer Ver
377 3493 1632 3554 Ausdruck gab, als Oberlieutenant Karinski (Herr Kühns) von
2959 3532 3263 3597 Frl. Jurberg
366 3532 2912 3608 dem Civilisten Paul Rönning (Herr Botz) einen Schlag ins fasser sich nennen, gethan haben. Nein, es sind lauter wirkliche
2951 3583 3263 3644 ähnlichen Rolle
1678 3579 2923 3644 selbständig ohne Ziehen am Draht sich bewegende Menschen, von
373 3590 1632 3647 Gesicht erhielt. Die That ist im Gange der Handlung durchaus
369 3629 3246 3715 begründet. Aber für den Geschmack und Takt jener Zuschauer, die denen jeder nach seinem Empfinden, aus seiner besseren oder Tone zu halten
649 3719 1599 3913 een der
