3436 4224
123 146 214 235 8.
283 142 581 228 Freiwi
819 142 1215 239 box 14/2
1213 370 2487 618 et der Staten
958 787 1457 919 ontag
1922 761 2378 903 1. Beilage.
960 960 2392 1019 genüber dem Verfasser der Biologischen Studien, Rudolf Arndt, Professor der
1222 998 2390 1044 Psychiatrie an der Universität Greifswald, faßt in der vorliegenden
957 1001 1188 1060 n „Wider¬
1213 1040 2383 1092 kurzen Schrift mit tapferer Hand in die vielfach unsere gerichtliche
962 1047 1185 1110 hrten Straf¬
1218 1079 2392 1124 und medizinische Praxis durchziehenden Widersprüche und Kontro¬
962 1090 1181 1151 eilungen auf
1218 1115 2392 1161 versen ein Arndt rollt hier vor unseren Augen ein überraschendes
965 1136 1181 1195 4,4). Das
1218 1158 2392 1204 Material praktischer, forensischer Fälle auf und gewährt uns so einen
953 1179 1181 1247 träge Danzig
1217 1195 2396 1245 tiefen Einblick in seine reiche Thätigkeit als Sachverständiger, die ihn
1209 1231 2392 1282 mit den konkret gewordenen Streitfragen in unmittelbare Berührung
957 1243 1185 1325 ger an drei¬
1222 1272 2392 1318 bringt. Schutz, sozialer und rechtlicher Schutz für die freie
1217 1307 2392 1361 Individualität und Kampf gegen die Schablone am
955 1309 1185 1375 harlottenburg
1213 1350 2396 1407 Krankenbett und in der Amtsstube ist die Losung der gehalt¬
957 1356 1183 1414 orf, Krefeld,
1218 1391 1478 1454 vollen Schrift.
957 1400 1179 1468 fälle weisen
964 1443 1199 1503 (118). Die
962 1486 1181 1550 perverletzung,
1491 1498 2136 1600 Theater und Musik.
958 1535 1186 1598 Komponenten
965 1578 1190 1637 betreffenden
1518 1573 2109 1671 Das Duell auf der Bühne.
964 1621 1193 1682 smaßregeln
1288 1628 2408 1710 In der Hamburgischen Dramaturgie wird in einem Ausfall gegen
964 1669 1177 1724 gerade die
1209 1692 2392 1755 Voltaire an mehreren Stellen sehr ausführlich die Bühnen=Berechtigung
964 1712 1181 1772 on Interesse,
1218 1740 2401 1799 der Ohrfeige nachgewiesen. Arthur Schnitzler hat in seinem neuen
973 1756 1185 1813 sten stehende
1222 1787 2405 1838 Drama, das unter dem Titel „Freiwild" am Deutschen Theater in
974 1799 1183 1860 Provinzen
1213 1831 2392 1885 der verflossenen Woche in Szene ging, sich an diese Beweisführung
1022 1842 1183 1902 stammt,
1213 1874 2396 1933 Lessings gehalten. Ein Offizier wird geohrfeigt und fordert Satis¬
1017 1886 1185 1950 bis um
1218 1918 2396 1974 faktion; sie wird ihm von dem Beleidiger verweigert, der einem Quodlibet
973 1929 1192 1991 nders stark
1217 1963 2401 2013 korrekter Menschen gegenüber erklärt, daß er keinen Grund einsehe,
974 1979 1177 2045 perverletzung
1222 2009 2405 2059 sich von einem schamlosen Verleumder niederschießen zu lassen. Dazu sei¬
974 2024 1183 2079 inze Osten,
1218 2052 2396 2102 ihm sein Leben zu lieb und teuer, dies Leben, das in schwerer Krank¬
978 2064 1183 2127 iminalitäts-
1222 2093 2396 2152 heit auf dem Spiel gestanden. Unmittelbar nach dem Bekenntnis, das
981 2113 1183 2170 die für Ost¬
1217 2143 2399 2203 gegen eine Welt von Vorurteilen sich aufbäumt, erklärt er sich dem
1010 2154 1186 2214 Selbst der
1217 2189 2398 2248 geliebten Mädchen, um dessen willen er den Uebermut eines tollen
973 2196 1181 2268 Vororte des
1209 2230 2412 2289 Offiziers geahndet hat. Der Leser erkennt, es handelt sich um ein
1001 2243 1183 2305 eine etwas
1218 2269 2387 2323 Duell=Drama — Duell oder nicht Duell, das ist die Frage. Der
998 2287 1185 2348 gefährlicher
1218 2314 2401 2380 junge Maler entscheidet sich in dem angedeuteten Sinne, er fühlt sich
998 2333 1177 2392 (20,2) und
1218 2358 2403 2415 erhaben über dem krankhaften Ehrbegriff der Zeit. Aber der nämlichen
990 2380 1179 2442 ahe (21,7),
1218 2405 2410 2456 Gesellschaft, der er den Fehdehandschuh hinwirft, will er seinen Mut
1026 2424 1181 2483 höher ist
1217 2451 2408 2506 beweisen. So sucht er förmlich eine Begegnung mit dem Beschimpfer,
992 2471 1179 2535 e nur noch
1217 2497 2396 2551 ohne an sein Mädchen zu denken, ohne sich klar zu machen, daß er
996 2506 1177 2572 Berlin und
1217 2538 2408 2601 unter dem Dogma eines anderen Ehrbegriffes handelt, der gerade so
996 2556 1183 2617 den. Allein
1222 2594 2410 2643 thöricht und krankhaft ist, wie der von ihm geleugnete. Die Be¬
1005 2606 1181 2663 liche Ueber¬
1217 2627 2408 2683 gegnung bleibt nicht aus — der Mar wird von dem Offizier nieder¬
1003 2649 1181 2702 Bedrohung
1226 2672 2410 2736 geschossen — und an seiner Leiche bricht ein armes Menschenkind in
999 2695 1183 2754 trafthaten
1218 2709 2154 2773 die herzzerreißenden Worte aus: Was wird aus mir?
1005 2738 1181 2795 Ort der
1300 2747 2403 2811 Das Stück des Herrn Schnitzler hat bei unserem Publikum und
1010 2782 1183 2845 mt, daß
1213 2797 2399 2859 der Berlinischen Kritik eine sehr herzliche Aufnahme gefunden. Ich
1014 2827 1183 2878 als um¬
1217 2843 2399 2907 kann leider dem Votum nicht beistimmen. Ich messe den Dichter der
1035 2871 1181 2930 Statisti
1226 2889 2410 2950 „Liebelei" mit zu hohem Maße, als daß ich die neue Arbeit mit jenen
1006 2914 1185 2973 echer, also
1231 2937 2401 2991 freundlichen, tröstenden Worten abthun könnte, die er anläßlich der
1006 2957 1186 3025 ische Aus¬
1226 2980 2405 3033 Aufführung von Seiten der guten Freunde hören durfte. Vielleicht
1218 3028 2401 3078 ist ihm ein größerer Dienst erwiesen, wenn man ihm ungeschminke
1222 3067 2401 3124 sagt, daß der künstlerische Teil seines neues Werkes recht bedenklicher
1217 3114 2401 3162 Natur ist. Es ist ein brav gezimmertes Thesenstück, in dem nur
1218 3158 2401 3212 karger Raum für tiefe, dichterische Art offen gelassen ist. Ich wenigstens
1022 3197 2405 3272 Zeistes bleibe kalt bis an das Herz bei der nüchternen Dialektik, mit der
1222 3245 2405 3313 sich die Vertreter verschiedener Anschauungen über die Berechtigung
1022 3267 1186 3331 eifswald,
1218 3290 2405 3347 oder Nichtberechtigung des Zweikampfes streiten, — mag man in
1022 3311 1133 3361 ) Mk.
1222 3331 2401 3397 politischen Leitartikeln das Für und Wider des Duells erörtern, für
1015 3347 1190 3404 am Gang
1226 3386 2189 3438 den Dichter wird bei diesem Stoff wenig herausspringen.
1022 3393 1190 3445 i Freiheit
1313 3418 2401 3473 Schnitzlers Drama füllen akademische Debatten über den
1022 3434 1183 3482 beteilig
1026 3468 1190 3525 Einzelnen
1222 3443 2401 3522 Zweikampf; an die Stelle der seelischen Vertiefung und intimen
1026 3509 1190 3562 sind diese
1222 3511 2401 3566 Charakteristik tritt kluges, allzukluges Reden. Wenn der Dichter auf
1022 3550 1195 3609 heraus
1226 3555 2399 3612 diesen Einwand hin noch einmal sein Werk betrachten würde — er
1022 3593 1190 3641 immung zu
1218 3593 2396 3657 müßte zugeben, daß er einer theoretischen Frage seine beste Kunst
1022 3628 1190 3678 chtlichen
1222 3644 2396 3703 geopfert hat. Um es brutal auszudrücken: die langatmigen Aus¬
1028 3668 1192 3717 g mit all
1226 3687 2401 3746 einandersetzungen sind schon räumlich der differenzirten Ausgestaltung
1022 3701 1190 3755 rer tref¬
1229 3735 2399 3794 seiner Menschen im Wege. So kommt es auch, daß keine einzige
1028 3744 1190 3801 Problemen
1222 3774 2410 3835 Figur tiefer gefaßt ist, daß abgesehen von einigen dürftigen Episoden,
1031 3787 1193 3842 biete, der
1026 3881 2403 3937 chten, ich gab. Ob ich ihm Geld gegeben? Ob er mich des Abends begleitet,
1226 3926 2408 3974 ob er bei mir gewohnt habe? Und immer näher drangen die
1035 3926 1190 3983 ärgsten
1031 3965 2412 4026 Und fürchterlichen an mich ein, es riß und zerrte in einem Kauf
