3436 4448
197 158 733 245 8. Freiwild
891 171 1300 260 box 14/3
171 689 1532 784 der übriges dabei verfährt, indem er, frei von jeglicher Gehässigkeit, die
252 760 1530 821 Vertreter der bewaffneten Macht als durchaus ehrenwerte liebenswür¬
252 803 1526 864 dige Leute charakterisirt, bis eben auf jene unrühmliche Ausnahme,
247 840 1526 910 die ihm den Stoff zu seinem Schauspiel liefert, ist nur dazu ange¬
250 882 1523 943 than, seiner Anschauung und Arbeit erhöhten Nachdruck zu verleihen.
249 915 1523 987 Und so hat sich, trotz des moralischen Gerichts, das da geübt wird, wirklich,
249 959 1517 1018 niemand zu beklagen. Denn es geht durchaus ehrlich und gerecht dabei zu
258 998 1525 1057 Zwei der auftretenden Offiziere, Oberleutnant Rohnstedt und Leutnant
247 1038 1523 1101 Vogel, wahren die Ehre der Armee durch absolut ehrenhafte und verständige
252 1070 1523 1140 Gesinnung, der dritte, Oberleutnant Karinski, der eine Schauspielerin durch
250 1112 1532 1180 üble Nachrede beleidigt, dafür von deren späterem Bräutigam und Gatten,
247 1156 1523 1219 einem Maler, mit einer Ohrfeige gezüchtigt wird, und diesen dann, da der¬
252 1189 1528 1250 selbe ihm den Zweikampf verweigert, wie ein „Freiwild“ bei der erstbesten
250 1232 1526 1296 Begegnung niederschießt, ist von vorhinein eine moralisch, gesellschaftlich und
258 1269 1517 1329 finanziell gestrandete Existenz, von der man einer solchen Gewaltthat sich
252 1311 1517 1368 füglich vorsehen kann; also bei aller offenbaren Tendenz des Stückes enthält
249 1355 1521 1407 es sich doch tendenziöser Zuspitzungen und Uebertreibungen, sowohl in der
250 1390 1523 1451 Zeichnung der Begebenheiten und Situationen, wie der Personen und Per¬
247 1427 1526 1488 sönlichkeiten. So gelang es dem Autor, alle in seinen Bann zu ziehen:
254 1475 1521 1521 zunächst die Schauspieler, die voll sichtlicher Hingabe sich mit ihren Rollen
249 1508 1523 1565 identifizirten, und von denen namentlich die Herren Schady (Rohnstedt),
247 1550 1523 1609 Höfer (Vogel), Botz (Maler), Bayrhammer und Marx (des letzteren
254 1593 1526 1639 Freunde) ehrenvollste Erwähnung verdienen neben den durchweg vortrefflichen
249 1624 1521 1683 Vertreterinnen der Frauenrollen des Stückes (sämtlich Schauspielerinnen¬
252 1663 1532 1714 typen) den Fräul. Rolf, Jurberg und Niedt. Auch der Karinski des Herrn
247 1701 1525 1755 Kühns gelang nicht übel, ein vorkommender Schmierendirektor und dito
243 1734 1523 1804 Komiker erfreuten durch die Herren Steinrück und Kunstadt sich sehr
249 1782 1530 1832 glaubhafter Interpretation. Das Auditorium war so erregt, daß es stellen¬
247 1825 1521 1896 weise sozusagen mitspielte. Das war kein litterarisches Urteil mehr, sondern
247 1858 587 1906 eine Demonstration
1386 1865 1484 1915 N. C.
512 1939 1248 2011 Vereine und Versammlungen.
287 1998 1528 2073 t (Deutscher Radfahrerbund) Der Gau 24 Breslau zählt am
243 2046 1517 2101 Schlusse des laufenden Geschäftsjahres über 1200 Mitglieder. Neuanmel¬
247 2082 738 2158 dungen von Mitgliedern nie
195 2117 376 2182 .
1849 1786 3053 1865 heurigen gesteigerterungen und die verschärfte Controle,
3132 1799 3323 1882 Hof= und
1856 1856 3320 1922 die über alle öffentlichen Berufe geübt wird, an der Spitze der Kaiserpaar
1854 1895 3329 1961 Blätter Männer von gründlichem Wissen und tadelloser Verhaltung nah¬
3069 2012 3338 2068 Man macht die
3068 2053 3329 2106 und Civilisten,
2086 2046 2786 2141 Kunst und Wissenschaft.
3068 2092 3305 2147 Die Officiere
3069 2130 3335 2186 recht angenehm
1928 2145 3335 2211 Lobetheater. Sonnabend, 12. December. Zum ersten Male: wurde von Herr
1862 2200 3329 2252 Freiwild, Schauspiel von Arthur Schnitzler. Regie: Herr Karinski ist es
1858 2244 2180 2305 Regisseur Niedt.
3068 2246 3327 2300 das Leben geni
3077 2289 3329 2338 Ende entweder
1935 2257 3042 2333 Freiwild! — In Berlin wurde das Stück mit großem Beifall
1854 2324 3329 2372 aufgenommen. Enthusiastischen Beifall fand es bei seiner Erstauf¬ verzweifelter Le
1862 2362 3333 2405 führung im hiesigen Lobetheater. Ein derartiger Applaus wie bei als wüster M.
1867 2401 3045 2449 dieser Erstaufführung ist wohl selten im Lobetheater gehört worden
3077 2399 3333 2454 Sommertheater
1863 2432 3335 2484 Das ist das Schicksal aller tendenziösen Stücke: Sie machen auf das Niedt bis an
1863 2480 3335 2524 Publikum einen gewaltigeren Eindruck als manche, die einen größeren aber ist auch
1858 2515 3335 2559 dichterischen Werth haben. Und tendenziös ist dies Stück entschieden, daß im Theater
1854 2557 3316 2613 Es behandelt den Conflict zwischen einem Officier und einem Civi=Schauspielerin
1854 2592 3327 2640 listen. Es stellt die Anschauungen der Officiere und der Civilisten Publikum —
1858 2626 3329 2677 einander gegenüber. Diese Umstände würden allein schon genügen, und so. Den
1863 2673 3325 2721 dem Schauspiele einen großen Erfolg zu sichern. Nun kommt dem zuwirken, darf
1867 2710 3338 2753 Stücke aber noch ein Zufall zu Statten: nämlich jene unglückselige (Herr Stein¬
1858 2745 3303 2789 Asfaire, die vor Kurzem zwischen einem Officier und einem Civilisten statten. Da
1862 2782 3327 2839 stattfand und der der Civilist zum Opfer fiel. Die Gemüther sind humor voll von
1863 2826 3327 2872 noch zu sehr erregt, als daß das Publikum ein Stück, in welchem ein Mädel! Die
1854 2859 3327 2915 ähn der Vorfall wie der erwähnte geschildert wird, ohne demonstra¬ Bräutigam a
3073 2905 3305 2957 Enderle (Herr
1854 2909 2611 2968 tive Kundgebungen entgegennehmen könnte.
1939 2926 3329 2996 Wollte Schnitzler wirklich gegen das Gebahren gewisser Officiere, Liebhaberin Kä
1862 2983 3327 3040 das sie den Civilisten gegenüber zeigen, Front machen? Der steht die Kunst
1858 3023 3329 3073 Titel seines Schauspiels konnte auf diese Absicht hinweisen; wen geht das
1862 3058 3323 3110 keinesfalls aber der Inhalt, denn der Autor schildert uns spielerinnen si¬
1871 3099 3320 3160 so treffliche, prächtige Officiere, wie wir sie Gott sei Dank in der geringen Gaze
1862 3136 3335 3195 österreichischen und deutschen Armee so häufig antreffen. Director hat
1862 3176 3309 3231 „Räudels", um mich schlesisch auszudrucken, wie der Karinski im zu ernähren?
1865 3215 3323 3266 „Freiwild“, giebt es in allen Ständen. Und im Grunde genommen es nicht begrei
3077 3253 3329 3307 darf. Sie ha¬
1871 3255 3042 3303 ist auch dieser Karinski, so abstoßend er erscheinen mag, nicht zu ver
1862 3288 3329 3338 dammen. Er schmäht eine Schauspielerin. Dafür erhalt er von Director, der
1863 3331 3335 3375 einem Maler, der die Dame verehrt, eine Ohrfeige. Daß Karinski liebt sie den re¬
1862 3369 3333 3414 eine Dame, mag sie selbst an einer Schmiere agiren, beleidigt, ist der Rolle des
1862 3408 3320 3458 nicht cavaliermäßig. Ja, man kann es roh nennen. Daß aber ein theatralisch.
1862 3439 3327 3497 Anderer, der weder der Gatte noch der Bräutigam, noch der Bruder, bei ihm bishe
1871 3485 3329 3535 noch Verwandter der Dame ist, einfach dem Officier eine Ohrfeige Maler die
1867 3520 3338 3574 verabreicht, das ist auch nicht zu entschuldigen. Wo käme man dem Oberlieu
1876 3563 3320 3636 schließlich in aller Welt hin, wenn ein derartiges Gebahren zur der Naiven
1862 3601 2163 3662 Methode würde?
3084 3601 3333 3657 Zorn. „Bube
3082 3640 3307 3694 Freunde des
1948 3627 2940 3688 Gehen wir etwas näher auf den Inhalt des Stückes ein.
1939 3671 3329 3729 Die Geschichte spielt in Oesterreich und zwar in einem kleinen Wiener Wind
1862 3721 3335 3778 Badeorte. Man lernt dort das Ensemble eines Sommertheaters kennen, der Oberlieute¬
