3436 4256
234 162 753 266 8. Freiwil
365 229 452 269 .....
932 157 1340 259 box 14/3
2598 393 2785 485 Nr. 351.
1882 413 2245 490 5. Februar 1898.
1790 510 2802 594 Terzerol in der Tasche auf den Zusammenstoß vorbereiteten
1798 564 2795 622 Maler und schießt ihn in dem Augenblicke nieder, als
1798 604 2802 689 dieser abermals jede Genugthuung verweigert und eben
1808 661 2456 733 das Terzerol zu seinem Schutze zieht.
1897 679 2802 758 Aus dieser Inhaltsangabe ist wohl schon zu er¬
1803 746 2802 806 kennen, daß Schnitzler dem Problem zu Liebe zwei erasse
1805 793 2804 865 Helden gewählt hat: den über jedes Maß der Erfahrung
1803 838 2807 905 rempelnden Officier und den allzu philosophisch angelegten
1808 888 2802 942 Nächer einer Frauenehre, der zwar selbst schlägt, aber ein
1817 935 2804 999 Feind des Sichschlagens ist und der, aus Liebe zum Leben
1812 982 2807 1049 einem Zweikampfe ausweichend, die Chance verliert,
1803 1029 2807 1094 möglicherweise seinen Feind todtzuschießen, indem
1815 1069 2797 1131 dieser die Sache nun ohne alle Förmlichkeiten ein
1815 1119 2802 1183 seitig besorgt und danach mit den Worten enteilt:
1810 1171 2804 1223 „Der Lieutenant Karinsky weiß, was er nun zu thun
1872 1216 2807 1273 1. Wenn Arthur Schnitzler eine dramatische Streit¬
1810 1258 2804 1320 schrift wider das Duell verfassen wollte, so ist ihr just
1812 1305 2804 1370 das Gegentheil gelungen, nämlich zu zeigen, daß eine
1810 1355 2804 1412 thätliche Beleidigung unter Männern nach den An¬
1810 1397 2807 1459 schauungen gewisser Stände nur durch Blut geführt
1817 1449 2804 1509 werden kann, und zwar durch Mord, wenn der Zweikampf
1815 1497 2807 1556 verweigert wird, so daß der letztere eigentlich als das
1817 1544 2804 1604 geringere Uebel erscheint. Unbequem für die Tendenz
1815 1589 2807 1648 des Autors ist es auch, daß der Zuhörer nicht im
1830 1628 2809 1698 Stande ist, sich in Gemüthe vollständig wider
1817 1681 2812 1738 den Officier zu erklären und die Partei des Anderen
1825 1720 2814 1788 zu nehmer, weil eben trotz der Provocation die
1815 1775 2814 1837 Ohrfeige ein furchtbares Züchtigungsmittel ist, das mit
1815 1812 2812 1912 Rücksicht auf den Stand des Betroffenen dessen verzweifelte
1815 1867 2546 1947 That einigermaßen erklärlich scheinen läßt.
1914 1895 2812 1977 So sind wir denn am Schlusse so klug wie zuvor.
1822 1949 2814 2021 „Freiwild wird der Welt nicht einen Zweikampf ersparen,
1817 2011 2814 2071 im Gegentheil, es kann Rencontres kleinerer Art sogar
1815 2056 2817 2123 herbeiführen. Die Leidenschaftlichkeit, mit der gestern
1822 2103 2814 2156 einzelne Stellen wider das Duell beklatscht wurden,
1822 2151 2817 2218 hinderte nicht, daß ebenso laut wieder andere Stellen
1815 2193 2814 2260 acclamirt wurden, die von der Pflicht handelten, eine thätliche
1825 2245 2817 2302 Mißhandlung auch persönlich zu vertreten. Es saßen also zwei
1825 2292 2817 2350 Parteien im Theater, die Einen für die Anderen gegen
1825 2335 2819 2392 das Duell, ganz wie im Leben und ganz wie auf der
1832 2384 2814 2439 Bühne oben. Dem Dichter gebührt jedenfalls die Aner¬
1827 2424 2819 2494 kennung, daß er diesen Zwiespalt richtig personificirt und
1822 2474 2814 2533 namentlich in der Schilderung des Provinzkomödianten¬
1825 2529 2822 2583 thums ein meisterliches Milieu geschaffen hat. Der erste
1825 2568 2822 2623 Act, in dem sich dieses entwickelt, hatte denn auch den
1830 2618 2822 2678 größten Erfolg. Nach dem zweiten und dritten Acte er¬
1830 2665 2822 2757 schien Herr Schnitzler einigemale, um für den Beifall zu
1825 2722 1959 2792 danken.
1924 2720 2829 2814 Die Darstellung von modernen Stücken wird im
1827 2772 2819 2862 Carl-Theater immer klarer und runder. Es sind da einige
1827 2849 2819 2906 Schauspieler von hervorragender Begabung, wie der
1832 2892 2817 2959 liebenswürdige, heitere Korff, der schneidig=charakteri¬
1830 2941 2822 3011 stische Reusch, der zum Herzen sprechende Meyer¬
1832 2984 2827 3051 Eigen, der stets glaubhaft sich selbst gebende Klein,
1830 3036 2822 3098 gar nicht zu sprechen von Tewele und den Herren
1832 3080 2827 3145 Natzler und Czasta. Auch die Frauen fügen sich gut
1837 3125 2829 3200 in den erfreulich höheren Ton, der im Ganzen angeschlagen
1830 3175 2827 3267 wird. Es ist ein gutes Schauspieltheater mehr jetzt
1832 3232 2001 3292 in Wien.
1917 3255 2822 3332 Theater in der Josephstadt. Die Leute, welche
1837 3309 2837 3381 trotz der Darlegungen der Dramaturgen und der Pro¬
1832 3354 2827 3424 grammreden der Directoren noch immer glauben, daß die
1842 3406 2829 3483 Kunst des Schauspielers keine schöpferische, sondern blos
1840 3448 2827 3521 eine reproducirende sei, wurden gestern im Josephstädter
1840 3503 2832 3568 Theater eines Besseren belehrt. Das Künstlerpaar Maran
1840 3550 2834 3613 und Pohl=Meiser schuf ein prächtiges Carnevals¬
1372 3543 1643 3647 no
1840 3593 2832 3665 stück und creirte — wie oft wird dieses arme
1241 3598 1785 3729 den
554 3610 815 3690 andelt wurde,
1840 3642 2829 3714 Wort nicht mißbraucht! — köstliche Gestalten. Daß
992 3555 1211 3722 N.
544 3670 811 3727 einer Arbeiten
1845 3695 2832 3764 dies im Rahmen eines recht geschickt von Hans
557 3709 808 3762 Weise bei Er¬
932 3687 1812 3767 Carl-Theater. Arthur Schnitzler's Schaubie¬
1847 3729 2832 3804 Fischer und Joseph Jarno zusammengestellten
564 3754 806 3809 immungen der
840 3754 1815 3819 „Freiwild", in Berlin schon vor Jahresfrist auf¬
569 3789 803 3836 nenz zu er
1845 3784 2834 3849 Schwankes „Aschermittwoch“ geschah, sei billigerweise
835 3806 1815 3879 geführt, hat nun auch auf heimatlichem Boden Einlaß
562 3824 808 3881 Abg. Freiherrn
1840 3829 2827 3896 mitconstatirt. Der Lebemann, der vor Anbruch seines
604 3854 1815 3908 wurde mit erhalten und einen freundlichen Empfang gefunden. Hier
1847 3874 2827 3941 40. Geburtstages, welcher zufällig auf den Aschermittwoch
567 3896 813 3953 und Freiherr
845 3898 1820 3983 wie dort erschienen die dem Stücke nothwendigen Officere
1855 3921 2834 3993 fällt, nochmals tollen will und durch den improvisirten
562 3936 808 4010 enum bestellt
845 3956 1825 4010 in merkwürdigen Phantasie=Uniformen, nur mit dem
1845 3968 2837 4048 Besuch eines halbwüchsigen Töchterchens und seiner
845 3993 1815 4055 Unterschiede, daß diese sich in Berlin mehr den er¬
564 3990 811 4070 gegenwärtigen
840 4025 2837 4105 reichischen, in Wien mehr dem preußischen Zuschitt mittel erlichen Cousine in eine Serie peinlichster Ver¬
567 4053 813 4100 auch nach
1847 4060 2844 4127 legenheiten geräth — wer kennt ihn nicht? Im vorliegenden
564 4087 811 4140 Landtages
848 4092 1820 4145 näherten. Die veränderte Uniform genügte indeß nicht,
