3484 4256
156 202 735 313 8. Freiwild
782 201 1260 315 box 14/4
1089 941 2118 1031 Ueber den grossen Erfolg entnehmen wir den Pressestimmen:
1349 1037 1850 1112 „Schwäbische Tagwach¬
1056 1073 2215 1149 Am Pfingstsonntag wurde hier zum erste Male „Freiwild“, Schau¬
981 1134 2218 1184 spiel in 3 Akten von Arthur Schneller, gegeben. Die alten drama¬
975 1179 2221 1229 turgischen Theorien sind auch in diesem Stücke mit seinen scharfkantig
978 1215 2219 1266 abschließenden Akten verleugnet. Es bietet einen Ausschnitt aus dem
978 1255 2219 1305 Leben mit fertigen, durch ihr Milieu bedingten Charakteren, grund¬
972 1294 2213 1343 legender Handlung und deren letzter schwerer Folge und dabei scharf
972 1335 2219 1382 gezeichnete Bilder aus der Offiziers= und Schauspielerwelt. Die Dar¬
978 1369 2210 1422 stellung insgesammt fand vielen Beifall. Ein guter Theil des Beifals
978 1410 2215 1477 wie auch der zahlreiche Besuch dürfte aber auch der Wahl des ohne
978 1450 1765 1523 Reifel interessanten Stückes beizumessen sein
1254 1495 1934 1582 Württembergische Volkszeitung.
1053 1542 2207 1604 Die Pfingstvorstellung brachte mit Schnitzlers „Freiwild
972 1606 2224 1657 wieder einmal eine Stilprobe aus jenem Litteraturgebiet, das vom
975 1646 2216 1693 Residenz=Theater seinerzeit mit Hartlebens „Rosenmontag“ so
969 1688 2221 1735 erfolgreich war betreten worden, seitdem aber zu Gunsten unserer
984 1724 2216 1769 gallischen Nachbarn brach gelegen hatte Das ausverkaufte Haus wußte
975 1765 2216 1807 der Leitung für ihre That ausnehmend Dank und setzte den Mann, am
975 1802 2216 1846 Vorhang in ganz ungewohnt anstrengende Thätigkeit. Schnitzlers
975 1836 2212 1889 Dreiakter nimmt das Duellthema aus Sudermanns „Ehre" wieder auf
972 1878 2216 1938 und stellt mit dem Paul Rönning den in Bürgerliche übersetzten Grafen
975 1917 2212 1978 Trast auf die Scene. Alles in Aller, eine angenehme Theater¬
975 1959 1162 2022 erinnerung
1358 1972 1843 2064 „Beobachter“ St tgart.
1050 2039 1667 2093 „Freiwild. Ganz gewiß hat
1735 2026 2210 2100 Leitung des Residenz¬
975 2062 1643 2138 Theaters mit der Aufnahme dieses
1707 2084 2213 2132 ckes wieder einen ganz außer¬
975 2128 2213 2177 ordentlich glücklichen Griff gethan, zun die Rollen durchweg gut besetzt
975 2163 2219 2215 waren. Der Beifall des sehr zahlrei Publikums stieg von Akt zu
969 2204 2216 2263 Akt und mit Recht, das Stück verdient eiches Lob und wird auch sicher
975 2241 2216 2290 noch oft das Haus füllen! Dies wäre um so wünschenswerther, als das
975 2283 2213 2338 Stück wie wenige geeignet ist, Aufklärung zu geben über einen „Ehr¬
975 2322 1881 2386 begriff, der zu seiner Erhaltung des Mordes bedarf.
1402 2374 1783 2452 „Neues Tagblatt.
1053 2422 2216 2497 „Freiwild“, Schauspiel von Arthur Schnitzler, dem Verfasser
978 2466 2210 2534 von „Lebendige Stunden", hatte infolge des in diesem Stück ge¬
975 2520 2212 2573 schilderten Milieus einen durchschlagenden Erfolg. Der Inhalt inter¬
975 2567 2219 2613 essirte außerdem durch den Konflikt, den der Verfasser den häufigen
975 2607 2213 2651 blutigen Zusammenstößen zwischen Offizieren und Civilisten in Oester¬
972 2643 2210 2690 reich entnommen hat. Schnitzler steht in diesem Stück neben Hart¬
975 2685 2204 2738 leben, zwischen dessen „Rosenmontag“ und „Freiwild, viel¬
975 2719 2207 2768 Parallelen gezogen werden können. Eine mit vielem Geschmack in¬
978 2763 2210 2808 scenirte temperamentvolle Darstellung unterstützte das wirksame Bild aus
972 2800 1174 2863 dem Leben.
1349 2824 1832 2909 „Schwäbische Chronik.
1056 2870 2204 2944 Das ideale Theaterwetter, das den Pfingstsonntag auszeichnete, ver¬
975 2939 2207 2987 anlaßte das Publikum, in Schaaren dem Musentempel in der Heusteig¬
981 2978 2210 3031 straße zuzupilgern. Gegeben wurde Arthur Schnitzlers dreiaktiges
975 3015 2212 3064 „Freiwild“, das sich ein zwar altes, aber immer interessantes Problem,
972 3051 2210 3101 den Konflikt zwischen Duell und Moral bezw. Vernunft, stellt. Das
975 3096 2207 3143 Publikum spendete fortwährend lebhaften, zum Theil stürmischen Beifall.
2266 925 2363 969 uns,
2255 956 2374 1012 einzu¬
2265 1003 2377 1050 wenig
2263 1039 2380 1093 Leben
2269 1079 2378 1129 Gesell¬
2271 1112 2386 1165 Er we¬
2263 1153 2378 1207 nicht
2263 1191 2389 1244 Partei
2266 1237 2381 1283 gut in
2266 1272 2391 1333 viele
2266 1315 2367 1361 wird
2266 1339 2381 1414 Nach
2271 1478 2377 1550 setzung
2263 1537 2388 1589 aufgefi¬
2263 1576 2374 1620 Werk
2269 1614 2395 1665 Umris¬
2266 1656 2399 1698 Sude
2274 1688 2399 1754 flächlich
2265 1737 2381 1782 und
2261 1769 2391 1822 Nach¬
2261 1802 2405 1860 Vorber
2266 1849 2405 1897 der die
2263 1886 2395 1941 lebe
2263 1927 2395 1981 zweiten
2263 1966 2385 2033 nützen
2305 2078 2417 2168 N
2263 2300 2360 2347 Th.),
2261 2327 2394 2385 Magde
2265 2374 2383 2423 Volks¬
2269 2413 2399 2470 (Som¬
2265 2453 2371 2501 das
2263 2492 2349 2539 Nau
2261 2567 2405 2621 The
2257 2609 2423 2662 „Die
2266 2649 2413 2699 Th.), Al
2266 2682 2416 2740 (Lobeth.
2266 2727 2436 2782 (Belle-
2260 2761 2431 2818 Altona
2255 2804 2444 2869 von H.
2266 2847 2394 2895 von H.
2266 2878 2406 2937 Weibli
2261 2922 2402 2975 „Ueber
2257 2962 2405 3011 Harl¬
2255 3001 2388 3053 Ricke
2263 3040 2391 3096 „Flach
2257 3078 2431 3135 Bielefeld,
2257 3115 2431 3174 Zürich
2261 3155 2448 3208 O. Ernst,
2260 3191 2458 3252 Sünde
2244 3230 2469 3299 E. v. Wol=
