3436 4320
802 207 1207 292 box 14/2
252 204 582 302 Freiwil
110 214 428 311 8.10.
3065 622 3225 688 gen
2166 641 3031 739 en Grafen ein Althier und einen
3065 676 3235 726 erregt ein
1220 676 2317 764 für Hautkranke wieder eröffnet, indem er seiner Rehböck.
3068 714 3238 770 Champion
1239 745 2116 802 Vortrag mit einem warmen Nachruf für Geheim¬
3062 751 3207 799 Wiener
2219 732 3037 817 Zur Gartenbau=Ausstellung. Der Vor¬
465 739 1078 839 Der Lokal-Reporter.
1239 783 2119 836 rath Lewin, den bahnbrechenden Forscher auf dem
3065 780 3235 846 Auspicie¬
2160 783 3037 843 stand des „Vereins zur Beförderung des Garten¬
443 805 1207 865 Das Kaiserpaar erschien gestern im
3065 830 3219 883 vor sich
1245 836 1924 899 Gebiete der Hautkrankheiten, einleitete
2153 836 3031 890 baues" hatte sich ebenfalls an den Magistrat mit
324 827 1204 909 Kunstakademie=Gebäude, um die dort eingegangenen
3071 868 3225 918 fünf P.
1295 839 3034 937 ar. An Stelle den verstorbenen Geh. Re¬ der Bitte gewandt, ihm die Verpflichtung nach¬
333 899 1204 946 Entwürfe zum Helmholtz=Denkmal zu be¬
3065 899 3235 956 beiden ei
2157 918 3040 971 zulassen, nach Schluß der in den Tagen vom
1242 915 2113 981 gierungsrathes Prof. Dr. Engen Sell wir
346 931 1210 1003 sichtigen. In der Begleitung befanden sich zwei
3078 940 3219 990 sowohl,
522 943 3049 1056 rien, die Hofdame Frl. von Gersdorf mit Genehmigung des Ministers Privatdocent 28. April bis 9. Mai 1. J. stattfindenden Garten¬
352 987 497 1031 Kammer
3071 1012 3235 1066 hat auch
2219 1019 3037 1081 Der Trugschluß des Autors, der sich in seiner
1239 1034 2116 1085 wird. Alle Officiere respectiren die Schau¬
3065 1050 3238 1103 die Musi¬
2169 1069 3040 1119 ganzen Schwäche erst im dritten Akte heraus¬
1251 1078 2131 1135 spielerin als durchaus anständig und ehrenhaft,
651 1056 1154 1163 Wissenschaft
3075 1091 3247 1160 geworden
424 1075 566 1163 Kun
2169 1100 3046 1157 stellte, verstimmte das Publikum. Aber bis zum
1245 1119 2131 1166 mit Ausnahme des Oberlieutenant Karinski, der
2163 1141 3040 1195 Ende des zweiten Aktes folgte es dem Verfasser
3075 1144 3235 1201 Fried¬
569 1129 1220 1201 Teutschen Theater würde gestern
1245 1154 2125 1217 ihr sehr anritterlich entgegentritt. Karinski ist
415 1144 541 1213 W.
3075 1188 3244 1242 gerichteter
1251 1179 3043 1245 ein jähzorniger, leidenschaftlicher, zu excentrischen mit ungetheiltem Interesse. In der Schilderung
340 1157 1217 1248 Dienstag) Arthur Schnitzlers neues drei¬
3075 1226 3244 1267 eine noch
2163 1220 3040 1270 des Milieus sowohl, wie auch im straffen Auf¬
333 1223 1213 1289 altiges Schauspiel „Freiwild“ zum ersten Mal
1251 1232 2128 1280 Streichen neigender Mensch, ein Spieler und ein
3075 1258 3244 1320 Schauspi¬
2163 1254 3046 1311 bau der Handlung zeigte sich Schnitzler
333 1264 1213 1324 aufgeführt. Mit stetig wachsender Theilnahme
1254 1267 2131 1324 leichtsinniger Schuldenmacher, der sein Ehrenwort
2163 1289 3043 1352 als ein hervorragend begabter, echter Dra¬
3131 1298 3251 1352 L. I.
336 1305 1217 1368 folgte das Publikum der Entwickelung des ersten
1254 1305 2131 1358 verpfändet ohne die reale Aussicht, es einlösen zu
3084 1324 3247 1393 (Dienstag
1245 1333 3043 1393 können. Ueber seinem Haupte schwebt auch schon matiker, von dem die deutsche Bühne noch
336 1339 1217 1415 und der Steigerung des zweiten Aktes. Da der
2166 1368 3043 1421 Bedeutendes erwarten darf. Seine jüngeren
3071 1377 3251 1427 Gatte,
333 1383 1217 1443 dritte Akt die von vielen Zuschauern er¬
1254 1380 2131 1437 das Damoklesschwert des schlichten Abschieds¬
3068 1415 3251 1465 Sandow,
1261 1402 3037 1481 Trotzdem ist er noch guter Dinge; er wettet Mitstrebenden in Oesterreich läßt er an dich
333 1424 1220 1474 wartete Ueberraschung nicht brachte, er¬
2169 1446 3037 1503 terischen Können und dramatischen Empfinden
3078 1456 3251 1503 Saale un
340 1449 1223 1512 lahmte das Interesse und rief eine lebhafte
1254 1462 2131 1522 zwanzig Flaschen Champagner, daß die
2166 1484 3049 1537 weit hinter sich zurück. Das fühlte auch das
3075 1490 3251 1544 rechtigten
336 1493 1223 1562 Opposition hervor, die sich am Schluß laut ver¬
1251 1493 2135 1553 Schauspielerin einer Einladung zum Souper
2163 1528 3043 1578 Publikum recht klar, als es nach dem ersten und
3071 1528 3251 1578 publikum
340 1537 1226 1594 nehmbar in die Beifallssalven mischte. Und
1267 1531 2135 1603 Folge leisten würde. Er selbst geht zu ihr hin,
2172 1566 3049 1619 zweiten Akt den noch jungen Autor wiederholt
3075 1572 3241 1619 kannt.
1261 1575 2131 1638 und da sie, seine Absicht kennend, ihm die Thür
340 1569 1223 1638 vielleicht hatten diejenigen Recht, die eine Ueber¬
2166 1597 3053 1660 stürmisch hervorjubelte. Daß er aber auch von der
3078 1603 3257 1657 Dispositi.
346 1616 1226 1669 raschung, eine originelle Schlußwendung erwarteten.
1261 1606 2131 1669 nicht öffnet, läßt er sich in seinem Unmuth hinreißen,
2172 1641 3046 1694 Darstellung glänzend unterstützt wurde, sei besonders
3087 1647 3257 1698 Program¬
346 1650 1226 1704 Denn mit dem Schlusse, den das Stück hat, ist
1251 1654 2131 1710 in Gegenwart eines fremden Mannes eine schwer¬
2169 1669 3266 1735 hervorgehoben. Herr Rittner als Rönning, Herr Sauer Liedern,
349 1701 1229 1745 der dritte Akt völlig überflüssig — das Schau¬
1261 1701 2128 1745 Verleumdung über das Mädchen auszusprechen
3078 1723 3263 1770 den ält
2169 1720 3049 1773 als Karinski, sowie die Herren Reicher, Nissen, Fischer
352 1729 1223 1783 spiel ist mit dem zweiten Akte endgiltig zu Ende
1267 1732 2138 1795 In diesem Moment aber erfolgt die Katastrophe:
2169 1760 3049 1814 und Müller zeichneten mit ihrem Spiel lebens¬
3084 1757 3270 1811 Wanderer
346 1760 1226 1823 Der dritte Akt, der sich in lauter Episoden
1261 1770 2122 1833 er wird von dem Fremden — Paul Rönning -
2172 1792 3049 1849 volle, scharf umrissene Charaktere. Auch die
3087 1805 3270 1864 dividualisi
349 1801 1226 1871 zersplittert und die Handlung nicht um einen
1264 1808 2131 1861 der das Mädchen liebt, schwer mißhandelt. Ein
2169 1839 3053 1896 Damen hielten sich auf künstlerischer Höhe, und
3087 1839 3263 1889 „Die Ke
352 1845 1226 1905 Schritt weiter bringt, ist zweifellos aus rein
1267 1839 2138 1905 Duell ist offenbar die unvermeidliche Folge. Aber
2169 1877 3049 1924 die Leistungen des Fräulein Trenner und der
3084 1877 3260 1933 Sulzbach,
352 1883 1226 1965 theatertechnischen Gründen entstanden, um die
1267 1886 2144 1943 indem die Secundanten zu Rönning kommen, erklärt
2175 1905 3056 1993 Frau Schneider verdienten den warmen Beifall,
3084 1918 3238 1971 position,
1267 1921 2144 1977 er kategorisch, daß er sich nicht schlagen werde, denn es
355 1918 1157 1993 Zeit einer Abendvorstellung auszufüllen.
3087 1955 3273 2006 den Vort
2169 1955 2449 2021 den sie fanden.
1273 1965 2141 2025 sei unlogisch, von einem Lumpen, den man ver¬
358 1952 1226 2021 gewaltsame Verlängerung aber hat in das
3084 1990 3273 2050 gann den
1264 1996 2141 2056 achte, sich noch über den Haufen schießen zu lassen.
352 1996 1229 2059 Werk eine Unklarheit hineingetragen, die für
2782 2006 3053 2084 Im König¬
3084 2031 3279 2078 von C. E
2235 2006 2754 2081 Kleine Theaternachrichten.
1267 2040 2144 2091 Vergebens appelliren die Secundanten an seine Ein¬
343 2031 1229 2091 die ersten zwei Akte von verhängnißvollen
2172 2056 3056 2116 lichen Opernhause findet Mittwoch, 18. No¬
3084 2065 3270 2122 Volkmann
1273 2078 2141 2131 sicht; die Meinung der Welt, die Rücksicht auf die
346 2075 1226 2131 Bedeutung geworden ist. Wenn der Vorhang
2169 2100 3053 2157 vember. Abends 7½ Uhr das Concert des König¬
3084 2113 3260 2160 bewährte
1276 2116 2141 2179 schwierige Stellung des Officiers, der sich
349 2116 1229 2185 unter einem Knalleffecte fällt, versteht man nich
2175 2141 2572 2194 lichen Opernchors statt.
3087 2138 3292 2216 vorzügliche
1273 2150 2138 2232 schlagen muß, wenn er nicht freiwillig in der
352 2157 965 2235 mehr, was der Autor gewollt hat.
2314 2147 3059 2216 Im Königlichen Opernhause gastirt
3147 2194 3288 2251 Di
1273 2191 2141 2251 Tod gehen soll, finden bei Rönning kein Echo
2175 2185 3056 2254 heute Frau Marcella Sembrich zum letzten Male
412 2179 1226 2264 „Freiwild" ist ein Problemstück oder auch ein
1270 2232 2135 2286 Selbst ein Vorschlag, der ihm im Falle eine
3084 2216 3288 2295 Koppel-
2182 2241 3053 2308 und zwar als Margarethe in Meyerbeer's „Die
352 2238 1235 2304 Tendenzstück. Es wendet sich gegen das Duell,
1273 2267 2144 2330 Duells das Leben sichert, wird von ihm abgelehnt.
3090 2279 3295 2330 zum ersten
2182 2279 2392 2339 Hugenotten"
355 2276 1235 2333 es behandelt die Officiersehre. Von einem Schau¬
2251 2282 3059 2352 — Im Königlichen Schauspielhause
3093 2314 3288 2364 aufgeführt.
1273 2314 2153 2367 Erst eine Drohung rüttelt ihn auf. Daß Karinski
362 2326 1242 2380 spiel verlangt man nicht, daß es Probleme
2182 2339 3059 2396 werden heute das Schauspiel „Der Graf von
3084 2355 3295 2408 unseres do¬
1273 2348 2141 2408 genöthigt sein würde, ihn kurzer Hand über den
362 2358 1242 2418 löse, wohl aber müssen die Träger des Problems
2175 2370 3056 2430 Castanar" und Lothar's Lustspiel „Ein Königsidyll
3084 2389 3295 2440 es in die
1273 2383 2135 2446 Haufen zu schießen... das veranlaßt Rönnin
365 2389 1242 2458 Menschen sein, die eine volle, klare Persönlichkeit,
2175 2421 2323 2468 gegeben
3093 2430 3298 2480 sondern in
1273 2427 2150 2484 nicht zur Annahme des Duells, auch nicht
362 2433 1242 2502 einsetzen. Sobald die Charaktere verwischt werden
2320 2418 3065 2484 Als Nachmittags=Vorstellung zu halben
3090 2465 3301 2515 thun. Die
1273 2458 2141 2521 zum Rückzug, sondern es bringt ihn auf die
2185 2458 3065 2534 Preisen geht am Sonntag im Neuen Theater
365 2471 1242 2534 und in's Zweideutige schillern, verlieren sie die
3090 2499 3307 2559 Bestandthei¬
1273 2509 2144 2556 Marotte, zu warten, bis Karinski seine
2175 2518 2726 2578 „Der selige Toupinel" in Scene.
362 2502 1242 2572 Berechtigung, subtile Principien zu vertreten. Der
2257 2528 3049 2590 — Wolfgang Kirchbach's Lustspiel „Jung gefreit
1276 2537 2144 2594 Pistole abschießt. Gegen den Schluß des zweiten
3097 2546 3288 2600 flachen Po¬
362 2543 1242 2619 Mann, der in Schnitzler's Schauspiel die Officiers¬
2188 2578 3059 2625 das bisher sieben Vorstellungen im Theater des
3090 2584 3307 2641 versen auf
1273 2578 2144 2634 Aktes ist dieser Moment da. Das Stück ist zu
362 2587 1242 2653 ehre vertritt, ist nach dem Ehren oder überhaupt kein
2182 2609 3059 2660 Westens erlebte, ist nunmehr als Buch erschienen
3090 2619 3301 2682 weiligkeit
1273 2612 2150 2669 Ende. Aber die Pistole knallt nicht, sondern der
365 2625 1248 2691 Officier mehr. Er hat den schlichten Abschied noch nicht
2179 2647 3059 2710 und aus dem Verlage von E. Pierson in Dresden
3106 2656 3301 2710 sowie die
1273 2666 2153 2710 Vorhang fällt. Was kann der dritte Akt denn
362 2666 1248 2726 in der Tasche, aber der Brief ist gewiß unterwegs.
2182 2678 2823 2741 durch jede Buchhandlung zu beziehen.
3100 2694 3301 2751 nach dem
1273 2691 2150 2751 noch bringen? Hier ein Lump, der zufällig
371 2704 1245 2766 Er empfindet auch gar nicht als Officier, als
2251 2704 3065 2766 — Das Schiller-Theater bringt zur
1276 2744 2157 2792 Officiersuniform trägt, da ein thöricht eigen¬
3100 2735 3301 2801 Gespielt w.
368 2735 1239 2801 Ehrenmann, denn er ist ein ausgemachter Lump
2182 2757 3059 2798 Schillerfeier am 10. November „Demetrius mit der
1735 2773 2150 2836 Der Autor hat also
1283 2782 1679 2839 sinniger Mensch ...
368 2782 1242 2842 Und der Mann, der ihm entgegentritt und ihn
2188 2789 3068 2836 in Berlin noch nicht bekannten Fortsetzung von Otto
1273 2807 2150 2883 eine originelle Wendung gefunden? Da geht
2194 2829 3075 2877 Sievers. Heute findet die letzte Wiederholung von
365 2817 1248 2886 die tödtlichste Beleidigung zufügt, ist ebenso¬
1283 2845 2150 2905 der Vorhang hoch. Einige Episodenseenen spielen
2185 2858 3015 2911 Wichert's Lustspiel „Ein Schritt vom Wege“ statt.
368 2855 1248 2933 wenig ernst zu nehmen, wie der Officier. Dieser
3163 2858 3301 2927 Im
2314 2889 3068 2946 Im Residenztheater gelangt von
1283 2889 2153 2949 sich ab. Rönning erscheint auf der Bühne. Er
377 2895 1242 2965 Mann handelt nicht zielbewußt, er vertrit
3097 2899 3301 2958 Meyder hat
2188 2927 3068 2971 morgen (Mittwoch) ab der Schwank „Der Raben¬
1280 2933 2160 2990 wird von einem Freunde angefleht, den Badeort
3097 2939 3298 2990 bei welchen
371 2943 1254 2999 mit allen seinen hochtrabenden Worten nicht einen
2191 2961 3068 3005 vater“ von Hans Fischer und Josef Jarne wieder
1283 2968 2153 3024 zu verlassen. Aber er bleibt und wartet. Der
3097 2977 3288 3027 dieses gros
374 2971 1248 3034 einfachen Grundsatz, sondern beträgt sich wie ein
2191 2993 3056 3040 zur Aufführung. Richard Alexander, Hans Pagay
1280 2999 2157 3065 Mann, den er erwartet, erscheint — ein Knall,
3097 3015 3285 3071 gelangen
374 3018 1037 3084 Querkopf, wie ein eigensinniges Kind
2188 3024 3068 3078 Otto Fricke, Emil Gaspart, Ida Becker, Frida Brock,
1283 3040 2150 3097 und Rönning fällt, tödtlich getroffen, mit dem
3163 3049 3276 3106 Heute
2188 3062 3065 3128 Kathi Thaller spielen, wie im Vorjahre, die Haupt¬
437 3037 1258 3119 Die Handlung spielt in Oesterreich, in einem
3090 3081 3295 3134 das zwei¬
1286 3084 2153 3141 Worte „Lump" auf den Lippen zu Boden. Was
2182 3100 2550 3156 rollen dieses Stückes.
377 3097 1251 3166 Badeorte in der Nähe von Wien. Sie schilder
3097 3122 3288 3163 virtuosen
1283 3122 2153 3181 wollte nun der Autor? Karinski ist ebensowenig
2301 3112 3062 3178 Die dretaktige Ballet=Phantasie von Benno
384 3144 1254 3200 in den einleitenden Scenen das Leben und Treiben
3100 3156 3292 3200 Potsdame
1280 3153 2157 3225 ein Vertreter des Officierstandes wie Rönning
2191 3156 3068 3225 Jacobsen, welche das Theater Unter den Linden
384 3178 1251 3244 der Theaterleute des Badeortes, die besonders
3097 3191 3279 3235 der Säng¬
1283 3191 2160 3254 ein vollgültiger Repräsentant der gesunden Ver¬
2188 3207 3065 3247 augenblicklich vorbereitet, ist von choreographischer
3100 3219 3273 3285 fälliger
384 3213 1251 3282 mit den Officieren auf sehr vertrautem Fuß
2188 3238 3065 3288 Eigenart. Sie spielt, die Wirklichkeit mit dem phan¬
1286 3238 2166 3295 nunft. Das Problem ruht somit auf sehr
3100 3257 3194 3307 statt.
384 3251 1248 3323 stehen. Unter den Schauspielerinnen befindet sich
1305 3273 3065 3336 schwachen Füßen, und die Tendenz geht vollends tastischen Elemente verschmelzend, von Anfang bis
374 3292 1254 3358 eine junge Novize, die noch mehr als durch
2219 3310 3090 3383 ide auf Berliner Boden. Zu diesem Berliner Ballet
377 3329 1550 3436 ihre Schönheit, durch ihre Tugend interessant in die Brüche.
352 3398 1094 3631 fanger
