3436 4448
178 153 271 239 8.
317 146 684 253 Freiwil¬
870 153 1276 253 box 14/3
535 891 1052 970 Aus der Reichshan.
474 934 1330 1020 der Kaiser neulich bei Professor Herter ver¬
474 941 3290 1077 vorläufig noch strenges Stillschweigen bewahrt. Um so eifriger werden bereits wegen verdachtes..... Mordes verhaftet, dann wieder frei gemenge, so ung
481 1037 3319 1159 Vermutungen angestell. Es handelt sich möglicherweise um ein Kaiser und abermals verhaftet worden war, jest wieder auf freien Fuß gethat dies an der
549 1127 3002 1233 Aber darauf kommt es natürlich nicht an: durch eine starrere uns. Der Komiker Enderle des Herrn Kunstadt und der Regisseur
474 1166 1718 1244 Konfen würde das Stück nur schlechter, nicht besser geworde
3062 1169 3315 1258 Malerische
1754 1194 2998 1266 Finke des Herrn Thomas schlossen sich ihnen würdig an. Auch
478 1223 2995 1308 sein. Der Dichter wollte Menschen mit Leidenschaften, nicht logische der Heldendarsteller Balduin des Herrn Leitner verdient volle An¬
3055 1241 3319 1305 Was unsere ge=
478 1273 1725 1344 Maschinen vor uns hinstellen. Er wollte das moderne Menschenleben
3009 1280 3312 1333 dem empfängliche
1754 1291 2980 1351 erkennung. Ob sich der Autor den Theaterdirektor so gedacht hat
3005 1330 3312 1380 zum Gegenstande
474 1326 3326 1412 packen an einem seiner vitalsten Organismen und ließ zwei typische wie Herr Steinrück ihn gab, weiß ich nicht, jedenfalls Radirer und Mal¬
474 1365 3315 1447 Vertreter zweier entgegengesetzten Lebensanschauungen auf einander wirkte die Partie in dieser Form ganz gut. Von den Vertretern haben sich wohl
474 1408 1722 1476 platzen. In der Gestaltung einer der aktuellsten Zeit- und Streit
1750 1430 3287 1483 größerer Rollen machte außer Herrn Bayrhammer, der den Arzt rischen Motiven
478 1458 1729 1519 fragen ist ihm leider die schwere Aufgabe nicht gelungen, die Suder¬
3005 1476 3315 1519 antiquarisch=archi¬
1754 1476 2984 1537 Wellner verständnißvoll gab, Niemand den Versuch zu wienern, und
3005 1515 3315 1576 radirung lange Ze
471 1512 2984 1594 mann im „Fritzchen" gelöst hat: das Gedankenmaterial vollständig das war recht gut. Von ihnen verdient Herr Botz (Paul Rönning
3009 1554 3315 1608 gefunden, und die
471 1547 3315 1640 absorbirend in Handlung umzusetzen. So vorzüglich die Neben in erster Linie genannt zu werden, nächst ihm Herr Schady (Rohn-Stätte dafür zu
471 1594 3326 1690 personen individualisirt sind, die Hauptpersonen lassen eine psychologische stedt). Aus der Anna Riedel könnte vielleicht noch mehr gemacht werthen Leistungen
478 1643 3326 1740 Entwickelung und Vertiefung vermissen. Von Anfang an stehen sie werden, als Frl. Niedt aus ihr herauszuholen wußte. Durchaus Karl Köppings bey
3009 1701 3315 1761 wir zur Zeit aber
478 1683 2980 1775 fertig da. Der Held hat seine Leitartikel längst parat, und auf der angemessen war der Karinski des Herrn Kühn. In kleineren Rollen
3005 1740 3308 1797 der Radirung mi
474 1736 3294 1822 Bühne geschieht so viel, daß im Innern der Handelnden nur trugen Fr. Rolf und Frl. Hübner, Herr Scholz und Herr wendet und sich
478 1786 2870 1864 noch wenig geschehen kann. Rönning tritt im ersten und letzten Lucas zum Gelingen des Ganzen bei. Die Regie war gut.
3002 1811 3308 1868 malerisch Schöne
467 1825 1722 1893 Akte sehr wenig aus der Menge der Nebenpersonen hervor. In
3002 1850 3319 1897 alten Renaissances
1800 1854 3312 1929 Der Aufführung von „Freiwild" ging eine einaktige Plauderen etwa Jahresfrist
471 1875 1722 1939 ersten Akte hat er seine Lebenslust mit seiner eben überstandenen Krankheit
1747 1889 3312 1964 „Opus I" von Paul Linsemann voraus. Bewegte sich Schnitzlers in angenehmer Er
474 1922 3308 2011 zu motiviren, die charakteristische Scene mit Anna ist sehr kurz, und später Werk mehr im Gebiete des Leitartikels, so kamen wir bei Linsemann Breslau zum G
474 1971 1718 2025 beschränkt er sich auf Lächeln und Backpfeifen. Im zweiten Akte ha
3002 2004 3308 2053 ausgewählt. Das
1740 2000 2973 2061 unter den Strich; er ist ein gewandter Feuilletonist, dem es augen
467 2011 1718 2071 er den ganzen Mund voll zu thun, um über die Duellfrage zu dis
3005 2039 3326 2086 Vorderbleiche, Sa
1743 2039 3298 2128 scheinlich Spaß gemacht hat, einmal ein Feuilleton in Dialogform zu Universitätsbrücke
471 2061 1725 2121 kutiren — die Scene mit Anna wieder ausgenommen. Und im
1747 2086 3319 2160 schreiben und auf der Bühne sprechen zu lassen. Dem Publikum hat dahinströmende Fl.
467 2103 3308 2210 dritten Akte kommt er nur dazu, seinen Muth in Wort und That es auch Spaß gemacht. Linsemann nennt sein Werk bescheiden in seiner dunklen
463 2153 1715 2210 zu beweisen. Hauptaktionen und große Reden lassen seelische Inti
1747 2185 3330 2246 „Plauderei", während er den Titel Lustspiel doch ebenso billig dafür Pappen und weite
471 2203 1715 2260 mitäten kaum aufkommen. Noch unpersönlicher als Rönning erschein
3005 2228 3308 2278 Häuser, Magazine
1747 2225 2902 2285 hätte haben können wie Skowronnek für seine „Kranke Zeit“.
2998 2267 3315 2317 abgeschiedenen Wir¬
471 2246 2980 2332 Anna. So ergiebt sich ein Heraustreten des gedanklichen Apparates, wäre ungerecht, das kleine Ding, welches Niemand verletzt und Alle be¬
3002 2307 3319 2349 und giebt der plu¬
460 2282 3326 2385 das ohne Schuld des Autors um so künstlerischer erscheint, als lustigt, mit einem anderen, größeren Maßstabe zu messen, als der Dahinter aber steig
460 2332 1715 2403 neueste politische Ereignisse von noch billiger Aktualität unseren Bi¬
1743 2364 3319 2424 Autor selbst. Ein junger Autor hat ein Stück verbrochen, das am Thurnstumpf und
467 2385 1715 2446 für dasselbe schärfen. Der Beifall des Publikums in der heutigen
1743 2403 3308 2488 Abend der Handlung im „Flora-Theater" aufgeführt werden soll. Fürne grüßen au
3002 2453 3290 2503 lich und originell
471 2428 3305 2531 Première demonstrirte nicht für den Künstler Schnitzler, sondern gegen Mit viel Galgenhumor erzählt er seiner Zimmernachbarin, einer in ganzen Si¬
460 2478 824 2549 den Fall Brüsewitz,
1743 2503 3315 2574 jungen Malerin, die Freuden und Leiden eines „angenommenen der Ober oberhalb
538 2488 3319 2620 Und doch sieht und fühlt man den Künstler überall im Stück, Dramatikers, seine Todesangst vor der Hinrichtung. Natürlich verpaßt ist die Periode de
453 2556 1715 2631 wenn man versucht, seiner interessanten urpersönlichen Eigenart durch
1736 2595 3326 2645 er dabei die Zeit der Aufführung, denn die Geschichte muß doch vor uns ihren massen des Strom¬
463 2620 1711 2674 Vergleiche mit seinen besseren Werken nachzuspüren. Es würde inde
3045 2638 3308 2695 Zedlitzer Weg
1736 2638 2977 2713 Abschluß finden, der darin besteht, daß das Stück durchfällt und der
456 2659 1708 2724 zu weit führen, diese Spuren hier zu verfolgen. Das Beste an
2998 2674 3315 2720 der Ohleniederung
1736 2684 3308 2752 Autor mit der Malerin Verlobung feiert. Trotz manchen etwas weit Sträuchern des Ur¬
463 2709 1715 2766 dem Werke ist die Fülle prächtiger Nebenfiguren von strotzende
1740 2731 3315 2795 hergeholten und umständlich vorbereiteten Spaße und einigen recht pappeln, deren kal
463 2752 3305 2838 Lebensfrische — Gigerl, Offiziere und das ganze Schmierengesindel, blutigen Kalauern unterhielt das Werkchen angenehm von Anfang bis zu ristischen Mistelsch
460 2799 1711 2859 Wenn uns doch Schnitzler, einer unserer feinsten Humoristen, einma
1733 2823 3308 2877 Ende. Herr Botz in der Hauptrolle spielte und plauderte flott, von Fräulein Wasserfläche des
463 2848 1711 2923 ein echtes und rechtes Lustspiel bescheren wollte, ohne das krampfhaft
3002 2866 3312 2923 schwimmenden Ba=
1733 2881 2977 2934 Hohenan ganz wirksam unterstützt. Kleine Episoden wurden von
460 2891 1305 2966 Bemühen um die großen tragischen Probleme
2998 2909 3315 2959 im Format von 14
1729 2927 3323 3020 Frau Gallus und Herrn Höflich nett ausgeführt. Kurios war Serie gedacht, wel¬
531 2913 1715 3005 Die Aufführung war eine der besten, welche ich bisher im Lobe¬
1740 2970 2360 3048 die Ausstattung des Malerateliers.
2991 2980 3326 3037 Radirungen verwen¬
2535 2973 2923 3052 Hans Hellmann.
460 2980 1715 3055 Theater gesehen habe; namentlich was die Nebenrollen betrifft. Die
2987 3012 3305 3069 von der Aufnahme
453 3045 1718 3098 Partien der Pepi Fischer (Frl. Jurberg), des Poldi Grehlinger
2991 3055 3312 3102 Verwirklichung wie
2991 3094 3308 3134 Drucke ist ein mä
467 3091 1715 3144 (Herr Marx) und des Husarenlieutenants Vogel (Herr Höfer)
2984 3130 3305 3180 auf echtes China¬
456 3137 1736 3205 werden kaum irgendwo besser und echter dargestellt werden als be¬
2966 3162 3312 3233 emergedrucke au
