3436 4448
188 164 713 278 8. Freiwild
880 177 1284 275 box 14/3
1938 1078 2947 1193 unserem Horizont hängt, sie würde sich sofort
170 1110 1913 1238 chweiße des Angesichtes, wenn sie wird es wohl auch in dem jetzigen Parlamente
1945 1162 2943 1235 lichten, sie würde bald ganz verschwinden, wenn
918 1204 1913 1277 geben. Debatten dieser Art aber, sie werden heute
1945 1211 2947 1280 der innere Ausgleich, wenn die Versöhnung
164 1218 891 1280 was man spazieren und slaniren ge¬
164 1245 1910 1329 Das gesellige Beisammensein einer meistens zu Skandalen. Sie sind nicht dazu be¬
1945 1259 2940 1367 der Deutschen und Czechen sich endlich, endlich ein¬
164 1287 1917 1374 hl von Menschen wird zu einer stimmt, zu erheben, sondern herunterzureißen, nicht
1945 1315 2366 1402 mal vollziehen kann!
170 1339 1913 1423 ammlung. Selbst die Kunst richtet geistiges Behagen zu wecken, sondern rohe und
167 1381 1924 1478 nach ein, daß das Genießen derselben wilde Leidenschaften anzufachen. Da ist wahrlich
1948 1437 2940 1531 Geschaffene festzuhalten — denn das sei unnütz, „Sag
922 1492 1917 1562 werden soll, streben aber gewaltig auseinander. Darum war
1948 1492 2947 1583 ihr, daß ich sehr glücklich bin," trägt er dem Freund auf.
911 1534 1910 1604 es gestern auch keine leichte Aufgabe, den vier Vermittler
170 1517 758 1604 Wien am Vorlesetisch.
1948 1552 2947 1625 Der aber weiß, nachdem er „bei Beiden" war, daß der
922 1579 1920 1659 ihrer eigenen Gestaltungen des Lebens von Anfang bis
177 1583 894 1663 trug von allem Anfange an den Keim de¬
164 1600 2947 1708 ch. Große Erfolge machen immer Schule; zum Ende mi, gleicher verständnißvoller Aufmerksamkeit Riß zwischen „Beiden" am meisten — ihn erschüttert hat.
1952 1652 2943 1719 Diese Skizze hat Hirschfeld in der modernen Manier ge¬
925 1680 1927 1739 und vor Allem mit gleicher Aufnahmsfähigkeit zu folgen.
164 1694 898 1753 immer die Erfolge selbst, aber die Mittel
1959 1698 2943 1764 schrieben, die jedes Milieu wie ein Stilleben, oder ein
164 1715 1920 1805 angestrebt wurden. Es war also für jeden Und es war doch wahrhaftig ein literarisches Publikum
1959 1739 2950 1809 Blumenstück behandelt. Er zeigt uns alle Theile des
174 1767 1927 1847 bereits nach dem ersten verkauften, das den Saal bis zu das letzte Plätzchen füllte. Den
1959 1795 2950 1858 Ganzen, soweit seine Handlung sie streift, er malt uns
164 1809 1924 1896 al vorauszusehen, daß die wackeren fünf Vortritt hatte man dem Gaste gelassen, den „Jung¬
1959 1840 2950 1906 jedes Detail, auf, wenn es gar nichts zur Gesammt¬
929 1854 1924 1920 Wien“ zählte einen Fremden in seiner Mitte; Georg
160 1879 904 1945 die sich zuerst zusammengethan hatten,
1952 1885 2943 1955 stimmung beiträgt. So wird die Aufmerksamkeit zer¬
932 1903 1924 1972 Hirschfeld ist bekanntlich ein Berliner. Schlank und
160 1927 898 2004 hen vorzulesen, nicht die einzigen bleiben
1952 1931 2947 2004 splittert und irregeführt. Einzelheiten, die nicht charakte¬
936 1955 1924 2035 schmächtig, mit völlig dartlosem, edel geschnittenen Gesicht
157 1972 894 2039 Autoren=Abende veranstalten. „Jung=Wien
1959 1979 2947 2042 ristisch sind, verwischen das Gesammtbild und nehmen der
150 2000 1924 2094 und vorgestern Abends die Feindseligkeiten Bescheiden, ja schüchtern — gestern außerdem mit
1955 2032 2947 2091 Arbeit den großen Zug. Der Ballast der kleinen, hem¬
929 2039 1924 2132 gewaltigem Lampenfieber. Hirschfeld las eine Novelle
146 2070 898 2146 öffnet. „Jung=Wien" besteht jedoch wede
160 2066 2953 2178 in, noch aus Konkurrenten des köstlichen „Bei Beiden." Er hatte wohl mit Ab¬ menden Natürlichkeiten beschwert das Gedächtniß und die
1959 2112 2957 2185 Einzelzüge zerflattern ohne einheitlichen künstlerischen
936 2139 1931 2209 sicht etwas gänzlich Undramatisches gewählt, um
160 2164 904 2230 intetts. Denn „Jung=Wien" will ernst
1959 2160 2957 2230 Eindruck. Statt menschlicher Dokumente erhält man mensch¬
936 2181 1924 2261 seine Begebung auch von der anderen, in Wien
160 2209 904 2279 men werden. Georg Hirschfeld, der
1959 2212 2950 2286 liche Protokolle. Der psychologische Theil ist reinlich
174 2230 1931 2320 schon mit Recht verhätschelte Dichter der noch unbekannten Seite zu zeigen. Unmittelbare Wirkung
929 2254 2957 2348 ist natürlich aus dramatisch geführten und bewegten Vor= und diskret herausgearbeitet; die Sprache durchaus sorg¬
146 2299 901 2379 Hugo v. Hoffmannsthal, der kann
1962 2310 2964 2373 fältig gefeilt. Der Vorleser kam in Hirschfeld dem Dichter
150 2324 1938 2428 liche Renaissance=Moderne mit den Ge¬ gängen mehr zu holen. Hirschfeld schildert zwei Besuche.
936 2352 2957 2442 Es hat Einer erfahren, daß sein bester Freund, sein keineswegs zu Hilfe, denn jener sprach leise, fast unver¬
170 2393 915 2463 Weg über Nietzsche, und den Formen, die
1962 2393 2957 2466 ständlich und pointenlos in leichtem Berlinerisch, was
160 2421 1927 2505 he genommen haben, Arthur Schnitzler, intimster Seelenkamerad, ein hochbegabter Musiker, de
1955 2439 2960 2508 dieser deutlich, klar und trefflicher in einer Sprache gesagt
153 2463 1927 2560 sik der Liebelei gestaltet hat und den es Bräutigam seiner besten Freundin, plötzlich, unmittelbar
929 2498 2964 2585 vor der Hochzeit, wahnsinnig geworden ist. Das er hatte, die Allen gemeinsam ist. Das Publikum würdigte
150 2533 904 2606 gerade dem Publikum den Spiegel vor
1959 2536 2821 2616 Hirschfeld, so weit es ihn überhaupt gehört hatte.
157 2553 1938 2647 sich darin auch erkennen kann, und schließlich schüttert ihn, der soeben von einer größeren Reise
2052 2550 2967 2644 Der Zweite war Hugo v. Hoffmannsthal. Er
929 2602 1931 2682 zurückkommt, bis zur Fassungslosigkeit. Er sucht, nur
1959 2633 2957 2700 las sein schon bekanntes Dramolet „Der Thor und
153 2626 908 2693 Ihr, der der Reifste und Abgeschlossenste sei¬
936 2654 1927 2724 Beide auf. Erst sie in ihrem alten Mädchenheim
1962 2668 2957 2748 der Tod“. Warmherzig, kräftig und edel wird hier
164 2675 911 2738 er davor nicht selbst den horror der echten
939 2703 1931 2769 dann ihn in einer Privatheilanstalt. Und er findet si¬
1959 2717 2964 2793 gelehrt, „sich an die Welt mit klammernden Organen" zu
150 2731 915 2786 hätte — das ist das Jung=Wiener Quartet,
164 2741 1938 2835 zum erstenmale zusammenklingen solltes Eine Beide ganz anders, als er gedacht hat. Sie hat sich eine
1969 2762 2957 2839 halten und das Leben zu fühlen, indem man es lebt;
943 2793 1941 2863 merkwürdige, fast egoistische Art von Schmerz und Ent¬
1969 2821 2964 2880 denn wenn wir das stets erfassen, was wir haben, dann
143 2821 911 2880 rische Einheit des ganzen Abends war nur
150 2842 1931 2933 viel schwerer zu erzielen, als bei den sagung zurechtgelegt und er gedenkt der todten Liebe
1962 2866 2957 2940 ist das Leben lebenswerth und der Tod trifft Jeden rei¬
150 2887 1941 2971 Chiavacci, Groß, Karlweis, Pötzl und wie der sernen Geliebten ohne jede Spur von Erregung
1962 2922 2606 2999 zum Tode, so daß dieser sagen darf:
946 2933 1938 3002 — und doch sind Menschenleben und Berge von Hinder¬
146 2953 911 3023 nn man wohl als Vertreter des Wiene
2046 2967 2658 3040 „Wirf dies ererbte Grauen von Dir
150 2981 1945 3072 in allen seinen Spielarten gelten lassen. Sie nissen dazwischen gewesen, ehe sie so weit waren, einander
2042 2988 2793 3079 Ich bin nicht fürchterlich, bin kein Gerippe,
146 3037 1945 3124 Facetten geschliffen, aus welchen sich ein angehören zu dürfen! Alle Empfänglichkeit des Kranken hat
2046 3047 2846 3141 Bin aus des Bacchus und der Venus Sippe;
943 3079 1941 3155 sich seiner Kunst zugewendet. Er lauscht so den Harmonien der
2042 3096 2807 3155 Ein großer Gott der Seelen steht vor Dir.
150 3096 922 3173 siegel zusammensetzt, in dem man lachend die
150 3120 1945 3218 aus der großen Narrenzunft erkennt. Die Gestirne, die er hört, den Symphonien der Seewellen, die
2052 3138 2971 3239 Hoffmannsthal liest sehr leicht, sicher, nach¬
1242 3169 1959 3232 „verarbeitet, aber ohne den Versuch, das
132 3190 1176 3298 en der tragische Gehalt des Lebens ausgeschöpft er vernimmt
616 3207 2292 3364 Hiezu Nr. 89 des „Wiener Familien-Journal" als Gratisbeilage.
261 3294 497 3472 ab
