3344 4352
928 136 1343 227 box 14/5
230 141 742 235 8. Freiwil
1532 1022 2640 1078 gabe der Ideen des Verfassers auf der Bühne hin= und her¬
1532 1061 2640 1114 geschoben werden, wird das Natürliche, Lebensvolle des un¬
1532 1102 2640 1150 mittelbaren Ausdrucks genommen; sie werden zu Raisonneuren.
1535 1141 2640 1199 Was auf der Bühne gesprochen wird, klingt wie ein mit ver¬
1537 1180 2216 1233 teilten Rollen vorgetragener Leitartikel.
1587 1199 2637 1266 Die These, die Arthur Schnitzler aufstellt, ist die seit
1532 1252 2637 1307 Sudermanns „Ehre" immer wieder auf dem Theater
1535 1299 2640 1341 vorgebrachte leidige und noch immer ungelöste Duell¬
1532 1332 2640 1379 oder vielmehr Satisfaktionsfrage. Auch Arthur Schnitzler
1532 1377 2637 1421 wendet seinen ganzen Scharfsinn auf, um das mittel¬
1532 1407 2640 1457 alterliche Vorurteil, das aber leider noch für unabsehbare Zeit
1532 1451 2640 1496 ein notwendiges Übel bleiben wird, mit allen Waffen einer
1540 1485 2637 1537 glänzenden Dialektik und überzeugender Argumentation zu be¬
1532 1529 2637 1582 kämpfen. Das ist vom allgemeinbürgerlichen Standpunkt durch¬
1532 1565 2637 1612 aus anerkennenswert, vom künstlerischen Gesichtspunkt aus aber
1535 1601 2640 1651 sehr bedauerlich, daß er seine Bühnenfiguren so ungeniert dazu
1537 1640 2637 1695 benutzt, um sie reden zu lassen, was er will, und nicht, was sie
1535 1681 2640 1728 ihrem Charakter und ihrer Seelenanlage nach sagen müßten.
1537 1717 2637 1764 Seinen Helden, Paul Renning benutzt er natürlich als Zentral¬
1540 1762 2637 1814 figur besonders gern zu Expektorationen über die Satisfaktions¬
1540 1800 2637 1842 frage. Dieser Graf Trast in anderer Gestalt verweigert einem
1540 1837 2634 1881 Offizier, den er tätlich beleidigt hat, jegliche Satisfaktion, in¬
1537 1873 2634 1920 dem er argumentiert, daß sein handgreiflicher Akt keine Belei¬
1532 1911 2637 1958 digung, sondern nur eine Rüge, die Bestrafung für eine Unver¬
1543 1953 2637 2000 schämtheit gewesen sei, daß die Auffassung, man könne einem
1540 1986 2637 2044 Menschen die Ehre „nehmen", eine Ungereimtheit sei, daß man
1535 2028 2640 2078 etwas so Wertvolles, wie das Leben eines Menschen, für bessere,
1535 2066 2640 2127 höhere Ziele in die Schanze schlagen müsse, als für die Folgen
1532 2108 2632 2152 einer ganz gewöhnlichen Anrempelei rc. rc. Diese Satisfaktions¬
1543 2141 2637 2194 verweigerung zieht natürlich die gesellschaftliche Achtung Paul
1535 2188 2643 2233 Rennings nach sich; doch setzt sich der Held des Dramas
1532 2219 2634 2266 darüber hinweg. Schlimmer gestaltet sich die Situation für
1404 2213 1493 2277 —
512 2222 2645 2332 — Ganspiel des Moskauer Theaters Korsch. Am 13. März, den Offizier, dem die Satisfaktion verweigert worden ist: nach
446 2294 2637 2368 Kronpas?" (Freiwild), Schauspiel in 3 Akten von Arthur dem Duellkomment droht ihm Kassierung aus seinem Regiment.
463 2338 2620 2413 Schnitzler, ins Russische übertragen von E. Matterna und Es bleibt ihm nur ein verzweifeltes Mittel der „Rehabilitierung
449 2374 2637 2451 ordinkow. — Dem Meister der Stimmungsmalerei, der übrig: er erschießt seinen Gegner auf offener Straße, womit das
438 2421 2643 2499 inen psychologischen Nüancen im Ausdruck der Worte und Drama ein Ende, die leidige Satisfaktionsfrage aber
440 2454 1928 2518 Handlungen seiner Bühnenfiguren liegt das dramatische Genre, keinen Abschluß findet.
1593 2479 2637 2546 Das ist sehr interessant als Diskussionsthema, schafft aber
432 2512 1518 2568 bis er in „Freiwild gewählt hat, nicht ganz. Er findet sich
1543 2523 2637 2582 nichts Lebensvolles auf der Bühne. Etwas mehr Leben bringt
424 2548 1518 2601 nur sehr schwer in die Bühnenform hinein, die ein Thesenstüt¬
421 2571 2643 2634 vom Dramendichter verlangt. Und „Freiwild“ ist ein Thesen in das Raisonnement das recht natürlich geschilderte Milieu
435 2607 2634 2676 stück par excellence. Von den ersten Szenen an wird die einer Schauspielertruppe. Doch ist das nur eine vorübergehende,
421 2645 2634 2717 These klar und deutlich gegeben und konsequent in jeder in die Handlung eingeflochtene Episode. Der allgemeine Ein¬
429 2690 2637 2764 Außerung, in jeder Aktion der „handelnden Menschen" auf der druck des Absichtlichen, Gemachten, Gekünstelteten wird nur
429 2728 2022 2792 Bühne durchgeführt. Dem großen Publikum gefällt diese Deut¬ wenig dadurch abgeschwächt
1590 2742 2634 2817 Das Spielen von Raisonneurrollen gehört zu den leichten,
429 2787 1529 2834 lichkeit. Es schmeichelt ihm, daß es sofort ebenso gut wie der
427 2809 2643 2872 Dichter weiß, wo er mit seinem Stück hinaus will, und hat dankbaren Aufgaben der Schauspieler. Ein so gut eingespieltes
1543 2839 2640 2895 Ensemble wie das des Theaters Korsch findet sich natürlich sehr
429 2864 1521 2911 das Vergnügen, mitanzusehen wie es der Dichter macht", un
427 2878 2643 2958 seine Idee in allem und jedem zum Ausdruck zu bringen gut mit solchen leichten künstlerischen Aufgaben ab. Die an¬
435 2925 2637 2994 Vom künstlerischen Standpunk aus liegt aber gerade in zelnen Rollen werden nur relativ besser, wie Herr Tscharin
427 2956 2643 3030 dieser Art der Arbeit, bei der man allzu deutlich die als Paul Renning, oder relativ schlechter, wie Herr Wyssozki
429 3003 2640 3091 Nähte sieht, ein störendes Moment, das den unmittel als raisonierender Freund des Helden gespielt. Alles übrige
424 3039 2210 3108 baren Genuß beeinträchtigt. Man will das Werk auf sich sind aber gute Durchschnittsleistungen.
2330 3072 2609 3144 A. Stürzwage.
429 3091 1535 3147 wirken lassen und nicht den Künstler an der Arbeit sehen. Be¬
435 3133 1526 3191 sonders nicht, wenn es der Autor so wenig geschickt anfängt
427 3169 1532 3222 wie Arthur Schnitzler auf dem ihm ganz fremden Gebiet
427 3210 1551 3277 der Thesendurchführung. Den Figuren, die nur zur Wieder¬
