3344 4352
201 185 739 289 8. Freiwild
903 177 1300 256 box 14/5
712 1294 1545 1366 Ehrenhandel auszutragen, widrigenfalls
712 1362 1545 1425 er den schlichten Abschied erhalten
719 1416 1536 1468 würde. Vergeblich sind alle Bemühun¬
721 1466 1543 1525 gen von Kameraden und auch von Freun¬
721 1511 1500 1572 den des Malers, diesen zur Annahme
715 1561 1484 1619 der Forderung zu bewegen. — Ka¬
715 1608 1488 1669 rinski ist außer sich, da er sich jetzt
721 1658 1484 1710 vor die Möglichkeit gestellt sieht, den
728 1710 1484 1764 Offizierstock ausziehen zu müssen.
721 1758 1427 1807 Und er glaubt in einer anderen
721 1801 1427 1868 Umgebung, als der seiner Kame¬
712 1857 1404 1907 raden, nicht leben zu können.
721 1898 1427 1968 Anna Riedel versucht ihren Ge¬
719 1956 1430 2013 liebten, den Maler, zur Abreise zu
721 2006 1427 2056 bewegen. Er ist auch bereits nach¬
710 2049 1425 2138 giebig, als er erfährt, daß Karinski
1228 3967 2669 4047 G. m. b. H. Tageszeitung (Verlag Alfred Weiner, G. m. b. H.), Berlin W 9, Köthener Straße 37,
773 3979 1117 4067 Herausgeber Film-
1205 4031 2237 4087 Fernsprecher: Nollendorf 4262 und 4263. Lützow 1541, 1542 und 1543.
1065 4051 2366 4159 Kupfertiendruck, August Scher am 11. Für den Inhalt verantwortlich: à Bachmann Berlin
