3296 4256
52 130 162 232 8.
189 136 571 237 Freiwild
751 139 1153 245 box 14/3
1001 618 1210 710 Nr. 1434
178 628 562 718 5. Februar 1898
130 691 1273 782 eine Resolution, in der es unter Anderm heißt: „Die Plenar¬
129 759 1273 823 versammlung der Advocatenkammer kann ungeachtet der in
134 810 1269 876 der Verordnung enthaltenen ausdrücklichen Betonung der
136 868 1274 926 Rechtsprechung sich den Bedenken nicht verschließen, welche
136 912 1267 967 eine von der obersten Justizverwaltung ausgehende
134 962 1276 1030 Interpretation von Gesetzen hervorrufen muß. Sie befürchtet
136 1010 1278 1073 als Folge mehrerer Antworten, insbesondere der allgemeinen
134 1057 1274 1126 Anordnung der Vorlage von Facturen bei der Klage
134 1100 1282 1167 und der Behandlung der Nichtbeibringung von Beweismitteln
139 1167 1276 1225 in derselben als Formgebrechen, eine wesentliche Er¬
161 1207 1278 1273 chwerung und Vertheuerung der Rechtspflege
139 1251 1280 1310 in den der Zahl nach weitaus überwiegenden, streitlos ver¬
136 1299 1282 1367 laufenden Rechtsangelegenheiten. Sie erklärt, an den im
134 1342 1283 1403 Gesetze begründeten Rechten des Advocaten, insbesondere an
143 1396 1285 1457 dessen auf §. 31 C. P. O. beruhender Befugniß, zu seiner
143 1446 1285 1514 Substitution Personen seines Vertrauens unter seiner Verant¬
839 1492 1273 1583 Die Resolution wurde
125 1503 794 1569 wortung zu bestellen, festzuhalten."
134 1548 1001 1626 nach längerer Debatte einstimmig angenommen.
237 1573 1278 1649 Dr. Ofner referirte sodann über das Verhältniß der
143 1635 1278 1701 Advocaten zu ihrem Personale und beantragte namens des
132 1683 1283 1744 Kammerausschusses die von uns bereits in der „Beamten¬
136 1733 1278 1805 zeitung" veröffentlichte Resolution über die Stellung, die
127 1780 1282 1844 materielle Lage, Kündigungsfrist und Sonntagsruhe der
143 1830 1283 1899 Advocatursbeamten, welche hierauf einstimmig ange¬
141 1880 1155 1974 nommen wurde, worauf die Sitzung geschlossen wurde.
432 1967 971 2069 Theater und Kunst.
234 2015 1296 2119 (Carltheater.) „Freiwild, Schauspiel in
148 2099 1291 2169 drei Acten von Arthur Schnitzler. Wenn Jemand von
145 2153 1292 2226 schweren Bedenken bezüglich des Zweikampfes erfüllt ist und
152 2203 1291 2274 sich diese Bedenken zur eigenen Erleichterung recht gründlich
942 2249 1176 2324 so läßt
152 2253 887 2342 von der Seele schreiben will
154 2288 1287 2379 dagegen wol nichts einwenden. Wenn diese Seelen¬
154 2342 1296 2415 entlastung in dramatischer Form, also stückweise erfolgt,
157 2399 1292 2465 so mag das wol als erschwerender Umstand gelten, aber
161 2440 1291 2515 füglich kann auch dagegen ein berechtigter Ein¬
152 2481 1291 2558 wand nicht erhoben werden. Und gelangt ein solches
152 2538 1301 2611 Stück zur Aufführung, so ist das eine vielleicht
157 2583 1294 2653 betrübliche Thatsache, aber doch eine Thatsache,
162 2640 1296 2704 die sich eben nicht abwenden läßt. Wenn aber dann ein
159 2685 1296 2765 solches Stück mit der Prätension einer künstlerischen Leistung
157 2727 1298 2801 an uns herantritt, wenn es eine ernsthafte kritische Beurthei¬
157 2776 1298 2849 lung verlangt, dann ist das denn doch eine starke Zumuthung,
162 2826 1305 2897 eine Herausforderung, die man nach dem Codex der gesunden
166 2886 1308 2958 Vernunft ruhig ablehnen kann. Wir machen von
166 2929 1305 3006 diesem codificirten Rechte Gebrauch und lehnen es
162 2974 1305 3043 ebenso artig als entschieden an, uns dem heute
161 3018 1305 3095 im Carltheater zum erstenmale aufgeführten Schauspiel, Frei¬
166 3076 1308 3138 wild des Herrn Arthur Schnitzler mit dem schweren Rüstzeug
162 3115 1303 3190 literarischer Kritik zu stellen. — In diesem Stück fällt eine
161 3165 1303 3234 Ohrfeige. Darauf steht das Stück. Denn diese Ohrfeige wird
162 3209 1305 3286 von Herrn Paul Rönning, einem ebenso wohlhabenden als
162 3268 1307 3340 edlen und grundgescheiten Civilisten, dem Herrn Lieutenant
166 3309 1305 3386 Karinski versetzt, der natürlich ein Spieler, ein Schulden¬
162 3356 1314 3431 macher, ein Raubold, ein Mädchenjäger, kurzum ein
162 3402 1317 3479 Officier ist, wie man ihn in Duellstücken mit
162 3450 1305 3524 Besserungstendenz unbedingt benöthigt. Es wäre tragisch,
162 3499 1308 3579 wenn dieser Lieutenant Karinski, der doch auch
182 3547 1321 3632 sonst ziemlich schneidig ist, etwa rascher mit einer Ohrfeige
175 3597 1308 3674 am Platze wäre als der edle, grundgescheine Herr Rönning.
178 3654 1316 3724 In diesem Falle wäre nämlich das Stück schon im ersten
178 3693 1321 3772 Act zu Ende. Herr Rönning könnte mit einer geschwollenen
30 3704 134 3790 ten
175 3745 1314 3822 Backe und seinen gesammten Ueberzeugungen nach Hause
170 3795 1316 3873 gehen, von dem schallenden Gelächter aller Freunde un¬
175 3841 1312 3922 freiwilligen Humors begleitet. Denn Einer, dem eine wohl¬
41 3854 139 3925 heute
55 3891 1314 3964 Karl gerathene Maulschelle im Gesichte sitzt und der dann mann¬
175 3941 1323 4011 haft erklärt, sich nicht duelliren zu wollen, ist doch wol eine
59 3963 141 4020 Der
23 3982 1317 4063 sig der komische Figur. Darum fällt die Ohrfeige in entgegengesetzter
173 4038 1323 4113 Richtung und so kann das Stück für weitere zwei Acte auf¬
25 4059 145 4120 daß in
734 4079 1323 4147 tigter Officier! Das nimmt
36 2470 123 2526 erthe
41 2519 121 2579 Gold¬
30 2563 114 2645 seruir
48 2658 130 2722 alte
39 2711 123 2770 de
2358 607 2697 684 Wien, Samstag
1831 594 2076 685 Nr. 1434.
1760 657 3188 751 theater als Gast. Für die Rolle mußte ein Uebriges gethan sich entgegenste
2929 739 3179 807 „Wir bringen
1760 737 2897 793 werden. Auch Herr Klein bemühte sich übrigens vergeblich,
2920 787 3195 850 sich gestern sch
1762 785 2890 850 wenigstens die Duellgegner zu begeistern. Die Phrasen, die
2922 835 3192 901 rung der V
1760 830 2897 892 er zu sprechen hatte, waren doch gar zu land¬
2929 878 3192 953 Stunde gesche
1756 878 2893 955 läufig. Ganz unzulänglich war Fräulein Sangora
2933 932 3156 992 seitens des
1762 932 2901 998 als die naive Theatertugend. Herr Korff hatte als Poldi
2920 976 3133 1042 Kaftal,
1765 973 2893 1041 Grehlinger einen eleganten Einfaltspinsel darzustellen und
2926 1030 3168 1098 Partie der
1762 1028 2893 1094 entledigte sich dieser Aufgabe mit großem Geschick. Er, das
2926 1073 3095 1146 Lage sei.
1760 1075 2893 1142 Simper, hatte sehr vernünftige Dinge zu sagen, und
3024 1085 3195 1187 Fräule
1765 1125 2899 1200 daß er dies nicht mit jener albernen Aufdringlich¬
1762 1162 3197 1230 keit that, die wol im tendenziösen Geiste dieser Verbande des
2933 1219 3192 1282 Schritt hat in
1765 1232 2899 1285 Rolle lag, zeigt von mehr als Talent, es zeigt von einer
2929 1262 3195 1328 Frey die Roll¬
1778 1267 2902 1341 selbständigen Auffassung. Herr Tewele brachte die Charge
2926 1314 3192 1396 nach der Wei¬
1771 1316 2899 1378 eines schuftigen Theaterdirectors zu heiterer Geltung. — Die
1764 1376 3183 1424 Aufnahme, die das Stück fand, war eine getheilte. Selbst war, wieder
2935 1408 3195 1476 diesen Part do¬
1762 1408 2899 1473 die zahlreich erschienenen Freunde des Autors konnten nicht so
2943 1462 3192 1539 soll nicht gew.
1778 1460 2911 1526 schlankweg über das gewisse Vorurtheil hinaus, das man
3076 1512 3201 1578 Fräule
1776 1510 2904 1576 so gern bespöttelt, das aber doch recht tief in Jedem sitzt,
2936 1553 3188 1623 zehn Abende
1762 1558 2904 1610 der nicht blos Mann heißt, sondern es auch ist. Sogar die
1774 1606 3192 1667 Damen schienen nicht so allgemein und rückhaltslos auf der mit einem St.
3024 1655 3183 1726 Helene
1771 1649 2910 1714 Seite der Duellgegner zu stehen. Der Lieutenant Karinski,
2933 1699 3179 1769 Erfolge seit
1771 1703 2904 1767 so verzeichnet auch seine Figur sein mochte, hinterließ offenbar
2933 1749 3186 1814 Heidelber
1771 1749 2906 1824 doch etwas wie einen mannhaften Eindruck. Das hatte Herr
2933 1799 3192 1878 von Intenda¬
1769 1803 2538 1889 Arthur Schnitzler gewiß nicht beabsichtigt.
2935 1849 3095 1930 engagirt.
1874 1830 2902 1910 (Theater in der Josefstadt.) Die Novität,
3027 1881 3170 1958 Die
1769 1890 2893 1971 welche diese Bühne heute vorführte: „Aschermittwoch
2938 1935 3174 2008 Klein=
1769 1944 2904 2010 von Hans Fischer und Josef Jarno, ist trotz dieses
2938 1992 3195 2056 unterzeichnet
1764 1992 2911 2096 Damens ein Faschingsschwank. Der verwitwete Kauf¬
