3344 4352
201 218 741 322 8. Freiwild
891 220 1304 310 box 14/4
1600 631 2407 772 Osterreichische Rundschau, Wien
1532 803 1686 869 idschau.
1594 914 2403 988 Versuchen dramatischer Weltverbesserung den
1602 986 2395 1060 heiteren Gaben zu, die in den letzten Wochen
1594 1027 2397 1086 den Spielplan der Wiener Bühnen be¬
1602 1070 2401 1128 herrschten, dann drängt sich des psychopatische
1594 1115 2405 1179 Lustspiel „Femina von C. K. van Nossem
1600 1154 2401 1218 und J. F. Soesman als ein wirklich ver¬
1608 1201 2403 1261 gnügliches Stück, das in den Kammer¬
1614 1249 2403 1306 spielen von Frau Köckeritz und den Herren
1606 1292 2399 1355 Everth und Homma auch recht munter und
1602 1331 2397 1397 liebenswürdig gespielt wird, in den Vorder¬
1612 1376 2401 1444 grund der Erinnerung. Mit köstlicher Ironie
1612 1429 2403 1479 werden in dieser Komödie holländischer Her¬
1608 1468 2409 1532 kunft die Lehren Siegmund Freud an einem
1608 1514 2411 1563 verliebten Nervenarzt ad absurdum geführt,
1608 1561 2411 1612 und was eine betriebsame Halbwissenschaft
1606 1600 2415 1655 mit dem ganzen Aufwand psychologischer
1612 1643 2413 1696 Spitzfindigkeit zu einem scheinbar unwider¬
1614 1690 2415 1748 legbaren System ausgebaut hat, stürzt wie
1614 1733 2413 1787 ein Kartenhaus in sich zusammen. Und die¬
1604 1776 2409 1836 vollbringt ein beherztes Weibchen einzig durch
1612 1820 2411 1875 die Kraft seines gesunden Naturtriebes und
1618 1869 2419 1926 seines klugen Mutterwitzes. Nur drei Personen
1614 1918 2417 1967 bestreiten das Spiel und dennoch wirkt es
1606 1955 2419 2011 ungleich anregender und abwechslungsreicher
1612 1996 2415 2056 als der Pariser Schwank „Sie lacht" von
1614 2033 2415 2097 Maurice Soulie und Charles Darautiere,
1618 2087 2423 2138 der fast das ganze Personal des Theaters
1618 2132 2428 2202 in der Josefstadt in Bewegung setzt, um
1608 2175 2421 2239 neue Lustigkeiten aus den Voraussetzungen
1618 2218 2430 2278 zu ziehen, auf denen das heitere Verhängnis
1620 2263 2432 2321 von „Haben Sie nichts zu verzollen?“ beruht.
1622 2296 2428 2358 Nur ist es kein Zollbeamter, der hier das
1627 2341 2428 2415 pikante Unheil anstiftet, sondern das Lachen
848 2325 1579 2411 Offene Türen rennt heute auch Arthur
1633 2395 2428 2450 einer Frau, das den jungen Gatten entmannt,
780 2407 1579 2462 Schnitzlers Schauspiel „Freiwild ein, und
1631 2436 2436 2499 so oft er sich ihr nahen will, un mit ihr
780 2452 1579 2510 wenn merarisch gewordenen Stadttheater
1625 2489 2425 2551 die Ehe zu „konsumieren". Nicht sehr kurz¬
776 2495 1571 2549 neben Gerhart Hauptmann, August Strind¬
1633 2520 2436 2594 weilig ziehen sich die beiden ersten Akte hin,
774 2538 1585 2596 berg, Henrik Ibsen und Karl Schönherr
1633 2565 2434 2633 und erst der letzte bringt einige Entschädigung,
782 2582 1579 2643 billigerweise auch Schnitzler vertreten sein
1631 2610 2436 2672 aber mehr durch das, was man sich bei den
785 2627 1579 2686 mußte, dann durfte dazu kein Stück heran¬
1637 2658 2434 2715 Vorgängen hinter der Bühne lüstern vorstellt.
785 2676 1585 2731 gezogen werden, dessen Problematik von
1639 2703 2438 2768 Inzwischen hat sich das Josefstädter Theater
785 2713 1573 2775 den Ereignissen der Zeit so gründlich über
1631 2744 2436 2805 auch der Jargonposse „Rosa Altschul“ be¬
785 2756 1588 2818 holt worden ist, wie gerade „Freiwild“. In
1635 2799 2438 2853 mächtigt, deren Herrlichkeit auf der Volks¬
780 2805 1592 2861 den Tagen der Volkswehr fühlen wir uns
1637 2830 2440 2898 bühne einen so jähen Abbruch erlitten hat.
782 2849 1588 2906 durch den militärischen Duell zwang wahrlich
1635 2875 2440 2935 Hoffentlich ist ihr im achten Bezirk eine
785 2896 1596 2953 nicht mehr beschwert, und was in dem einst
1639 2922 2467 2992 längere Dauer beschieden, als in der Neubau¬
785 2929 1588 3007 viel umstrittenen Schauspiel an hübschen,
1645 2964 2446 3025 gasse, wo sich jetzt Herr Walden als Schau¬
789 2986 1596 3040 mit seiner Psychologie durchwirkten Milieu¬
1647 3005 2436 3070 spieldirektor etablieren will, um die Volks¬
797 3021 1596 3089 schilderungen nebenher läuft, ist, auf sich selbst
1645 3052 2442 3109 bühne in eine Renaissance=Bühne umzuwan¬
797 3074 1590 3130 gestellt, doch wohl nicht stark genug, um die
1639 3093 2444 3159 deln. Man darf begierig sein, welcher Art / die
791 3111 1585 3167 Mühen einer wohl anständigen, aber keines¬
1645 3146 2136 3222 Wiedergeburt sein wird.
789 3159 1592 3216 wegs zwingenden Wiederaufführung zu ver¬
2035 3171 2405 3259 Theodor Antropp.
791 3196 1600 3292 lohnen. Wendet man sich von den ernsten
1101 3385 2158 3456 Für Manuskripte belletristischen Inhaltes wird vorherige Anfrage erbeten.
1203 3428 2041 3502 Manuskripte ohne Rückporto werden nicht zurückgesendet.
1284 3481 1984 3522 Sprechstunde: Täglich von 12 bis 1 Uhr mittags.
793 3498 2446 3594 Verlag: Wien und Leipzig: Buchdruckerei und Verlagsbuchhandlung Carl Fromme, Gesellschaft m. b. H.
