3344 4352
162 177 716 260 8. Freiwild
852 187 1262 282 box 14/5
1295 1057 1505 1127 No
562 1122 1547 1234 ARGUS SUISSE ET INTERNATIONAL
767 1174 1307 1260 DE LA PRESSE S. A.
677 1211 1465 1306 23, rue du Rhône Genève
555 1234 1543 1361 Adr. télégr.: Coupures-Genève — Tél. Stand 40.05
550 1354 1551 1455 Bureau International de coupures de journaux
665 1395 1378 1506 rations de et en toute la
570 1504 1483 1592 Nordhäuser Zeitung u. Generalanzeiger,
886 1580 1184 1658 Nordhausen
616 1596 1530 1719 Ausschnitt aus der Nummer von 3. A. 1926
634 1781 1199 1851 Lichtspiele „Drei Linden".
555 1813 1391 1890 Nach Arthur Schnitzlers Drama wurde unter
515 1863 1393 1924 der Regie Holger Martens der Hegewaldfilm
515 1918 1391 1963 „Freiwild gedreht. Der Film, bedarf eigent¬
515 1956 1393 1996 lich garnicht der etwas sensatiell aufgemachten
515 1992 1384 2040 Reklame der Ankündigung er ist ganz auf Inner¬
512 2031 1388 2071 liches eingestellt, und wir können ohne einschrän¬
512 2071 1384 2111 kendes Aber sagen, daß wir Holger Madsen einen
506 2102 1388 2150 der besten Filme mit „Freiwild“ verdanken. Es ist
515 2142 1387 2185 die Geschichte einer jungen Schauspielerin an dem
515 2184 1387 2233 Provinztheater einer kleinen Garnisonstadt. Es ist
506 2219 1388 2264 das bekannte Theatermilen mit seinen Enttäuschun¬
505 2261 1384 2311 gen, wie es etwa Lenormand in seinem, von Pessi¬
505 2296 1481 2376 mismus erfüllten Drama „Die Tournée" gibt.
512 2335 1384 2382 Zwischen zwei Männer hat Schnitzler seine Heldin
506 2368 1388 2423 gestellt; zwischen den agressiven Offizier (Bruno
504 2407 1392 2458 Kastner) und den sensiblen Künstler (Fred
512 2437 1461 2509 Louis Lerch). Die Handlung, zuerst vielleicht ein
509 2484 1384 2534 wenig breit ausladend, wächst zum Schluß jedoch
515 2521 1384 2566 dynamisch an und zwingt wohl jeden zur inneren
515 2558 1384 2599 Teilnahme. Evelyne Holt spielt diese junge
515 2597 1387 2637 Schauspielerin mit einer subtilen Zartheit des
512 2633 1391 2678 Empfindens, mit einem Wissen um die leisesten
515 2673 1387 2714 seelischen Regungen einer Frau, so daß ihr für
506 2714 1382 2750 diese Leistung volles Lob gebührt. Nicht minder
506 2750 1384 2792 besser ihr Partner (Lerch), bei dem man nur be¬
506 2786 1384 2828 dauern muß, ihn verhältnismäßig wenig bisher
506 2826 1392 2872 gesehen zu haben. Beide geben uns in ihrem Zu¬
509 2862 1381 2910 sammenspiel die freudige Gewißheit, daß die Dar¬
509 2898 1379 2949 stung einer Liebe ohne jeden Kitsch und ohne
509 2934 1387 2983 De Sentimentalität sehr wohl möglich ist. Zu er¬
506 2976 1382 3026 wähnen wären noch Hilde Maroff (als
509 3009 1373 3060 Soubrette) und Max Hansen (als Komiker),
500 3051 1379 3099 beides Gestalten, lebenswahr und nah. Ueber dem
504 3088 1373 3135 ganzen Film liegt jener leise, exotische Ton in
500 3123 1382 3167 moll, wie er Schnitzlers melancholischem Feuer
494 3159 674 3221 eigen ist.
2631 1413 2832 1512 No
1909 1529 2890 1592 ARGUS SUISSE ET INTERNATIONAL
2118 1587 2665 1644 DE LA PRESSE S. A.
2022 1627 2757 1695 23, rue du Rhône — Genève
1903 1663 2886 1762 Adr. télégr.: Coupures-Genève — Tél. Stand 40.05
1893 1751 2869 1838 Bureau International de coupures de journaux
2016 1816 2752 1868 Traductions de et en toutes langues
1912 1928 2868 1999 Correspondants dans toutes les grandes villes
1894 2053 2301 2122 Extrait du Journal:
1886 2158 2073 2219 Adresse:
2386 2145 2679 2293 92
1884 2254 1999 2326 Date:
1968 2466 2777 2547 Au Novelty, un grand film de mœurs
2264 2534 2538 2591 « Leur alhier
1953 2551 2838 2642 d'après le célèbre roman d'Arthur Schnitzlers
1985 2614 2847 2673 Rarement un film de ce genre n'a présenté
1954 2647 2844 2716 autant de diversité d'action ; il nous dénon¬
1956 2694 2841 2756 tre les moyens scandaleux qu'emplois
1953 2733 2849 2790 grands viveurs pour assourir leur passion
1958 2767 2769 2821 et se procurer la femme, leur gibier.
1980 2798 2446 2859 Jeunes gens non admis.
