3436 4256
251 147 761 240 8. Freiwil
956 140 1356 247 box 14/4
1172 1071 2176 1198 Ausschritt aus Pressburger Zeitung
1338 1160 1607 1248 11. 1913
1179 1208 1327 1260 vom
1580 1286 1850 1392 Theater.
1610 1371 1807 1451 Freiwild.
1418 1429 2010 1519 Von Arthur Schniker
1273 1499 2261 1567 Das gestern aufgeführte Drama Arthur Schnitz¬
1177 1541 2274 1619 lers ist eines seiner älteren Werke, es kommt auch
1192 1593 2268 1674 schon ein bißchen spät. Probleme wie soziale Gleich¬
1186 1640 2271 1724 stellung der Schauspieler, moralische Minderwertig¬
1182 1696 2272 1776 keit der Sommerprimadonnen, Ehrenaffären und
1181 1747 2280 1824 Duellkodere sind zum größten Teile heute nicht mehr
1182 1792 2272 1872 vorhanden. Auch hat, sich der Dichter seither abge¬
1178 1842 2280 1921 wöhnt, Mauern einrennen und Gesellschaften bessern
1192 1892 2286 1987 zu wollen, er wurde zum stillen Beobachter und fein¬
1185 1954 2285 2020 gesaiteten Erklärer des Lebens. Trotzdem dies also
1189 1992 2279 2072 eines der schwächsten Stücke Schnitzlers ist, ist es doch
1189 2040 2276 2108 besonders interessant, es der vor kurzem aufgeführ¬
1194 2088 2287 2160 ten Komödie Bernsteins gegenüberzustellen; wohl
1192 2142 2290 2215 werden auch hier programmatische Tendenzen gar oft
1189 2199 2290 2269 ausgeführt und wiederholt; aber die Probleme wa¬
1194 2234 2291 2309 ren einmal wirklich wahr und es fällt kein lautes
1204 2287 2291 2367 Wort, keine große Geberde wird gemacht! Wie
1200 2345 2290 2419 würde Bernstein, wenn er den Mut zu einer tragi¬
1214 2387 2287 2471 schen Lösung hätte, die Erschießung ausgebeutet
1198 2439 2291 2515 haben; einen Monolog von mindestens zehn Minu¬
1208 2493 2293 2561 ten hätten wir zu erdulden, bis die arme Seele end¬
1212 2537 2297 2608 lich ausgehaucht wird. Hier schließt das Stück mit
1209 2593 2304 2677 dem Worte des gehetzten Mädchens: „Wohin?" Wer
1215 2638 2301 2708 es versteht, dem erzählt es ein ganzes Leben; wer
1209 2688 2304 2764 es nicht begreift, dem kann auch eine lange Rede nicht
1255 2773 2348 2849 mehr sagen! Unser eifriger Direktor würde uns
1257 2815 2349 2899 verpflichten, wenn er die neuen Stücke des Dichters
1257 2871 2349 2947 bringen wollte, um das Publikum an diesen substilen
1267 2922 2343 3003 Stil zu gewöhnen. Vielleicht „Der Ruf des Lebens“,
1257 2976 2165 3062 welches Stück auch ungarisch erschienen ist!
1363 3033 2359 3106 Die dramatischen Aufführungen sind immer
1260 3080 2359 3154 recht anständig; jedes Mitglied der Gesellschaft spielt
1267 3121 2359 3206 mit großer Ambition. Gestern waren es besonders
2252 3173 2364 3240 La¬
1259 3170 2195 3264 Frl. Harmath, die Herren Derski
2167 3224 2257 3305 h.
1263 3232 1977 3321 dányi, Gózon, Szákely.
