3484 4224
159 106 673 230 8. Freiwil
850 113 1265 230 box 14/4
468 1119 3309 1215 elegant — schielt selbst gar zu gerne lüstern nach des Lupaar Direktors ist ein Scheinwerfer derung — (trotz berechtigten Einwandes
1495 1204 3316 1261 So beispielsweise, wenn der Mann seine an dem Stücke) — ausgefüllt ist. In
471 1208 1467 1272 der ihm fremden Welt, deren Flitterschönheit, Glan
471 1243 3312 1314 und Geist ihn lockt und die er trotzdem nach süßer weiblichen Mitglieder auf Hungerlöhne setzt: Schlußszene zeigt sich Schnitzlers Büh¬
478 1300 3309 1367 Gewohnheit tugendsam verlästert. Es ist dem „Bin ich dazu da, meine Schauspielerinnen zu erschaft. Wie sich der Konflikt zwischen de
1700 1339 3302 1403 — und wenn er nach der Sensations= und dem Maler leise entwickelt und
482 1364 1665 1421 Spießer das nicht einmal so sehr zu verübeln. Da nähren
2522 1399 3319 1456 steigert, das beklemmt fast den Atem. Die
471 1406 2490 1474 er die rechte Brücke zu der künstlerischen Welt affäre im Kaffeehause der Riedel die doppelte Gag
2519 1445 3319 1513 schimpfung der Dame und der Schlag
478 1452 2494 1513 nicht findet, baut er sich eben eine andere, und er bietet, damit sie ihn jetzt, wo sie im Mittelpunkt
2568 1491 3312 1576 das kommt, hastig und doch solid auf
471 1509 2494 1569 kann nach seiner Natur recht boshaft und ordinär des Interesses steht, nicht verlasse. Trefflich sin¬
1502 1548 3139 1605 auch die ehrabschneidenden Plaudereien der Lösung nach größter Spannung.
471 1555 1477 1612 werden. Dazu kommt, daß die Menschen
2575 1566 3309 1654 Der Offizier hatte keine Waffe bei
1304 1608 2508 1661 blühende Kolleginnen und Kollegen gegeben, die den Roman
595 1601 737 1676 deren
783 1601 1258 1676 Adern nicht das
1502 1637 3323 1700 ihrer eigenen schönen Seelen sofort dem Opfer um konnte den Züchtiger nicht niedermachen.
1325 1654 1470 1711 freieren
475 1654 1286 1725 Blut des Künstlers rollt, der
2508 1690 3319 1746 Maler lehnt die Forderung zum Zweit
485 1693 2412 1757 schöneren Lebensanschauung und Lebensführung die Schulter hängen. So amusant dies alles¬
1506 1739 3316 1800 es eine redliche Unterhaltung? Der persönlich mit Er lehnt sie ab, weil er nicht sein Leben
482 1750 1477 1807 derart verständnislos gegenüberstehen, daß sie, in
1502 1785 3298 1849 dem Theater eng verbundene Dichter nützt das Verfremden Bubenstreich aufs Spiel setzen
485 1803 1474 1853 Eisenmieder ihrer gesellschaftlichen Unnatur, auch
482 1835 3319 1902 ohne böse Absicht die persönlichen Erscheinungen am hältnis der beiden, im Grunde feindlichen Welten, wird aus dem „Freiwild" eines der vi
1509 1878 3316 1948 (Schauspieler und Publikum) zu wohlfeilen Witz= flüssigen Duell=Dramen, — überflüssi
478 1892 1477 1952 anderen Ufer der Welt durchaus irrig beurteilen
1506 1927 3326 1994 erfolgen auf Kosten des Künstlerstandes aus. Er weil weder Dichter noch Philosophen in
478 1948 1477 2002 Man horche nur einmal auf die kleinen Intriguen
1498 1980 3323 2040 begreift gewiß, daß das große Publikum nicht gefrage eine allgemein giltige Entscheidu
478 1994 1470 2051 und banausischen Nichtswürdigkeiten der Theater
1498 2026 3319 2087 neigt, vielleicht auch gar nicht imstande ist, zwischen können. Es ist in den Augen vorurteils
489 2040 1470 2097 freunde aller „gelehrten Stände“! Selbstverständ
2522 2079 3309 2136 schen eine ganz persönliche, individuelle
482 2079 2497 2147 lich sind es recht vorzugsweise die jungen Schau= Theater und Theater zu unterscheiden, und daß es
489 2126 3319 2193 spielerinnen, die sich nicht wegwerfen, welche die an den Zuständen der kleinen Sommerschmiere sein heit, wie sich der Einzelne in der Duellfra
1506 2175 3316 2232 Pharisertum befriedigt. Ein Satz, ungefähr: „Jetzt vorausgesetzt natürlich, daß die Duell
485 2182 1481 2242 Medisance reizen und bei der „Gesell
2522 2225 3323 2278 nicht auf Feigheit beruht. Paul Rönnin
489 2228 2490 2292 schaft“, die sich ihren Klatsch nicht rauben wollen die Mädel beim Theater auch schon anständi
2529 2271 3326 2327 feig. Er behauptet sogar viel Mut, ind
485 2274 2501 2342 lassen will, geradezu ürgernis erregen sein!" weckte schallendes Gelächter. So meinte er
2420 2324 3330 2384 und über das Urteil der Mitmenschen seiner
478 2317 2359 2398 Auch oft bei den Kollegen natürlich. So aber Schnitzler mit seinem „Freiwild“ nicht,
482 2366 3323 2437 ergeht es der Anna Riedel in „Freiwild“. Weil zu der einseitigen Verschwärzung verleitete ihn nur wegsetzt. Aber der Dichter hielt es für
1973 2416 3326 2476 Er meinte es nicht so, denn diesem Mut noch eine besondere Beglau
492 2423 1906 2494 sie mit den Dirnen dieser Schmierbühne nicht ge¬ die Gier nach Gunst
2522 2462 3309 2526 geben. Weshalb Fand er in sich nicht
489 2462 2168 2533 meinsame Sache macht, wird sie von den Zungen er ist der Ritter der Anna Riedel.
1573 2490 3326 2575 Freilich ist sie ihm das Freiwild, diese Sicherheit des überzeugten? Paul Rör
489 2526 1488 2582 der Kolleginnen tapfer in den Schmutz gezerrt. Der
485 2554 3309 2632 Freund, der sie aus der Heimat kennt und ihr arme kleine Schauspielerin. Gejagt und gehetzt von Anna Riedel werden durch den Drang
489 2611 3319 2678 helfend zur Seite steht, ist „der Anna Riedel ihr aller Welt. Denn alle Welt“ glaubt ein Recht zu nisse zusammengeführt. Jetzt erst erkenn
2526 2660 3309 2714 stehen sie ihre Liebe. Und jetzt erst, da er
489 2657 2497 2728 Reicher“. Sie bleibt den Orgien der Lebewelt, den haben auf die schöne Beute — auf das Theater
2529 2703 3326 2763 für sich allein zu sorgen hat, jetzt, da
489 2703 2494 2774 Börsen, auf denen Menschenfleisch versteigert wird, mädel. „Sie betrachten es geradezu als eine über
496 2753 3312 2823 ferne — deshalb entläßt sie ihr Direktor. „Es fehlt hebung, daß ich keine Lust hab', mich zu verkaufen." Leben lieblich schimmert, jetzt unterliegt
2529 2802 3326 2859 Urteile der fremden Menschen, dem
499 2809 2505 2873 Ihnen eben, mein Fräulein, der künstlerische Die Schamlosigkeit der Verfolger ist auf die Spitz¬
2533 2841 3326 2919 seinem Mute Geltung zu verschaffen.
492 2866 2505 2947 Ernst", sagt zu der pflichteifrigen jungen Künstlerin getrieben in dem verlumpten Kavallerie=Oberleut
1509 2901 3316 2965 nant Karinski. Seine frechen Anträge werden zu er Anna gebunden hatte, lehnte er das
485 2912 1112 2979 der Leiter des „Kunstinstitutes
567 2940 3330 3018 Schnitzler kennt diese Gattung Theater aus rückgewiesen. Da stehen wir vor der letzten Szene jetzt, da ihm bekannt wird, daß de
489 2993 3330 3103 gezeichnet und er schildert köstlich. Jedes Wort des ersten Aktes, der fast ganz mit der Milieu-Schil= Karinski, dessen Existenz die Duelle¬
