3344 4352
892 158 1299 253 box 14/5
203 158 721 243 8. Freiwild
1817 549 1979 642 WIEN
1591 564 1776 656 RADIO
580 577 679 644 562
1814 685 2987 764 gehalten. Doch hat man ihn anderseits nie vergeblich
657 678 1754 756 So beispiellos reichem und kostbarem Lebenswerk
1814 743 2990 808 gerufen, wenn es hieß, für bedrohte Freiheit und
585 747 1751 808 blieb der äußere Widerhall nicht versagt. Artur
1820 789 2988 850 Menschenwürde einzustehen. Von Gemütsart aus¬
583 796 1763 850 Schnitzler galt schon kurze Zeit nach seinem
1812 838 2987 895 nehmend gütig, hat er oft und oft Nachrückende
576 847 1760 910 ersten Hervortreten neben Bahr und Hofmanns¬
1814 885 2984 949 warmherzig gefördert. Schwere persönliche Schick¬
585 892 1646 961 thal als Zierde und Stütze der „Jung-Wien
1812 934 2987 1002 salsschläge, die ihn trafen, haben ihn nicht verhärtet,
583 941 1763 1000 nannten Literatengruppe und hat seine Repräsentan¬
1812 981 2987 1042 sondern milder und hilfsbereiter gemacht. So kann er
585 993 1763 1042 ten- und Führerstellung des Wechsels der literarischen
1812 1035 2984 1086 unbelehrbaren Mißdeutern seines Wesens und Schaf¬
585 1046 1760 1097 Moden ungeachtet bis zum heutigen Tage behauptet.
1812 1085 2990 1143 fens, jenen, die sein Stoffgebiet dürftig, seine Figuren
585 1089 1754 1163 Er ist im deutschen Bruderreich nicht minder ange¬
1820 1131 2990 1190 und Fabeln überholt, seine Einstellung unmoralisch,
585 1135 1760 1194 sehen. Durch Übersetzungen sind viele seiner Meister¬
1812 1178 2990 1236 einseitig, kraftlos, degeneriert finden, ruhigen Mutes
588 1187 1766 1254 schriften ins fremdsprachige Ausland gedrungen. In
1814 1230 2987 1288 mit dem stummen Hinweis auf seine stolze Gesamttat
585 1236 1760 1298 seinem Privatleben von vorbildlicher Noblesse, be¬
1812 1271 2994 1331 antworten. Sie legitimiert ihn überzeugend genug als
585 1286 1760 1341 scheiden, schlicht, unauffällig, hat er jede tendenziöse
1817 1328 2987 1387 Künstler hohen Ranges, der zugleich in jedem Augen¬
585 1333 1763 1387 Parteinahme, selbst in den bösen Kriegstagen abge¬
1817 1376 2987 1440 blicke ein Mensch von tiefstem gedanklichen Ernst
585 1379 1767 1439 lehnt, ist publizistischer Polemik über allgemeine und
1814 1424 2991 1480 und außergewöhnlichem sittlichen Verantwortungs¬
583 1433 1758 1489 Fachmaterien peinlich ausgewichen, hat sich nament¬
1817 1479 2349 1539 bewußtsein gewesen ist.
580 1481 1766 1542 lich die aktuelle Tagespolitik geflissentlich vom Leibe
585 1629 1264 1695 Zum Ferdinand Sauter-Abend
1444 1629 2118 1742 Ferdinand Sauter
583 1690 1178 1764 am Samstag, den 25. Mai
1541 1746 2048 1807 Von Rudolf Huppert
1884 1800 2990 1866 In soliden bürgerlichen Verhältnissen aufgewach¬
875 1807 1766 1880 „Im Wohnorte nicht der geringste Nachlaß vor¬
815 1856 1763 1912 handen. Der Verstorbene bewohnte als Afterpartei
1817 1860 3001 1924 sen, sein Vater war kurfürstlicher Rat und Pfleger in
827 1903 1766 1952 ein von der Hauptparthei Fr. Anna Kniplitsch,
1820 1911 2990 1971 dem idyllischen Marktflecken Werfen im Salzburgi¬
821 1943 1775 1985 Schneidermeisterswitwe, möbliertes Zimmer im
2023 1962 2996 2017 wo auch Ferdinand am 6. Mai 1804 geboren
1820 1964 1977 2029 schen,
824 1983 1764 2028 Hause No. 325 und besaß außer der Kleider und
1820 2008 2996 2066 wurde — hat der Lichter bis zu seinem Tode ein regel¬
824 2014 1766 2087 Wäsche, die er am Leibe trug, keine anderen
818 2060 1116 2118 Kleidungstücke.
1810 2057 2998 2112 rechtes Bohèmienleben geführt, nachdem er es vor¬
869 2081 1735 2176 Aus dem Protokoll der Todesfalls-Aufnahme.
1819 2105 3003 2162 erst, freilich mehr gezwungen als freiwillig, versucht
1817 2156 3001 2217 hatte, sich in kaufmännischen Berufen eine Existenz
1450 2159 1764 2232 Heute wäre es
1817 2202 3001 2258 zu schaffen. Doch er, der schon in seinen frühesten
1412 2217 1766 2275 ganz und gar un¬
1817 2254 3001 2310 Jugendjahren ein Geist voll innerer Unruhe war und
1421 2260 1761 2325 wahrscheinlich,
1817 2303 3000 2361 der den Drang nach Freiheit und Ungebundenheit
1409 2310 1766 2380 daß es ein Dich¬
1817 2350 3000 2412 nicht zu unterdrücken vermochte, flüchtete im Herbst
1406 2359 1776 2421 ter sich nicht
1826 2396 2998 2454 1825 nach Wien, das er in sein Herz eingeschlossen
1409 2411 1766 2472 noch zu seinen
1823 2443 2993 2507 hatte und das er so sehr liebte, daß er in dieser Stadt
1409 2457 1770 2525 Lebzeiten ange¬
1826 2489 2998 2556 lieber hungern wollte, trotzdem er anderswo vielleicht
1406 2503 1769 2572 legen sein ließe,
1826 2550 2725 2605 besser und sorgloser hätte leben können.
1409 2553 1763 2617 für seine Werke
1409 2600 1766 2667 einen Verleger
1893 2596 2996 2665 Ferdinand Sauter, von dem so um 1830 herum die
1412 2648 1766 2717 zu finden. Fer¬
1817 2648 3004 2714 ersten Proben seiner Lyrik in Wiener Zeitschriften
1406 2697 1769 2765 dinand Sauter,
1817 2702 2996 2759 auftauchten und die ebenso durch ihren eigenen,
1409 2750 1766 2812 der als Wiener
1823 2747 2998 2808 zynisch gefärbten Ton, wie auch durch ihren origi¬
1421 2800 1767 2865 Volksdichter lei¬
1817 2794 3000 2864 nellen Stil die Aufmerksamkeit literarischer Kreise
1406 2849 1763 2913 der schon mehr
1817 2845 2996 2907 auf ihn lenkten, gehörte bald zu den populärsten Ge¬
1406 2898 1767 2961 als einer Gene¬
1409 2947 1770 3007 ration fremd ist,
1406 2996 1767 3059 und dessen Ge¬
1405 3038 1775 3111 burtstag sich am
1406 3092 1769 3158 6. Mai zum 125.
1415 3138 1773 3210 Male gejährt hat,
617 3149 1333 3215 Sauters Geburtshaus i. Werfen (Salzb.)
1415 3189 1773 3257 war ein Dich¬
761 3207 1187 3275 (Sammlung Leop. Saliter)
1415 3235 1780 3293 ter ganz anderer
588 3284 1777 3351 Art. Erst ein Jahr nach seinem Tode, 1855,
593 3339 1773 3403 erschien seine Lyrik in einer Buchausgabe gesammelt,
596 3389 1766 3445 die einer seiner Freunde, Julius von der Traun, be¬
591 3435 1769 3493 sorgt hatte. Es war überhaupt sehr lange um Ferdi¬
588 3482 1777 3540 nand Sauter recht still und eigentlich ist erst in den
593 3536 1773 3596 letzten 20 Jahren ein regeres Interesse für ihn zu
588 3583 1773 3638 beobachten, dem wir nicht nur ein sorgfältig gearbei¬
596 3630 1773 3694 tetes, biographisches Werk des ausgezeichneten Sau-
593 3678 1773 3738 ter-For chers Otto Pfeiffer über den Dichter Fer¬
592 3724 1776 3786 dinand Sauter zu verdanken haben, sondern auch
596 3774 1779 3835 einen liebevoll geschriebenen Sauterroman von Julius
593 3829 1776 3882 Fürst und eine Komödie „Das Ende vom Lied von
1817 3845 3001 3901 Enthüllung der Gedenktafel am Hause, in welchem Sauter seine
596 3876 1776 3938 Rudolf Holzer, in deren Mittelpunkt der als Mensch
1957 3895 2867 3941 letzten Lebensjahre verbrachte. Am 5. Mai 1929
588 3925 1566 3990 und Dichter gleich eigenartige Sauter steht.
2550 3937 2969 4003 (Sammlung Leop. Salitter)
