3436 4384
226 92 311 163 8.
365 74 712 156 Freiwil¬
365 142 524 189 .
919 63 1324 165 box 14/3
1930 0 2413 36 gung beisammen
1963 4 2688 64 teren wirklich nicht mehr ansah, wie
1949 47 2695 117 ihn eine halbe Stunde vorher der er¬
1963 87 2698 162 stere mitten durch's Herzchen geschof
1977 137 2656 205 en hatte. Und die Kameraden vom
1924 165 2746 256 Rement, der Jaques Horwitz und der se
1946 227 2645 310 Rudolf Senius, der als Husarenlieu
1956 277 2659 339 tenant ganz besonders verführerisch
1959 322 2671 385 ausgesehen hatte, sowie Othello Han¬
1956 372 2669 435 no, der Baron von Seiffertitz, nicht
1959 408 2668 473 weit davon die niedliche Olga d'Estree
1966 454 2668 524 und die Gussie Fränkel — aber ohne
1962 509 2671 581 den Spitzenvorhang, den sie in dem
1971 563 2668 623 Stücke trug — lieferten zusammen
1971 601 2668 656 mit jenen den Beweis, daß ihr Direk¬
1970 638 2673 710 tor sie nicht auf halbe Gage gesetzt
1970 700 2079 767 hatte.
2019 738 2680 810 Ueberhaupt — wem's gestern im
1974 785 2673 856 Irving Place Theater nicht klar ge¬
1971 826 2676 895 worden ist, daß wir Wilde doch bessere
1977 881 2671 947 Menschen sind, dem kann ich nicht hel¬
1979 915 2678 986 fen. Es sollte sich nur mal Jemand
1976 961 2684 1031 erlauben, zum Beispiel unsere Eugenie
1978 1010 2684 1073 Schmitz für Freiwild zu halten und
1987 1054 2679 1127 sie zu einem mitternächtlichen Cham¬
1985 1101 2685 1169 pagner=Supper einladen — na, zum
1988 1148 2688 1215 zweiten Male würde er es nicht thun.
1984 1191 2683 1256 Oder die Pauline Hall, welche jetzt
1982 1236 2689 1299 grade bei Hyde und Behman die schön¬
1985 1286 2685 1344 sten Jugenderinnerungen wachruft.
1991 1328 2691 1386 Nein, so etwas thun sie nicht, unsere
1990 1381 2701 1436 Bühnengrößen, und selbst die kleinsten
1991 1417 2699 1483 Chormädel, deren schöne Beine nicht
1991 1472 2698 1521 im Hintergrunde zu verkümmern
1997 1508 2698 1576 brauchen, ziehen einen soliden älteren
1997 1564 2696 1624 Herrn aus Wallstret jeglichem jungen
2000 1614 2413 1677 Hero aus Manila vor.
2049 1626 2700 1714 Abgesehen davon, lassen sich aber
2002 1697 2705 1765 auch die sämmtlichen österreichischen
2003 1736 2706 1801 und reichsdeutschen — äh — Lieute¬
2003 1782 2710 1847 nants und Fahnenjunker, deren Blüthe
2003 1831 2711 1901 bekanntlich hier in New York die Ser¬
2002 1876 2712 1944 viette schwingt, auf die Schießerei
2010 1922 2715 1997 principiell nicht ein. Nicht für das
2013 1979 2342 2040 höchste Trinkgeld.
2057 2008 2718 2077 Aber äußerst interessant und span¬
2010 2056 2718 2121 nend ist das Schnitzlerische Freiwild
2013 2110 2714 2165 deshalb doch. Sie sollten sich das
2016 2142 2715 2203 Stück unter allen Umständen ansehen;
2019 2195 2714 2257 es lohn der Mühe. Weshalb es jedoch
2019 2237 2712 2310 auf dem Programme als Komödie be¬
2019 2287 2715 2345 zeichnet wird, ist mir allerdings uner¬
2024 2327 2724 2395 findlich geblieben; wenn zum Schlusse
2013 2382 2723 2446 Einer mausetod geschossen wird, so
2016 2424 2528 2493 hört die Komödie doch auf.
2066 2458 2716 2529 Für den Generalkonsul Stockinger
2021 2513 2712 2571 hat sie, für das Hudsondabel wenig¬
2021 2570 2718 2628 stens, auch aufgehört; die K. K. Re¬
2020 2610 2723 2665 gierung will ihn durchaus wieder in
2016 2649 2717 2705 der vielsprachigen Heimath haben.
2021 2704 2718 2751 Und ich kenne hier mehr als einen bes¬
2021 2741 2714 2798 seren Menschen, welcher diese Zurück¬
2021 2784 2719 2858 berufung sehr bedauern wird. Er
2024 2838 2721 2891 war ein ungemein liebenswürdiger
2021 2879 2714 2927 Gesellschafter, der Stockinger, und ge¬
2016 2920 2726 2982 hörte zu den nicht häufig zu findenden
2027 2970 2715 3022 Leuten, welche treue Freundschaft zu
2021 3014 2726 3068 hälten wissen. Ob er grade großen
2021 3061 2722 3113 Scharfblick in der Beurtheilung der
2021 3103 2721 3157 industriellen und Handelsverhältnisse
2021 3144 2724 3210 gezeigt hat, ist ja eine andere Frage;
2030 3194 2720 3253 große Nationalökonomen sind die
2024 3236 2717 3299 österreichischen Diplomaten im Allge¬
2027 3285 2723 3345 meinen nicht. Aber hier für New
2030 3332 2720 3395 York liegt ihre Hauptaufgabe auch
2032 3378 2723 3448 garnicht auf diesem Gebiete, sondern
2030 3419 2723 3485 in dem berühmten Ausgleich zwischen
2030 3469 2720 3523 den widerstreitenden Nationalitäten,
2027 3521 2723 3570 über welchen in dem schönen Wien
2039 3560 2726 3620 schon so viele Minister gestolpert sind.
2033 3611 2724 3662 Und dem is auch er zum Opfer ge¬
2036 3660 2730 3725 fallen. Wenn nur etwas besseres
2108 3702 2252 3778 kommt!
