3484 4256
2313 167 2512 259 1905.
727 148 2103 339 zur Bohemia Nr. 64.
727 327 2524 405 Anzeigen an die Administration und Bezugsgelder an die Expedition der „Bohemiae senden.
1816 466 2661 558 Aber wenn ich auch später erkannt habe,
781 485 1699 548 Seitentasche hält ihn rechtzeitig zurück. Kein
1727 536 2658 586 daß die Angelegenheit der Frau Pepi
781 541 1699 598 Zweifel, die Akten sind weg, sie müssen in
1729 583 2656 645 Wassertheil so polnisch war, daß ich auch
772 586 1691 640 der Garderobe herausgefallen sein. Dieser
1729 630 2656 694 mit den Akten unterlegen wäre, so vermag
776 638 1699 718 verwünschte Ball! Ich gehe nie mehr tanzen,
1722 675 2661 734 dies doch nichts an meiner festen Ueberzeu¬
769 680 1082 760 nie mehr, nie!
1727 729 2656 790 gung zu ändern, daß schöne Augen für das
873 701 1696 788 Aber das tut nichts. Es ist ja eine
1729 769 2663 837 gesamte öffentliche Leben — vom privaten
772 750 1699 837 aufgelegte Kontumaz. Der Gegner wird
1731 809 2658 875 gar nicht zu reden — von so eminenter Ge¬
772 821 1699 877 nicht erscheinen. Das ist doch vorauszusehen.
1731 866 2658 927 fährlichkeit sind, daß es die Aufgabe jedes
774 870 1696 925 Nur ruhig, es wird schon schief gehen! Und
1736 915 2658 972 geordneten Staatswesens ist, gegen diese
772 917 1699 967 mit einigen wilden Sätzen bin ich auf der
1729 957 2656 1016 blauen bzw. schwarzen, grauen oder grünen
776 960 1703 1012 Gasse, um sofort um das vergessene
1736 1007 2654 1073 Höllenmaschinen umfassendste Vorkehrungen
781 1012 1696 1082 Portemonnaie, das die notwendigen Stempel
1722 1056 2651 1106 zu treffen. Ich habe die Sache bereits dem
772 1054 1212 1139 birgt, zurückzukehren.
1727 1101 2647 1157 Grafen Sternberg an die Hand gegeben und
894 1077 1691 1162 Das bedeutet Unglück, sagt das Dienst¬
772 1136 2647 1204 mädchen gewohnheitsmäßig und mechanisch, es ist von diesem temperamertvollen Volks¬
772 1195 2651 1256 Aber ich schiebe die Seherin unsanft zur vertreter gewiß zu erwarten, daß er in seiner
1729 1249 2647 1308 radikalen Art zumindest nach Analogie der
772 1242 1699 1299 Seite und nun geht's in rasendem Lauf, in
1729 1284 2644 1343 Maulkörbe das obligatorische Tragen dunklen
772 1296 1701 1355 überstürzenden Karree durch die Straßen,
1731 1339 2651 1412 Brillen für Inhaberinnen von Märchenaugen
774 1341 1691 1395 zwischen Milchwagen und Elektrischen hin¬
2376 1386 2611 1440 Dr. P. K.
1729 1383 2082 1466 durchsetzen wird.
772 1390 1699 1444 durch, Stöße austeilend, Püffe empfangend,
781 1435 1703 1503 immer weiter, weiter, wie ein Automobil
772 1477 1388 1546 beim Gordon Benett=Ren.
868 1503 1701 1609 Plötzlich kommt mir ein alter Herr in
1870 1491 2637 1626 Wiener Theaterbrief.
1407 1571 1699 1642 „Morgen,
758 1553 1310 1644 den Weg: „Grüß Dich
2183 1579 2621 1675 Wien, Ende Feber.
772 1623 1701 1703 Onkel, Du entschuldigst, nicht wahr eine
1814 1644 2635 1713 Wien ist zwar wieder eine Theater, adt, de
774 1670 1045 1736 Tagfahrt —
849 1675 2651 1762 Und der alte Herr sieht mir verdutzt wird jetzt von allen Seiten freundlich zugestan¬
767 1753 2658 1821 nach mit erstauntem Kopfschütteln über den den, außer von jenen Wiener Dichtern, die eben
1731 1795 2647 1849 nach Berlin zur Premiere gereist sind — aber
781 1811 1675 1887 falschen Neffen, der doch als Student ih¬
1736 1830 2656 1894 das Wiener Theaterpublikum, so hört man, hat
774 1856 1623 1931 und insbesondere seiner Brieftasche in
1729 1875 2647 1927 noch immer den vormärzlichen Geschmack. Ernst¬
772 1901 1699 1964 treuer Anhänglichkeit zugekan gewesen und
1727 1922 2647 1969 hafte Dinge, auf dem Theater verhandelt, inte¬
772 1950 1699 2007 der ihn jetzt einfach auf der Straße stehen
1731 1957 2647 2009 ressieren angeblich kaum. Ibsen wird in der
772 1997 1703 2073 läßt. Die undankbare Jugend! Es tut mir
1736 2004 2647 2058 Phäakenstadt nie verstanden werden soziale und
1736 2044 2654 2096 gar politische Probleme finden von der Bühne
774 2047 1696 2103 in der Seele weh, lieber Onkel, Dir nicht
1731 2091 2647 2136 herab kein Gehör, Soldatenstücke, die läßt man
776 2096 1703 2148 meine alte, treue Anhänglichkeit — der
1738 2134 2647 2188 sich etwa noch gefallen, weil ja die Soldateska
781 2131 1699 2195 Fasching kostet soviel Geld — beweisen zu
1731 2176 2647 2225 mit den süßen Mädeln in dem bekannt ange¬
772 2188 1701 2244 können. Allein mich ruft die Pflicht, mich
1731 2218 2647 2265 nehmen Zusammenhange steht — von diesen
776 2235 1703 2287 lockt jetzt nur ein Ziel, ein heres, ein Name,
1750 2256 2644 2308 süßen Mädeln und allerliebst antgegenkommenden
774 2277 1703 2338 der in flammenden, feurigen Buchstaben vor
1750 2301 2637 2357 Frauen denkt man sich die Wiener Bühne einzu¬
772 2324 1699 2400 meinen Augen flimmert: Pepi Wassertheil
1731 2345 2635 2395 und allein belebt, so wie man die Wiener Lit¬
816 2374 1696 2425 Endlich trennt mich nur noch ein kleines
1731 2390 2581 2435 raten auch immer nur als in Walzertakt früh
774 2416 1691 2475 Gäßchen vom Bezirksgericht. Aber natürlich
1736 2425 2609 2480 einherhüpfende Männlein oder als tiefgrund
1731 2470 2505 2520 Latzenjammerliche Ergründer der Liebes
772 2470 1701 2531 da ist der Zugang zu dem Gäßchen durch
1729 2515 2597 2567 schildert findet. Liebesaventuren, das ist all
776 2515 1699 2574 eine langmächtige, dichtgeschlossene Reihe
1729 2557 2632 2611 meine Meinung im Reich, schweben allein rost¬
774 2557 1703 2614 von Eisfuhren versperrt. Es ist zum Rasend¬
1727 2597 2644 2651 an dem nicht sehr weiten Wiener literarischen
772 2611 1701 2670 werden! Hier müßig stehen und warten
1729 2647 2376 2691 und Theaterhorizont. Wenn ein
769 2658 1689 2738 müsse bis die lange, endlose Wagenreih¬
1736 2679 2357 2731 gefallen soll, formulieren reichs
781 2705 1350 2774 langsam vorbeipassiert.
2458 2705 2545 2785 me¬
1727 2727 2400 2774 Männer, so darf es sich freilich
868 2738 1691 2807 Plötzlich zittern die ersten Schläge der
1729 2767 2632 2823 die allzungendhafte Frage drehen: Wie krieg
776 2799 1602 2849 nahen Turmuhr durch die neblige Luft
1736 2807 2623 2868 Haus seine Grete? — Doch mit einigen Kon¬
776 2837 1687 2903 Pepi, Pepi! Und mit kühnem Entschlusse
1731 2854 2647 2908 nationen, etwa mit dem artigen Bezierspiel: Wie
776 2896 1696 2950 und geradezu japanischer Todesverachtung
1736 2896 2647 2943 wird Haus die Grete los? Wie macht es der
786 2936 2654 2990 schlängle ich mich — dank meiner für den kluge Haus, daß ihn weder die Greie, noch deren
1729 2983 2651 3030 beste Freundin, mit der er natürlich auch eine
781 2983 1691 3039 künftigen Advokaten beinahe standeswidrigen
1727 3021 2647 3068 Beziehung anfädelt, an den Altar schleppt? —
781 3030 1696 3089 Schlankheit — zwischen der Rückseite eines
1729 3056 2647 3131 mit solchen Problemen macht jeder Theaterdichter
776 3072 1699 3159 Wagens und zwei schnaubenden Nüstern
1724 3105 2136 3171 in Wien sein Glück
1814 3117 2658 3206 Dieses oft betonte Vorwiegen des Grotischen in
1736 3197 2663 3251 unserer Stadt der Formen, der Farben, der
1741 3237 2647 3294 Frauen, scheint in unserer ganzen Atmospäre be¬
1731 3286 2654 3338 gründet, doch ist diese Luft, wenigstens die
1736 3322 2644 3373 Theaterlust, schon seit langen nicht mehr so
1736 3362 2651 3413 leichtfertig, wie man da draußen noch immer ver¬
1736 3411 2647 3458 meint. Betrachten Sie doch unser Repertoire der
1731 3451 2654 3505 letzten Wochen: das Liebes=Lustspiel, die Liebes¬
1731 3493 2651 3543 tragödie fehlen beinahe ganz. Diese Dinge, seien
1741 3538 2647 3588 sie noch so munter gewoben, werden rasch von
1736 3573 2654 3632 der Bühnenfläche gesegt. Selbst das Amouretten¬
1736 3620 2644 3668 Theater reinster oder nicht ganz reiner Schattie¬
1736 3665 2656 3712 rung, das Theater in der Josefstadt, hat mit
1738 3708 2642 3759 seinen literarischen Einakter=Abenden mehr ge¬
1731 3745 2651 3799 macht, wie in in unserem Jargon zu sagen
1736 3790 2647 3837 pflegt, als mit den niedlichsten Obskuritäten.
1736 3832 2663 3879 Das soziale Stück beherrscht jetzt die selbst in
1738 3875 2647 3924 Wien nachdenklicher gestimmten Kreise der Theater¬
1736 3912 2644 3973 Hungrigen. Im Burgtheater hat „Traumulus
1736 3959 2658 4006 ein kluges, wenn man will, erklügeltes Rechen¬
1736 4002 2647 4051 exempel, ein „Schulfall“ in jedem Sinn, ein
1741 4044 2651 4093 Stück, das in die Anfänge jeder sozialen Erörte¬
