3392 4384
146 175 266 250 8.
841 159 1248 252 box 14/3
307 170 664 277 Freiwild
735 875 1083 967 Telefon 12801.
462 962 1353 1048 Unternehmen für Zeitungs-Ausschnitte
1439 987 1631 1059 Ausschnitt
1432 1051 1533 1148 Nr.
623 1042 1203 1178 „OBSERVER
205 1160 1614 1232 1. österr. behördl. concess. Bureau für Zeitungsberichte und Personalnachrichten
500 1230 1333 1308 Wien, IX/1 Türkenstrasse 17.
425 1299 1392 1401 — Filiale in Budapest: „Figyel, VIII. Josefsring 31 a.
203 1469 1521 1598 Ausschnitt uns dortige Bett¬
775 1471 1380 1685 a
519 1635 698 1724 vom
616 1730 753 1830 1
684 1876 1037 1972 Carl-Theater.
348 1935 1446 2012 Als im vorigen Jahre Schnitzlers „Freiwild“ zum
259 1971 1444 2042 erstenmale in Berlin aufgeführt wurde, waren die Leute dort gerade
257 2035 1448 2087 von dem Fall Brüsewitz sehr erregt. Heute, da das Schauspiel bei
259 2076 1449 2117 uns aufgeführt wird, beschäftigt der Vorfall in Marburg die öffent¬
261 2113 1446 2162 liche Discussion. Energischer könnte die Actualität des Stückes nicht
261 2153 1449 2206 dargethan werden. Es ist aus brennenden Forderungen und Mei¬
264 2192 1446 2238 nungen des Tages herausgehoben und es prüft und zersetzt uner¬
268 2229 1446 2279 schrocken alle die stattlichen Worte, wie Mannesmuth und Zwei¬
262 2271 1444 2322 kampf und Officiersehre und ritterliche Vertretung seine Ueberzeugung.
270 2308 1440 2354 Ein junger Künstler hat einen Officier geohrfeigt, weil dieser öffent¬
268 2345 1446 2397 lich die Ehre einer Dame angegriffen hat. Den Zeugen des Officiers
264 2392 1444 2440 verweigert er jede Genugthuung. Er hat einen Buben gezüchtigt,
259 2426 1444 2472 weil dieser es verdiente; aber er fühlt gar kein Bedürfniß sich dafür
261 2463 1455 2513 niederschießen zu lassen. Allen Einwänden, allen gesellschaftlichen
268 2504 1446 2553 Einschüchterungen zum Trotz beharrt er auf seiner Meinung. Er
268 2540 1462 2601 wird gewarnt, er möge abreisen, denn der gedemüthigte Officier
264 2590 1455 2635 plane Böses gegen ihn. Er aber will nicht fliehen. Der Officier tritt
264 2631 1458 2678 ihm in den Weg, er fragt ihn zum letzten Male, ob er sich mit ihm
270 2667 1455 2720 schlagen will. Der Maler verneint und der Officier schießt ihn
268 2708 1449 2760 nieder. Das ist logisch und einsichtsvoll entwickelt. Aber nicht nur
273 2745 1449 2792 mit einer brillanten Kraft des Verstandes, sondern mit einer herz¬
273 2786 1449 2829 lichen Wärme, die das Stück weit über das Niveau des traditionellen
264 2817 1453 2870 Thesenstückes hebt. Alle akademische Dialectik ist überwunden, die
273 2861 1453 2906 Frage ist allseitig, mit rühmenswerther Gerechtigkeit beleuchtet, aber
268 2899 1449 2952 jedes Argument quillt unmittelbar und lebendig aus der Em¬
273 2940 1453 2985 pfindung. Und der Autor geht in der Analyse mit dem sicheren Ge¬
234 2965 1446 3026 fühl des Dichters auf die letzten, rein menschlichen Grundlagen zurück;
1474 2992 1608 3049 inclusive
270 3018 1449 3072 indem er hier, in einem verwickelten Verhältnis des Culturlebens,
1480 3033 1589 3068 Porto.
270 3058 1601 3101 die einfachen natürlichen Linien wieder herzustellen sucht, nimmt er dem Zahlbar
273 3095 1623 3143 Werke die quälende Enge des Tendenzstückes und gibt ihm Freiheit voraus.
264 3138 1449 3183 und künstlerisches Leben. Der Dialog ist von einer Beweglichkeit und An¬
268 3156 1642 3218 muth, mit der sich heute kein deutscher Autor messen kann Er fließt leichte ist de
1474 3209 1642 3261 te de
268 3215 1446 3263 und mühelos und gibt doch den Dingen den präcisesten Ausdruck. Nur
268 3250 1569 3317 ein Mangel stört an dem Stücke; der freilich empfindlich. Dem Dichter dern.
270 3295 1446 3340 fehlt die Kraft für seinen Helden. Dieser junge Mensch, der sich an die
264 3333 1453 3384 Welt mit klammernden Organen hält, der müßte von der Fülle des
268 3374 1446 3416 Lebens dampfen, vor kräftigen Bodengefühls, wie Egmont oder der
266 3411 1449 3463 Prinz von Homburg, einer der den Tod verabscheut, weil er das
264 3450 1449 3500 Leben so stark fühlt. Das hat Schnitzler seinem Helden nicht gegeben.
268 3491 1455 3540 Es ist eine müde Liebe zum Leben, die ihn durchrieselt, hat er kein
266 3524 1060 3588 Wort ergreifender, elementarer Lebensfreude.
1103 3525 1455 3575 - Den Darstellung
270 3566 1449 3615 wurde dem schwierigen Werke nur in einer einzigen Rolle voll
268 3609 1453 3654 gerecht: in der Rolle des Helden, die Herr Klein mit siegreicher
268 3649 1449 3691 Beredsamkeit und warmer Empfindung spielte. Die Uebrigen, die
268 3688 1449 3738 Herren Reusch, Tewele, Korff, Czasta und Martin,
273 3725 1446 3770 sowie Frl. Sangora ist viel gelungen, manches mißrathen; aber
268 3768 1100 3834 sie haben alle ein Recht auf volle Anerkennung.
2215 937 2601 1050 on 1899.
2012 1034 2865 1155 nehmen für Zeitungs-Ausschnitte
2958 1060 3136 1126 Ausschnitt
2918 1125 3136 1230 Nr. 28
2144 1110 2710 1242 „OBSERVER
1710 1237 3147 1301 1. österr. behördl. concess. Bureau für Zeitungsberichte und Personalnachrichten
2026 1287 2849 1394 Wien, IX/ Türkenstrasse 17.
1751 1367 2901 1458 — Filiale in Budapest: „Figyelö", VIII. Josefsring 31a.
1733 1530 2943 1665 Ausschnitt aus: at
2028 1687 2367 1831 von
1915 1926 2936 2005 B. Aus Wien, den 4. Februar, wird uns geschrieben:
1874 1981 2935 2047 Arthur Schnitzlers dreiaktiges Schauspiel „Freiwild“ ist
1869 2021 2933 2087 heute mit starkem Erfolge im Carl-Theater zum ersten Male
1874 2072 2943 2121 aufgeführt worden. Die empfindliche und bisher ungelöste
1880 2105 2933 2163 Duellfrage und namentlich die Duellverpflichtung bildet be¬
1878 2142 2938 2201 kanntlich den Kern des geistvollen Stückes, das selbstverständlich
1869 2185 2936 2246 zum Theil auch Opposition hervorrief. Die Aufführung war
1871 2228 2942 2276 eine gerundete, und das ausverkaufte Haus kargte nicht mit
1878 2258 2945 2315 seinem Beifall. — Ein Faschingsstück lustiger Prägung mit
1872 2301 2913 2358 einem Stich ins Pikante ist der Schwank „Aschermittwoch
1871 2338 2933 2388 von Hans Fischer und Josef Farno, das heute zum ersten
1869 2381 2931 2437 Male im Josefstädter=Theater in Scene ging und durch die famose
1878 2413 2933 2490 Darstellung von Herrn Marau und Frau Pohl=Meiser
1871 2456 2479 2531 Beifall und laute Heiterkeit erregte.
2137 2917 2790 3020 Bezugs-Bedingungen.
1756 2997 2918 3074 Für 50 Zeitungsausschnitte (Artikel oder Notizen fl. 7.50
2979 3006 3127 3092 inclusive
2824 3045 2908 3092 14.—
2993 3074 3117 3109 Porto.
2811 3079 2906 3133 25.—
2985 3099 3117 3142 Zahlbar
2765 3126 2899 3176 „ 55.—
2958 3124 3143 3190 im Voraus.
1835 3138 1915 3183 500
2761 3161 2899 3224 „ 100.—
1783 3176 1922 3242 „ 1000
1878 3183 3184 3272 Im Gegensatze zu anderen Bureaux für Zeitungsausschnitte ist das
1764 3247 3190 3322 Abonnement durch keine bestimmte Zeitdauer begrenzt; auch steht es den
1764 3284 3084 3368 Abonnenten frei die aufgegebenen Themen zu ergänzen oder zu ändern.
