<?xml version="1.0" encoding="UTF-8" standalone="yes"?>
<PcGts xmlns="http://schema.primaresearch.org/PAGE/gts/pagecontent/2013-07-15" xmlns:xsi="http://www.w3.org/2001/XMLSchema-instance" xsi:schemaLocation="http://schema.primaresearch.org/PAGE/gts/pagecontent/2013-07-15 http://schema.primaresearch.org/PAGE/gts/pagecontent/2013-07-15/pagecontent.xsd">
    <Metadata>
        <Creator>prov=READ-COOP:name=PyLaia@TranskribusPlatform:version=2.12.1:model_id=39995:lm=provided:date=28_03_2024_21:33</Creator>
        <Created>2019-10-07T11:49:43.866+02:00</Created>
        <LastChange>2024-03-28T21:33:08.596+01:00</LastChange>
        <TranskribusMetadata docId="223990" pageId="9505431" pageNr="362" tsid="156390643" status="IN_PROGRESS" userId="40391" imgUrl="https://files.transkribus.eu/Get?id=RSOCWEJBBCXGMVIGARWGNWFO&amp;fileType=view" xmlUrl="https://files.transkribus.eu/Get?id=EMUDUCTXNOXGVXXMUCCQJMXO" imageId="6195645"/>
    </Metadata>
    <Page imageFilename="223990_0362.jpeg" imageWidth="3436" imageHeight="4224">
        <ReadingOrder>
            <OrderedGroup id="ro_1712662628764" caption="Regions reading order">
                <RegionRefIndexed index="0" regionRef="tr_1"/>
                <RegionRefIndexed index="1" regionRef="tr_2"/>
                <RegionRefIndexed index="2" regionRef="tr_3"/>
                <RegionRefIndexed index="3" regionRef="tr_4"/>
            </OrderedGroup>
        </ReadingOrder>
        <TextRegion orientation="0.0" id="tr_1" custom="readingOrder {index:0;}">
            <Coords points="271,117 271,285 437,285 437,117"/>
            <TextLine id="tr_1_tl_1" custom="readingOrder {index:0;}">
                <Coords points="266,225 313,235 342,253 368,247 383,253 397,245 437,257 430,193 355,198 304,167 262,182"/>
                <Baseline points="271,217 298,221 326,224 354,226 381,230 409,235 437,233"/>
                <TextEquiv>
                    <Unicode>8.</Unicode>
                </TextEquiv>
            </TextLine>
            <TextEquiv>
                <Unicode></Unicode>
            </TextEquiv>
        </TextRegion>
        <TextRegion orientation="0.0" id="tr_2" custom="readingOrder {index:1;}">
            <Coords points="493,123 493,291 800,291 800,123"/>
            <TextLine id="tr_2_tl_1" custom="readingOrder {index:0;}">
                <Coords points="487,211 524,235 798,229 798,165 749,180 726,166 688,175 667,165 617,186 584,169 544,187 487,163"/>
                <Baseline points="493,231 518,232 544,231 569,228 595,225 620,224 646,223 672,223 697,225 723,226 748,228 774,232 800,241"/>
                <TextEquiv>
                    <Unicode>wild</Unicode>
                </TextEquiv>
            </TextLine>
            <TextEquiv>
                <Unicode></Unicode>
            </TextEquiv>
        </TextRegion>
        <TextRegion orientation="0.0" id="tr_3" custom="readingOrder {index:2;}">
            <Coords points="722,200 722,3537 1573,3537 1573,200"/>
            <TextLine id="tr_3_tl_1" custom="readingOrder {index:0;}">
                <Coords points="968,243 1033,229 1188,247 1227,233 1332,240 1379,225 1379,173 1302,162 1274,181 1249,162 1215,177 1182,163 1040,190 967,156"/>
                <Baseline points="973,220 998,220 1024,220 1049,222 1075,223 1100,223 1126,224 1151,226 1177,226 1203,226 1228,226 1254,226 1279,226 1305,225 1330,223 1356,223 1382,223"/>
                <TextEquiv>
                    <Unicode>box 14/4</Unicode>
                </TextEquiv>
            </TextLine>
            <TextLine id="tr_3_tl_2" custom="readingOrder {index:1;}">
                <Coords points="744,990 1571,993 1571,958 1432,939 1164,963 744,942"/>
                <Baseline points="749,976 790,979 831,979 872,979 913,979 955,979 996,979 1037,979 1078,980 1119,981 1161,979 1202,979 1243,982 1284,982 1325,982 1367,982 1408,984 1449,985 1490,985 1531,985 1573,988"/>
                <TextEquiv>
                    <Unicode>wicklung nehmen könne. Auch der Weg hiezu</Unicode>
                </TextEquiv>
            </TextLine>
            <TextLine id="tr_3_tl_3" custom="readingOrder {index:2;}">
                <Coords points="752,1037 1564,1039 1552,995 752,992"/>
                <Baseline points="758,1020 798,1020 838,1020 879,1020 919,1020 960,1020 1000,1020 1041,1020 1081,1021 1122,1023 1162,1023 1202,1026 1243,1023 1283,1023 1324,1025 1364,1026 1405,1027 1445,1029 1486,1029 1526,1029 1567,1029"/>
                <TextEquiv>
                    <Unicode>dürfte ihm schon deutlich vorschweben. Die ernsten</Unicode>
                </TextEquiv>
            </TextLine>
            <TextLine id="tr_3_tl_4" custom="readingOrder {index:3;}">
                <Coords points="752,1082 1466,1093 1561,1088 1561,1047 751,1035"/>
                <Baseline points="758,1065 798,1065 838,1065 878,1063 919,1064 959,1064 999,1063 1040,1065 1080,1065 1120,1065 1161,1068 1201,1065 1241,1067 1281,1068 1322,1070 1362,1070 1402,1069 1443,1071 1483,1072 1523,1074 1564,1074"/>
                <TextEquiv>
                    <Unicode>Politiker werden ihm ihre Hilfe nicht versagen,</Unicode>
                </TextEquiv>
            </TextLine>
            <TextLine id="tr_3_tl_5" custom="readingOrder {index:4;}">
                <Coords points="752,1119 1548,1135 1557,1084 751,1082"/>
                <Baseline points="758,1107 798,1107 838,1107 878,1107 918,1107 958,1108 998,1109 1039,1107 1079,1108 1119,1110 1159,1110 1199,1110 1239,1110 1279,1112 1320,1113 1360,1114 1400,1116 1440,1116 1480,1116 1520,1116 1561,1119"/>
                <TextEquiv>
                    <Unicode>wenn sie auch, insbesondere die fortschrittlich</Unicode>
                </TextEquiv>
            </TextLine>
            <TextLine id="tr_3_tl_6" custom="readingOrder {index:5;}">
                <Coords points="750,1170 1554,1179 1558,1135 749,1134"/>
                <Baseline points="755,1149 795,1152 835,1152 875,1152 916,1152 956,1152 996,1152 1037,1152 1077,1153 1117,1155 1158,1155 1198,1155 1238,1157 1278,1156 1319,1157 1359,1158 1399,1158 1440,1159 1480,1161 1520,1161 1561,1164"/>
                <TextEquiv>
                    <Unicode>gesinnten unter ihnen, darauf achten müssen,</Unicode>
                </TextEquiv>
            </TextLine>
            <TextLine id="tr_3_tl_7" custom="readingOrder {index:6;}">
                <Coords points="749,1208 1569,1211 1569,1176 1533,1170 749,1173"/>
                <Baseline points="755,1194 795,1197 836,1195 877,1194 918,1194 958,1194 999,1195 1040,1198 1081,1200 1121,1200 1162,1200 1203,1203 1244,1203 1284,1203 1325,1203 1366,1203 1407,1203 1447,1203 1488,1203 1529,1203 1570,1203"/>
                <TextEquiv>
                    <Unicode>daß er hiebei nicht allzu „selbständige Ent¬</Unicode>
                </TextEquiv>
            </TextLine>
            <TextLine id="tr_3_tl_8" custom="readingOrder {index:7;}">
                <Coords points="758,1256 1569,1265 1567,1217 1536,1213 758,1207"/>
                <Baseline points="764,1241 804,1238 844,1238 884,1238 925,1238 965,1238 1005,1239 1046,1241 1086,1241 1126,1241 1167,1244 1207,1244 1247,1244 1287,1244 1328,1246 1368,1247 1408,1247 1449,1247 1489,1247 1529,1247 1570,1250"/>
                <TextEquiv>
                    <Unicode>schließungen" fasse. Die Bahn ist frei, nun liegt</Unicode>
                </TextEquiv>
            </TextLine>
            <TextLine id="tr_3_tl_9" custom="readingOrder {index:8;}">
                <Coords points="744,1286 1438,1314 1547,1305 1561,1264 743,1260"/>
                <Baseline points="749,1280 789,1280 830,1280 871,1282 912,1281 952,1282 993,1283 1034,1283 1075,1284 1115,1286 1156,1286 1197,1289 1238,1289 1278,1289 1319,1291 1360,1292 1401,1292 1441,1292 1482,1292 1523,1292 1564,1289"/>
                <TextEquiv>
                    <Unicode>es in erster Linie an dem Führer und es gilt</Unicode>
                </TextEquiv>
            </TextLine>
            <TextLine id="tr_3_tl_10" custom="readingOrder {index:9;}">
                <Coords points="750,1352 815,1356 843,1335 1248,1344 1246,1320 1174,1294 749,1305"/>
                <Baseline points="755,1325 781,1325 807,1325 833,1325 859,1325 885,1325 911,1326 937,1328 963,1326 989,1326 1015,1327 1041,1328 1067,1328 1093,1328 1119,1328 1145,1330 1171,1331 1197,1331 1223,1334 1250,1337"/>
                <TextEquiv>
                    <Unicode>auch keine Seit zu verlieren.</Unicode>
                </TextEquiv>
            </TextLine>
            <TextLine id="tr_3_tl_11" custom="readingOrder {index:10;}">
                <Coords points="827,1391 1558,1389 1557,1348 1509,1339 826,1341"/>
                <Baseline points="832,1370 868,1370 904,1368 941,1368 977,1371 1014,1373 1050,1373 1087,1373 1123,1374 1160,1376 1196,1376 1232,1376 1269,1378 1305,1379 1342,1379 1378,1379 1415,1379 1451,1379 1488,1379 1524,1378 1561,1379"/>
                <TextEquiv>
                    <Unicode>Die Wahlen in Ungarn haben ein über¬</Unicode>
                </TextEquiv>
            </TextLine>
            <TextLine id="tr_3_tl_12" custom="readingOrder {index:11;}">
                <Coords points="749,1426 1564,1429 1564,1400 1520,1388 749,1389"/>
                <Baseline points="755,1411 795,1411 836,1413 876,1414 917,1414 958,1414 998,1414 1039,1414 1079,1415 1120,1417 1161,1417 1201,1420 1242,1417 1282,1419 1323,1420 1364,1420 1404,1420 1445,1420 1485,1420 1526,1420 1567,1420"/>
                <TextEquiv>
                    <Unicode>raschendes Resultat gehabt: Graf Tiszas Ge¬</Unicode>
                </TextEquiv>
            </TextLine>
            <TextLine id="tr_3_tl_13" custom="readingOrder {index:12;}">
                <Coords points="744,1468 1538,1485 1558,1443 743,1440"/>
                <Baseline points="749,1456 789,1459 830,1457 870,1456 911,1458 952,1459 992,1459 1033,1459 1073,1460 1114,1462 1155,1462 1195,1462 1236,1462 1276,1462 1317,1464 1358,1465 1398,1466 1439,1468 1479,1467 1520,1466 1561,1465"/>
                <TextEquiv>
                    <Unicode>waltstreich hat nicht nur ihn selbst, sondern</Unicode>
                </TextEquiv>
            </TextLine>
            <TextLine id="tr_3_tl_14" custom="readingOrder {index:13;}">
                <Coords points="735,1514 1555,1519 1554,1482 1520,1475 734,1474"/>
                <Baseline points="740,1501 780,1501 821,1501 862,1501 903,1501 944,1501 985,1501 1026,1502 1067,1504 1108,1504 1149,1504 1189,1507 1230,1507 1271,1510 1312,1510 1353,1510 1394,1510 1435,1510 1476,1510 1517,1510 1558,1513"/>
                <TextEquiv>
                    <Unicode>auch seine Partei getroffen und ihre politische</Unicode>
                </TextEquiv>
            </TextLine>
            <TextLine id="tr_3_tl_15" custom="readingOrder {index:14;}">
                <Coords points="747,1555 1535,1573 1555,1520 746,1525"/>
                <Baseline points="752,1540 792,1540 832,1545 872,1546 913,1546 953,1546 993,1546 1034,1547 1074,1549 1114,1549 1155,1549 1195,1552 1235,1552 1275,1552 1316,1552 1356,1552 1396,1553 1437,1555 1477,1555 1517,1555 1558,1555"/>
                <TextEquiv>
                    <Unicode>Stellung vernichtet. Die liberale Partei, die seit</Unicode>
                </TextEquiv>
            </TextLine>
            <TextLine id="tr_3_tl_16" custom="readingOrder {index:15;}">
                <Coords points="749,1602 1562,1608 1561,1575 1442,1562 749,1556"/>
                <Baseline points="755,1585 795,1588 835,1588 876,1588 916,1588 957,1590 997,1591 1038,1591 1078,1592 1119,1594 1159,1594 1199,1594 1240,1597 1280,1597 1321,1597 1361,1597 1402,1598 1442,1600 1483,1600 1523,1600 1564,1600"/>
                <TextEquiv>
                    <Unicode>1867 an der Regierung war, erlitt eine furchtbare</Unicode>
                </TextEquiv>
            </TextLine>
            <TextLine id="tr_3_tl_17" custom="readingOrder {index:16;}">
                <Coords points="745,1643 1550,1659 1549,1621 1516,1612 744,1591"/>
                <Baseline points="749,1629 789,1632 829,1632 869,1632 909,1632 949,1633 989,1635 1030,1635 1070,1636 1110,1638 1150,1638 1190,1641 1230,1639 1270,1640 1311,1641 1351,1641 1391,1642 1431,1643 1471,1641 1511,1644 1552,1647"/>
                <TextEquiv>
                    <Unicode>Niederlage und Kossuths Anhänger triumphieren,</Unicode>
                </TextEquiv>
            </TextLine>
            <TextLine id="tr_3_tl_18" custom="readingOrder {index:17;}">
                <Coords points="744,1685 1501,1713 1555,1701 1555,1659 743,1644"/>
                <Baseline points="749,1674 789,1677 829,1677 870,1677 910,1677 951,1677 991,1677 1032,1678 1072,1681 1113,1683 1153,1680 1193,1683 1234,1683 1274,1685 1315,1686 1355,1686 1396,1686 1436,1686 1477,1687 1517,1689 1558,1689"/>
                <TextEquiv>
                    <Unicode>denn sie haben über alle Erwartungen viel</Unicode>
                </TextEquiv>
            </TextLine>
            <TextLine id="tr_3_tl_19" custom="readingOrder {index:18;}">
                <Coords points="745,1733 1555,1744 1554,1701 744,1699"/>
                <Baseline points="749,1722 789,1719 829,1719 870,1721 910,1722 951,1722 991,1722 1032,1723 1072,1725 1113,1725 1153,1725 1193,1728 1234,1728 1274,1728 1315,1730 1355,1731 1396,1731 1436,1731 1477,1731 1517,1731 1558,1734"/>
                <TextEquiv>
                    <Unicode>gewonnen und zählen mehr Abgeordnete als</Unicode>
                </TextEquiv>
            </TextLine>
            <TextLine id="tr_3_tl_20" custom="readingOrder {index:19;}">
                <Coords points="742,1776 1556,1788 1555,1749 1507,1742 741,1728"/>
                <Baseline points="746,1764 786,1764 827,1764 867,1764 908,1764 949,1766 989,1767 1030,1767 1070,1767 1111,1767 1152,1770 1192,1770 1233,1770 1273,1772 1314,1773 1355,1773 1395,1774 1436,1776 1476,1776 1517,1777 1558,1779"/>
                <TextEquiv>
                    <Unicode>die Liberalen. Die Folgen dieser Wahl sind</Unicode>
                </TextEquiv>
            </TextLine>
            <TextLine id="tr_3_tl_21" custom="readingOrder {index:20;}">
                <Coords points="735,1821 1544,1838 1554,1789 734,1776"/>
                <Baseline points="740,1806 780,1806 821,1808 862,1809 903,1809 944,1810 985,1811 1026,1811 1067,1812 1108,1814 1149,1814 1189,1814 1230,1817 1271,1817 1312,1817 1353,1817 1394,1819 1435,1820 1476,1820 1517,1820 1558,1820"/>
                <TextEquiv>
                    <Unicode>heute noch nicht abzusehen, aber es unterliegt</Unicode>
                </TextEquiv>
            </TextLine>
            <TextLine id="tr_3_tl_22" custom="readingOrder {index:21;}">
                <Coords points="742,1866 1556,1873 1555,1838 1511,1828 741,1821"/>
                <Baseline points="746,1850 786,1850 827,1850 867,1852 908,1851 949,1852 989,1853 1030,1854 1070,1855 1111,1853 1152,1856 1192,1859 1233,1859 1273,1859 1314,1861 1355,1862 1395,1862 1436,1862 1476,1862 1517,1863 1558,1862"/>
                <TextEquiv>
                    <Unicode>keinem Zweifel, daß der 26. Jänner 1905 ein</Unicode>
                </TextEquiv>
            </TextLine>
            <TextLine id="tr_3_tl_23" custom="readingOrder {index:22;}">
                <Coords points="746,1910 1556,1925 1524,1875 746,1870"/>
                <Baseline points="752,1898 792,1895 832,1895 872,1895 913,1895 953,1896 993,1898 1034,1899 1074,1901 1114,1901 1155,1901 1195,1904 1235,1904 1275,1904 1316,1904 1356,1904 1396,1905 1437,1907 1477,1907 1517,1908 1558,1913"/>
                <TextEquiv>
                    <Unicode>historischer Tag sein wird, nicht nur für Ungarn,</Unicode>
                </TextEquiv>
            </TextLine>
            <TextLine id="tr_3_tl_24" custom="readingOrder {index:23;}">
                <Coords points="749,1955 1554,1960 1553,1929 1444,1913 1328,1934 1274,1910 749,1909"/>
                <Baseline points="755,1937 795,1937 835,1939 875,1940 915,1942 955,1943 995,1943 1035,1943 1075,1943 1115,1943 1155,1946 1195,1948 1235,1949 1275,1949 1315,1947 1355,1947 1395,1949 1435,1949 1475,1949 1515,1949 1555,1949"/>
                <TextEquiv>
                    <Unicode>sondern auch für die Monarchie. Wohl ist es</Unicode>
                </TextEquiv>
            </TextLine>
            <TextLine id="tr_3_tl_25" custom="readingOrder {index:24;}">
                <Coords points="756,1994 1555,2006 1554,1967 1507,1959 755,1955"/>
                <Baseline points="761,1982 800,1985 840,1985 880,1985 920,1985 960,1985 1000,1985 1039,1986 1079,1988 1119,1988 1159,1988 1199,1990 1239,1991 1279,1991 1318,1992 1358,1994 1398,1994 1438,1994 1478,1994 1518,1994 1558,1997"/>
                <TextEquiv>
                    <Unicode>sehr fraglich, ob man das Wahlresultat als den</Unicode>
                </TextEquiv>
            </TextLine>
            <TextLine id="tr_3_tl_26" custom="readingOrder {index:25;}">
                <Coords points="739,2039 1408,2060 1553,2055 1552,2011 738,2002"/>
                <Baseline points="743,2023 783,2026 824,2026 864,2028 905,2029 946,2029 986,2029 1027,2029 1067,2030 1108,2032 1149,2032 1189,2035 1230,2035 1270,2035 1311,2035 1352,2037 1392,2038 1433,2038 1473,2038 1514,2039 1555,2044"/>
                <TextEquiv>
                    <Unicode>Ausdruck des Willens der Nation bezeichnen darf,</Unicode>
                </TextEquiv>
            </TextLine>
            <TextLine id="tr_3_tl_27" custom="readingOrder {index:26;}">
                <Coords points="738,2086 1559,2093 1558,2056 1519,2047 738,2043"/>
                <Baseline points="743,2065 783,2070 824,2071 865,2071 906,2073 947,2074 988,2074 1029,2074 1070,2074 1111,2075 1152,2077 1192,2077 1233,2077 1274,2080 1315,2080 1356,2080 1397,2080 1438,2082 1479,2083 1520,2083 1561,2083"/>
                <TextEquiv>
                    <Unicode>denn man weiß, wie beschränkt das ungarische</Unicode>
                </TextEquiv>
            </TextLine>
            <TextLine id="tr_3_tl_28" custom="readingOrder {index:27;}">
                <Coords points="741,2121 1552,2146 1558,2099 740,2087"/>
                <Baseline points="746,2113 786,2113 827,2113 868,2113 909,2113 949,2115 990,2116 1031,2116 1072,2117 1112,2119 1153,2119 1194,2122 1235,2122 1275,2122 1316,2122 1357,2124 1398,2125 1438,2125 1479,2125 1520,2125 1561,2125"/>
                <TextEquiv>
                    <Unicode>Wahlrecht ist. Anderseits ist es aber gerade in</Unicode>
                </TextEquiv>
            </TextLine>
            <TextLine id="tr_3_tl_29" custom="readingOrder {index:28;}">
                <Coords points="741,2175 1547,2186 1555,2146 740,2121"/>
                <Baseline points="746,2158 786,2158 827,2160 867,2161 908,2161 949,2161 989,2161 1030,2161 1070,2162 1111,2164 1152,2164 1192,2167 1233,2164 1273,2164 1314,2166 1355,2167 1395,2168 1436,2170 1476,2170 1517,2170 1558,2170"/>
                <TextEquiv>
                    <Unicode>Ungarn noch nicht dagewesen, daß eine Regierung</Unicode>
                </TextEquiv>
            </TextLine>
            <TextLine id="tr_3_tl_30" custom="readingOrder {index:29;}">
                <Coords points="741,2214 1558,2224 1528,2179 741,2175"/>
                <Baseline points="746,2203 786,2203 827,2203 868,2203 909,2203 949,2203 990,2204 1031,2206 1072,2207 1112,2209 1153,2209 1194,2209 1235,2209 1275,2211 1316,2212 1357,2212 1398,2212 1438,2213 1479,2213 1520,2213 1561,2214"/>
                <TextEquiv>
                    <Unicode>nicht Herr im Wahlkampfe geblieben wäre und die</Unicode>
                </TextEquiv>
            </TextLine>
            <TextLine id="tr_3_tl_31" custom="readingOrder {index:30;}">
                <Coords points="731,2259 1553,2271 1552,2228 1466,2220 731,2211"/>
                <Baseline points="737,2241 777,2244 818,2244 859,2244 900,2246 941,2247 982,2247 1023,2247 1064,2248 1105,2250 1146,2250 1186,2250 1227,2250 1268,2253 1309,2253 1350,2253 1391,2253 1432,2255 1473,2256 1514,2256 1555,2253"/>
                <TextEquiv>
                    <Unicode>Vorkommnisse der letzten Tage sind daher höchst</Unicode>
                </TextEquiv>
            </TextLine>
            <TextLine id="tr_3_tl_32" custom="readingOrder {index:31;}">
                <Coords points="731,2296 1550,2322 1556,2270 730,2258"/>
                <Baseline points="737,2283 778,2286 819,2286 860,2288 901,2289 942,2289 983,2289 1024,2289 1065,2290 1106,2292 1147,2292 1188,2295 1229,2295 1270,2295 1311,2295 1352,2295 1393,2295 1434,2297 1475,2298 1516,2299 1558,2298"/>
                <TextEquiv>
                    <Unicode>bedeutungsvoll. Wenn auch die erste Erregung</Unicode>
                </TextEquiv>
            </TextLine>
            <TextLine id="tr_3_tl_33" custom="readingOrder {index:32;}">
                <Coords points="731,2351 1552,2358 1551,2316 1499,2307 730,2302"/>
                <Baseline points="737,2328 777,2328 818,2328 859,2328 900,2330 941,2331 982,2331 1023,2331 1064,2332 1105,2335 1146,2337 1186,2337 1227,2337 1268,2337 1309,2337 1350,2339 1391,2340 1432,2340 1473,2341 1514,2342 1555,2340"/>
                <TextEquiv>
                    <Unicode>und die kühnen Erwartungen der Gegner einer</Unicode>
                </TextEquiv>
            </TextLine>
            <TextLine id="tr_3_tl_34" custom="readingOrder {index:33;}">
                <Coords points="734,2385 1556,2403 1555,2358 1516,2348 734,2350"/>
                <Baseline points="740,2376 780,2373 821,2373 862,2373 903,2375 944,2376 985,2376 1026,2376 1067,2377 1108,2379 1149,2379 1189,2382 1230,2379 1271,2379 1312,2381 1353,2382 1394,2382 1435,2384 1476,2384 1517,2383 1558,2388"/>
                <TextEquiv>
                    <Unicode>engen Verbindung österreichs mit Ungarn sich</Unicode>
                </TextEquiv>
            </TextLine>
            <TextLine id="tr_3_tl_35" custom="readingOrder {index:34;}">
                <Coords points="734,2429 1543,2445 1552,2406 733,2385"/>
                <Baseline points="740,2414 780,2417 821,2415 862,2416 903,2419 943,2420 984,2419 1025,2418 1066,2420 1106,2421 1147,2423 1188,2423 1229,2423 1269,2425 1310,2426 1351,2424 1392,2425 1432,2426 1473,2427 1514,2429 1555,2429"/>
                <TextEquiv>
                    <Unicode>bald beruhigen werden, so kann doch kein</Unicode>
                </TextEquiv>
            </TextLine>
            <TextLine id="tr_3_tl_36" custom="readingOrder {index:35;}">
                <Coords points="734,2486 866,2464 1034,2495 1085,2473 1550,2488 1549,2442 733,2428"/>
                <Baseline points="740,2465 780,2462 821,2462 861,2460 902,2461 943,2462 983,2462 1024,2463 1064,2465 1105,2465 1146,2465 1186,2468 1227,2468 1267,2468 1308,2468 1349,2468 1389,2470 1430,2472 1470,2473 1511,2471 1552,2471"/>
                <TextEquiv>
                    <Unicode>Freund der Großmachtstellung der Monarchie</Unicode>
                </TextEquiv>
            </TextLine>
            <TextLine id="tr_3_tl_37" custom="readingOrder {index:36;}">
                <Coords points="725,2515 1551,2530 1550,2488 1372,2475 1058,2474 1031,2497 769,2470 725,2495"/>
                <Baseline points="731,2504 772,2504 813,2504 854,2504 895,2506 936,2507 977,2507 1018,2508 1059,2509 1100,2508 1141,2510 1182,2510 1223,2513 1264,2513 1305,2513 1346,2513 1387,2513 1428,2515 1469,2516 1510,2516 1552,2513"/>
                <TextEquiv>
                    <Unicode>ohne Besorgnis in die Zukunft blicken. Das</Unicode>
                </TextEquiv>
            </TextLine>
            <TextLine id="tr_3_tl_38" custom="readingOrder {index:37;}">
                <Coords points="723,2565 1555,2572 1542,2528 722,2515"/>
                <Baseline points="728,2546 769,2546 811,2549 852,2549 894,2549 935,2551 977,2552 1018,2552 1060,2552 1101,2552 1143,2553 1184,2555 1226,2555 1267,2558 1309,2558 1350,2558 1392,2558 1433,2560 1475,2561 1516,2561 1558,2561"/>
                <TextEquiv>
                    <Unicode>Verlangen nach einer Trennung der beiden</Unicode>
                </TextEquiv>
            </TextLine>
            <TextLine id="tr_3_tl_39" custom="readingOrder {index:38;}">
                <Coords points="722,2595 1535,2618 1546,2568 721,2564"/>
                <Baseline points="728,2594 769,2591 810,2594 851,2594 892,2594 933,2594 974,2594 1015,2595 1056,2597 1097,2598 1138,2600 1179,2597 1220,2600 1261,2600 1302,2602 1343,2601 1384,2602 1425,2605 1466,2606 1507,2606 1549,2606"/>
                <TextEquiv>
                    <Unicode>Reichshälften wird jenseits der Leitha nun</Unicode>
                </TextEquiv>
            </TextLine>
            <TextLine id="tr_3_tl_40" custom="readingOrder {index:39;}">
                <Coords points="722,2656 1552,2657 1551,2619 1475,2605 721,2610"/>
                <Baseline points="728,2641 769,2638 810,2638 852,2638 893,2636 934,2637 976,2638 1017,2639 1058,2641 1100,2641 1141,2642 1182,2644 1224,2644 1265,2644 1306,2644 1348,2644 1389,2646 1430,2647 1472,2647 1513,2647 1555,2647"/>
                <TextEquiv>
                    <Unicode>sehr laut werden und wird wohl auch dies¬</Unicode>
                </TextEquiv>
            </TextLine>
            <TextLine id="tr_3_tl_41" custom="readingOrder {index:40;}">
                <Coords points="729,2703 1473,2709 1547,2703 1546,2658 728,2660"/>
                <Baseline points="734,2680 774,2677 815,2679 856,2680 897,2682 937,2683 978,2683 1019,2683 1060,2684 1100,2686 1141,2686 1182,2686 1223,2689 1263,2691 1304,2690 1345,2689 1386,2689 1426,2690 1467,2692 1508,2692 1549,2692"/>
                <TextEquiv>
                    <Unicode>seits vielfach ein Echo finden. Der Dualis¬</Unicode>
                </TextEquiv>
            </TextLine>
            <TextLine id="tr_3_tl_42" custom="readingOrder {index:41;}">
                <Coords points="729,2744 1508,2759 1540,2754 1539,2710 728,2704"/>
                <Baseline points="734,2728 774,2725 814,2725 855,2727 895,2728 936,2728 976,2728 1017,2728 1057,2728 1098,2728 1138,2728 1178,2731 1219,2731 1259,2731 1300,2731 1340,2731 1381,2732 1421,2735 1462,2737 1502,2737 1543,2737"/>
                <TextEquiv>
                    <Unicode>mus hat zweifellos durch die Niederlage</Unicode>
                </TextEquiv>
            </TextLine>
            <TextLine id="tr_3_tl_43" custom="readingOrder {index:42;}">
                <Coords points="725,2783 1546,2795 1526,2747 725,2741"/>
                <Baseline points="731,2767 771,2767 812,2767 853,2767 894,2769 934,2770 975,2771 1016,2773 1057,2773 1097,2773 1138,2773 1179,2773 1220,2776 1260,2776 1301,2776 1342,2776 1383,2778 1423,2779 1464,2780 1505,2782 1546,2782"/>
                <TextEquiv>
                    <Unicode>der liberalen Partei in Ungarn eine starke</Unicode>
                </TextEquiv>
            </TextLine>
            <TextLine id="tr_3_tl_44" custom="readingOrder {index:43;}">
                <Coords points="718,2833 1534,2845 1544,2795 717,2790"/>
                <Baseline points="722,2809 763,2812 804,2815 845,2815 886,2815 928,2816 969,2817 1010,2817 1051,2817 1092,2817 1134,2818 1175,2820 1216,2820 1257,2820 1298,2820 1340,2820 1381,2822 1422,2821 1463,2822 1504,2823 1546,2826"/>
                <TextEquiv>
                    <Unicode>Stütze verloren; dies wäre nun freilich nicht</Unicode>
                </TextEquiv>
            </TextLine>
            <TextLine id="tr_3_tl_45" custom="readingOrder {index:44;}">
                <Coords points="728,2888 1123,2863 1520,2883 1540,2844 727,2829"/>
                <Baseline points="734,2859 774,2856 814,2858 855,2859 895,2859 936,2859 976,2860 1017,2862 1057,2862 1098,2862 1138,2862 1178,2862 1219,2865 1259,2865 1300,2865 1340,2865 1381,2865 1421,2866 1462,2868 1502,2868 1543,2868"/>
                <TextEquiv>
                    <Unicode>zu bedauern, gelänge es, etwas Besseres, eine</Unicode>
                </TextEquiv>
            </TextLine>
            <TextLine id="tr_3_tl_46" custom="readingOrder {index:45;}">
                <Coords points="728,2913 1537,2922 1531,2879 728,2888"/>
                <Baseline points="734,2904 774,2901 814,2901 854,2901 895,2903 935,2904 975,2904 1016,2904 1056,2904 1096,2904 1137,2907 1177,2907 1217,2907 1257,2907 1298,2909 1338,2910 1378,2910 1419,2910 1459,2911 1499,2913 1540,2913"/>
                <TextEquiv>
                    <Unicode>auch den Interessen österreichs mehr entsprechende</Unicode>
                </TextEquiv>
            </TextLine>
            <TextLine id="tr_3_tl_47" custom="readingOrder {index:46;}">
                <Coords points="728,2958 1495,2975 1540,2965 1540,2931 727,2913"/>
                <Baseline points="734,2949 774,2946 814,2948 855,2949 895,2949 936,2949 976,2949 1017,2949 1057,2950 1098,2952 1138,2952 1178,2952 1219,2952 1259,2952 1300,2954 1340,2953 1381,2953 1421,2955 1462,2955 1502,2955 1543,2955"/>
                <TextEquiv>
                    <Unicode>die Machtstellung der Monarchie aber wie bisher</Unicode>
                </TextEquiv>
            </TextLine>
            <TextLine id="tr_3_tl_48" custom="readingOrder {index:47;}">
                <Coords points="726,3007 1441,3023 1540,3007 1539,2974 835,2954 725,2975"/>
                <Baseline points="731,2994 771,2994 812,2992 852,2991 893,2991 934,2991 974,2992 1015,2994 1055,2994 1096,2994 1137,2997 1177,2994 1218,2997 1258,2997 1299,2997 1340,2997 1380,2998 1421,3000 1461,3000 1502,3000 1543,3003"/>
                <TextEquiv>
                    <Unicode>gewährleistende Form an die Stelle der jetzigen</Unicode>
                </TextEquiv>
            </TextLine>
            <TextLine id="tr_3_tl_49" custom="readingOrder {index:48;}">
                <Coords points="726,3058 1544,3057 1532,3008 725,3006"/>
                <Baseline points="731,3035 771,3038 812,3036 853,3035 894,3037 934,3036 975,3035 1016,3036 1057,3037 1097,3036 1138,3038 1179,3041 1220,3041 1260,3041 1301,3041 1342,3041 1383,3043 1423,3044 1464,3044 1505,3044 1546,3044"/>
                <TextEquiv>
                    <Unicode>staatsrechtlichen Verbindung zu setzen. In dieser</Unicode>
                </TextEquiv>
            </TextLine>
            <TextLine id="tr_3_tl_50" custom="readingOrder {index:49;}">
                <Coords points="728,3100 1540,3102 1534,3054 728,3058"/>
                <Baseline points="734,3083 774,3080 814,3080 855,3080 895,3078 936,3079 976,3080 1017,3080 1057,3081 1098,3083 1138,3083 1178,3083 1219,3083 1259,3083 1300,3083 1340,3083 1381,3083 1421,3084 1462,3086 1502,3086 1543,3083"/>
                <TextEquiv>
                    <Unicode>Frage wird auch Kroatien ein gewichtiges Wort</Unicode>
                </TextEquiv>
            </TextLine>
            <TextLine id="tr_3_tl_51" custom="readingOrder {index:50;}">
                <Coords points="725,3128 1537,3147 1537,3097 725,3099"/>
                <Baseline points="731,3122 771,3125 811,3123 852,3122 892,3122 933,3122 973,3123 1014,3125 1054,3125 1095,3125 1135,3125 1175,3128 1216,3128 1256,3128 1297,3128 1337,3128 1378,3128 1418,3129 1459,3131 1499,3131 1540,3131"/>
                <TextEquiv>
                    <Unicode>mitzusprechen haben und es wird daher interessant</Unicode>
                </TextEquiv>
            </TextLine>
            <TextLine id="tr_3_tl_52" custom="readingOrder {index:51;}">
                <Coords points="734,3185 1538,3184 1538,3148 1454,3138 734,3134"/>
                <Baseline points="740,3164 780,3169 820,3168 860,3167 900,3167 940,3167 980,3168 1020,3169 1060,3167 1100,3170 1140,3170 1180,3170 1220,3170 1260,3170 1300,3172 1340,3172 1380,3171 1420,3173 1460,3173 1500,3173 1540,3173"/>
                <TextEquiv>
                    <Unicode>sein, zu verfolgen, welchen Eindruck die Nieder¬</Unicode>
                </TextEquiv>
            </TextLine>
            <TextLine id="tr_3_tl_53" custom="readingOrder {index:52;}">
                <Coords points="725,3221 1546,3225 1527,3182 725,3186"/>
                <Baseline points="731,3212 771,3212 812,3210 853,3211 894,3212 934,3212 975,3212 1016,3213 1057,3215 1097,3215 1138,3215 1179,3218 1220,3218 1260,3216 1301,3215 1342,3217 1383,3218 1423,3218 1464,3218 1505,3218 1546,3218"/>
                <TextEquiv>
                    <Unicode>lage der herrschenden Partei in Ungarn dort</Unicode>
                </TextEquiv>
            </TextLine>
            <TextLine id="tr_3_tl_54" custom="readingOrder {index:53;}">
                <Coords points="731,3269 1540,3274 1517,3226 731,3223"/>
                <Baseline points="737,3253 777,3253 817,3253 857,3253 898,3253 938,3253 978,3254 1019,3257 1059,3259 1099,3259 1140,3259 1180,3259 1220,3261 1260,3260 1301,3257 1341,3257 1381,3259 1422,3260 1462,3262 1502,3262 1543,3262"/>
                <TextEquiv>
                    <Unicode>hervorrufen wird. Freilich, für die nächste</Unicode>
                </TextEquiv>
            </TextLine>
            <TextLine id="tr_3_tl_55" custom="readingOrder {index:54;}">
                <Coords points="719,3314 1540,3314 1533,3272 719,3270"/>
                <Baseline points="725,3298 765,3298 806,3298 847,3298 888,3298 929,3298 970,3299 1011,3301 1052,3301 1093,3300 1134,3298 1174,3301 1215,3301 1256,3301 1297,3301 1338,3301 1379,3301 1420,3303 1461,3304 1502,3304 1543,3301"/>
                <TextEquiv>
                    <Unicode>Zeit werden andere Fragen in den Vorder¬</Unicode>
                </TextEquiv>
            </TextLine>
            <TextLine id="tr_3_tl_56" custom="readingOrder {index:55;}">
                <Coords points="725,3360 1531,3357 1524,3317 724,3318"/>
                <Baseline points="731,3349 771,3346 811,3344 851,3343 891,3345 931,3345 971,3343 1012,3343 1052,3343 1092,3343 1132,3349 1172,3346 1212,3346 1252,3346 1293,3346 1333,3347 1373,3349 1413,3349 1453,3349 1493,3349 1534,3352"/>
                <TextEquiv>
                    <Unicode>grund treten. Die alte Majorität ist zertrümmert</Unicode>
                </TextEquiv>
            </TextLine>
            <TextLine id="tr_3_tl_57" custom="readingOrder {index:56;}">
                <Coords points="731,3406 917,3386 1544,3412 1544,3371 1471,3356 731,3363"/>
                <Baseline points="737,3388 777,3388 817,3388 858,3388 898,3386 939,3387 979,3388 1020,3389 1060,3391 1101,3391 1141,3391 1181,3391 1222,3391 1262,3391 1303,3391 1343,3391 1384,3392 1424,3393 1465,3392 1505,3394 1546,3397"/>
                <TextEquiv>
                    <Unicode>eine neue aber noch nicht gebildet. Und das</Unicode>
                </TextEquiv>
            </TextLine>
            <TextLine id="tr_3_tl_58" custom="readingOrder {index:57;}">
                <Coords points="722,3447 1542,3453 1522,3401 722,3414"/>
                <Baseline points="728,3429 768,3432 809,3430 850,3431 891,3432 931,3432 972,3432 1013,3432 1054,3432 1094,3432 1135,3432 1176,3435 1217,3435 1257,3435 1298,3435 1339,3435 1380,3435 1420,3435 1461,3436 1502,3437 1543,3438"/>
                <TextEquiv>
                    <Unicode>wird nicht leicht sein. Ungarn geht jedenfalls</Unicode>
                </TextEquiv>
            </TextLine>
            <TextLine id="tr_3_tl_59" custom="readingOrder {index:58;}">
                <Coords points="731,3487 1542,3490 1514,3447 731,3452"/>
                <Baseline points="737,3477 777,3477 817,3477 857,3477 898,3477 938,3477 978,3477 1019,3477 1059,3477 1099,3477 1140,3480 1180,3480 1220,3480 1260,3480 1301,3480 1341,3480 1381,3480 1422,3481 1462,3483 1502,3483 1543,3480"/>
                <TextEquiv>
                    <Unicode>einer schweren Krise entgegen. Mehr denn je</Unicode>
                </TextEquiv>
            </TextLine>
            <TextLine id="tr_3_tl_60" custom="readingOrder {index:59;}">
                <Coords points="719,3548 1544,3546 1544,3502 1408,3486 833,3503 719,3481"/>
                <Baseline points="725,3525 766,3522 807,3522 848,3522 889,3524 930,3523 971,3522 1012,3522 1053,3522 1094,3523 1135,3525 1176,3525 1217,3525 1258,3525 1299,3525 1340,3525 1381,3525 1422,3525 1463,3526 1504,3527 1546,3525"/>
                <TextEquiv>
                    <Unicode>ist es daher notwendig, daß die Volksstämme</Unicode>
                </TextEquiv>
            </TextLine>
            <TextEquiv>
                <Unicode></Unicode>
            </TextEquiv>
        </TextRegion>
        <TextRegion orientation="0.0" id="tr_4" custom="readingOrder {index:3;}">
            <Coords points="1588,965 1588,3553 2426,3553 2426,965"/>
            <TextLine id="tr_4_tl_1" custom="readingOrder {index:0;}">
                <Coords points="1608,998 2423,1016 2409,964 2237,975 2041,940 1808,966 1607,938"/>
                <Baseline points="1614,985 1654,985 1695,987 1735,988 1776,988 1817,990 1857,991 1898,991 1938,991 1979,991 2020,991 2060,994 2101,991 2141,993 2182,994 2223,994 2263,994 2304,995 2344,997 2385,997 2426,1000"/>
                <TextEquiv>
                    <Unicode>Österreichs endlich Frieden schließen, damit die</Unicode>
                </TextEquiv>
            </TextLine>
            <TextLine id="tr_4_tl_2" custom="readingOrder {index:1;}">
                <Coords points="1608,1037 2424,1054 2423,1016 2365,1004 1607,998"/>
                <Baseline points="1614,1026 1654,1029 1695,1029 1735,1029 1776,1029 1817,1031 1857,1032 1898,1032 1938,1032 1979,1032 2020,1032 2060,1035 2101,1035 2141,1035 2182,1037 2223,1038 2263,1038 2304,1038 2344,1039 2385,1041 2426,1044"/>
                <TextEquiv>
                    <Unicode>diesseitige Reichshälfte geeinigt die Vorgänge</Unicode>
                </TextEquiv>
            </TextLine>
            <TextLine id="tr_4_tl_3" custom="readingOrder {index:2;}">
                <Coords points="1620,1089 2424,1101 2423,1056 2365,1047 2338,1068 1619,1041"/>
                <Baseline points="1626,1077 1666,1074 1706,1074 1746,1074 1786,1074 1826,1075 1866,1077 1906,1077 1946,1077 1986,1077 2026,1077 2066,1079 2106,1080 2146,1082 2186,1082 2226,1081 2266,1083 2306,1084 2346,1086 2386,1086 2426,1083"/>
                <TextEquiv>
                    <Unicode>jenseits der Leitha verfolgen und gerüstet allzu</Unicode>
                </TextEquiv>
            </TextLine>
            <TextLine id="tr_4_tl_4" custom="readingOrder {index:3;}">
                <Coords points="1608,1130 2343,1137 2342,1095 1608,1090"/>
                <Baseline points="1614,1116 1650,1116 1687,1118 1723,1119 1760,1119 1797,1119 1833,1119 1870,1121 1906,1122 1943,1123 1980,1125 2016,1125 2053,1123 2089,1124 2126,1124 2163,1123 2199,1125 2236,1125 2272,1127 2309,1128 2346,1128"/>
                <TextEquiv>
                    <Unicode>kühnen Forderungen entgegentreten könne.</Unicode>
                </TextEquiv>
            </TextLine>
            <TextLine id="tr_4_tl_5" custom="readingOrder {index:4;}">
                <Coords points="2283,1173 2296,1175 2307,1183 2327,1184 2340,1191 2348,1191 2351,1187 2359,1192 2375,1191 2373,1153 2356,1150 2345,1154 2326,1136 2294,1155 2288,1150 2282,1151"/>
                <Baseline points="2289,1170 2318,1172 2347,1173 2376,1173"/>
                <TextEquiv>
                    <Unicode>nk-</Unicode>
                </TextEquiv>
            </TextLine>
            <TextLine id="tr_4_tl_6" custom="readingOrder {index:5;}">
                <Coords points="1686,1252 2374,1282 2420,1271 2420,1237 2160,1231 2057,1202 1988,1228 1685,1221"/>
                <Baseline points="1692,1247 1728,1249 1765,1252 1801,1253 1838,1252 1874,1250 1911,1253 1947,1253 1984,1255 2020,1256 2057,1256 2094,1256 2130,1256 2167,1256 2203,1257 2240,1259 2276,1259 2313,1259 2349,1259 2386,1260 2423,1259"/>
                <TextEquiv>
                    <Unicode>Deutsches Volkstheater. Als literarisches</Unicode>
                </TextEquiv>
            </TextLine>
            <TextLine id="tr_4_tl_7" custom="readingOrder {index:6;}">
                <Coords points="1608,1302 2418,1313 2395,1269 1608,1258"/>
                <Baseline points="1614,1292 1654,1292 1694,1294 1734,1295 1775,1295 1815,1295 1855,1296 1896,1297 1936,1295 1976,1295 2017,1295 2057,1298 2097,1300 2137,1301 2178,1301 2218,1301 2258,1301 2299,1302 2339,1304 2379,1304 2420,1304"/>
                <TextEquiv>
                    <Unicode>Opfer für den Altar der heimischen Dichtkunst:</Unicode>
                </TextEquiv>
            </TextLine>
            <TextLine id="tr_4_tl_8" custom="readingOrder {index:7;}">
                <Coords points="1609,1347 2393,1371 2413,1314 1608,1303"/>
                <Baseline points="1614,1334 1654,1339 1694,1338 1734,1339 1774,1340 1814,1340 1854,1340 1895,1341 1935,1343 1975,1343 2015,1340 2055,1340 2095,1342 2135,1343 2176,1345 2216,1345 2256,1344 2296,1345 2336,1343 2376,1346 2417,1352"/>
                <TextEquiv>
                    <Unicode>Arthur Schnitzlers „Freiwild". Das dialekti¬</Unicode>
                </TextEquiv>
            </TextLine>
            <TextLine id="tr_4_tl_9" custom="readingOrder {index:8;}">
                <Coords points="1617,1395 2339,1412 2423,1401 2423,1370 1616,1348"/>
                <Baseline points="1623,1382 1663,1382 1703,1384 1743,1383 1783,1384 1823,1385 1863,1385 1904,1385 1944,1385 1984,1385 2024,1388 2064,1388 2104,1388 2144,1388 2185,1388 2225,1388 2265,1389 2305,1391 2345,1391 2385,1394 2426,1391"/>
                <TextEquiv>
                    <Unicode>sche Rechenexempel ist mit der gerühmten Fein¬</Unicode>
                </TextEquiv>
            </TextLine>
            <TextLine id="tr_4_tl_10" custom="readingOrder {index:9;}">
                <Coords points="1603,1435 2424,1458 2423,1412 2366,1403 1603,1397"/>
                <Baseline points="1609,1423 1649,1423 1690,1423 1731,1425 1772,1426 1813,1428 1854,1429 1894,1429 1935,1429 1976,1429 2017,1429 2058,1429 2099,1429 2140,1432 2180,1432 2221,1432 2262,1432 2303,1434 2344,1435 2385,1435 2426,1438"/>
                <TextEquiv>
                    <Unicode>heit, Ehrlichkeit und Energie unseres vornehmsten</Unicode>
                </TextEquiv>
            </TextLine>
            <TextLine id="tr_4_tl_11" custom="readingOrder {index:10;}">
                <Coords points="1608,1481 2418,1494 2417,1457 2340,1442 1608,1435"/>
                <Baseline points="1614,1468 1654,1468 1694,1470 1734,1471 1775,1471 1815,1472 1855,1474 1896,1474 1936,1474 1976,1474 2017,1474 2057,1474 2097,1476 2137,1475 2178,1476 2218,1477 2258,1477 2299,1478 2339,1480 2379,1480 2420,1483"/>
                <TextEquiv>
                    <Unicode>Wiener Dramatikers durchgeführt. Die Gleichung</Unicode>
                </TextEquiv>
            </TextLine>
            <TextLine id="tr_4_tl_12" custom="readingOrder {index:11;}">
                <Coords points="1608,1527 2414,1539 2388,1492 1608,1491"/>
                <Baseline points="1614,1510 1654,1513 1694,1513 1734,1515 1774,1516 1814,1516 1854,1516 1895,1517 1935,1519 1975,1516 2015,1519 2055,1519 2095,1519 2135,1519 2176,1519 2216,1520 2256,1522 2296,1522 2336,1522 2376,1525 2417,1522"/>
                <TextEquiv>
                    <Unicode>ward zum Kunststück; das Monotone zur Span¬</Unicode>
                </TextEquiv>
            </TextLine>
            <TextLine id="tr_4_tl_13" custom="readingOrder {index:12;}">
                <Coords points="1605,1570 2379,1582 2417,1573 2417,1542 1604,1530"/>
                <Baseline points="1611,1558 1651,1558 1691,1558 1732,1558 1772,1558 1813,1560 1853,1561 1894,1561 1934,1561 1975,1561 2015,1561 2055,1561 2096,1561 2136,1563 2177,1564 2217,1564 2258,1565 2298,1567 2339,1567 2379,1567 2420,1567"/>
                <TextEquiv>
                    <Unicode>nung; die Tendenz zur Sentenz; nur das Er¬</Unicode>
                </TextEquiv>
            </TextLine>
            <TextLine id="tr_4_tl_14" custom="readingOrder {index:13;}">
                <Coords points="1611,1611 2375,1633 2417,1624 2417,1589 1610,1570"/>
                <Baseline points="1617,1603 1657,1603 1697,1603 1737,1603 1777,1603 1817,1604 1857,1606 1898,1606 1938,1606 1978,1606 2018,1606 2058,1606 2098,1608 2138,1607 2179,1608 2219,1609 2259,1610 2299,1611 2339,1611 2379,1611 2420,1611"/>
                <TextEquiv>
                    <Unicode>klügelte wollte nicht Leben werden. Schnitzler</Unicode>
                </TextEquiv>
            </TextLine>
            <TextLine id="tr_4_tl_15" custom="readingOrder {index:14;}">
                <Coords points="1611,1664 2415,1662 2403,1619 2223,1645 2086,1613 1611,1611"/>
                <Baseline points="1617,1650 1657,1647 1697,1647 1737,1647 1777,1647 1817,1648 1857,1649 1897,1647 1937,1647 1977,1650 2017,1650 2057,1650 2097,1652 2137,1651 2177,1651 2217,1654 2257,1655 2297,1654 2337,1656 2377,1656 2417,1653"/>
                <TextEquiv>
                    <Unicode>schrieb ein einziges Theaterstück - „Das Frei¬</Unicode>
                </TextEquiv>
            </TextLine>
            <TextLine id="tr_4_tl_16" custom="readingOrder {index:15;}">
                <Coords points="1604,1708 2355,1718 2411,1707 2410,1664 1603,1670"/>
                <Baseline points="1609,1689 1649,1689 1689,1691 1729,1690 1770,1689 1810,1690 1850,1692 1890,1692 1931,1693 1971,1695 2011,1692 2051,1695 2092,1693 2132,1694 2172,1695 2212,1695 2253,1695 2293,1696 2333,1699 2373,1701 2414,1698"/>
                <TextEquiv>
                    <Unicode>wild. Wenn ich nicht irre, besitzt das Volks¬</Unicode>
                </TextEquiv>
            </TextLine>
            <TextLine id="tr_4_tl_17" custom="readingOrder {index:16;}">
                <Coords points="1611,1745 2324,1747 2416,1772 2415,1714 2390,1710 1611,1699"/>
                <Baseline points="1617,1734 1657,1737 1697,1737 1737,1735 1777,1736 1817,1737 1857,1737 1897,1737 1937,1737 1977,1737 2017,1737 2057,1737 2097,1737 2137,1739 2177,1740 2217,1741 2257,1743 2297,1743 2337,1743 2377,1743 2417,1743"/>
                <TextEquiv>
                    <Unicode>theater unter seinen zahlreichen Rückständen auch</Unicode>
                </TextEquiv>
            </TextLine>
            <TextLine id="tr_4_tl_18" custom="readingOrder {index:17;}">
                <Coords points="1604,1788 2414,1806 2413,1773 2350,1757 1603,1743"/>
                <Baseline points="1609,1779 1649,1782 1689,1782 1730,1782 1770,1782 1811,1782 1851,1782 1891,1782 1932,1782 1972,1782 2013,1782 2053,1779 2093,1781 2134,1782 2174,1782 2215,1784 2255,1786 2295,1788 2336,1788 2376,1789 2417,1791"/>
                <TextEquiv>
                    <Unicode>den „Grünen Kakadu", Schnitzlers kräftigstes,</Unicode>
                </TextEquiv>
            </TextLine>
            <TextLine id="tr_4_tl_19" custom="readingOrder {index:18;}">
                <Coords points="1603,1831 2414,1849 2414,1806 2368,1800 1603,1788"/>
                <Baseline points="1609,1823 1649,1823 1689,1823 1730,1823 1770,1823 1811,1825 1851,1826 1891,1825 1932,1823 1972,1823 2013,1823 2053,1823 2093,1825 2134,1826 2174,1828 2215,1827 2255,1827 2295,1828 2336,1827 2376,1832 2417,1829"/>
                <TextEquiv>
                    <Unicode>größtes Werk, in dem er über sich und seine</Unicode>
                </TextEquiv>
            </TextLine>
            <TextLine id="tr_4_tl_20" custom="readingOrder {index:19;}">
                <Coords points="1608,1885 2201,1869 2407,1891 2407,1847 2330,1840 1608,1837"/>
                <Baseline points="1614,1865 1653,1865 1693,1867 1733,1868 1773,1868 1812,1868 1852,1868 1892,1868 1932,1868 1971,1868 2011,1868 2051,1868 2091,1868 2130,1868 2170,1868 2210,1869 2250,1871 2289,1871 2329,1874 2369,1874 2409,1874"/>
                <TextEquiv>
                    <Unicode>Welt hinauswuchs. Wollte man ein bißchen</Unicode>
                </TextEquiv>
            </TextLine>
            <TextLine id="tr_4_tl_21" custom="readingOrder {index:20;}">
                <Coords points="1611,1931 2411,1931 2410,1898 2281,1880 1610,1885"/>
                <Baseline points="1617,1910 1656,1913 1696,1913 1736,1913 1776,1911 1816,1910 1856,1911 1895,1913 1935,1913 1975,1913 2015,1913 2055,1911 2095,1912 2135,1913 2174,1914 2214,1916 2254,1916 2294,1916 2334,1916 2374,1919 2414,1916"/>
                <TextEquiv>
                    <Unicode>protestieren — so zahm, wie wir das eben ver¬</Unicode>
                </TextEquiv>
            </TextLine>
            <TextLine id="tr_4_tl_22" custom="readingOrder {index:21;}">
                <Coords points="1603,1963 2413,1983 2412,1929 1603,1933"/>
                <Baseline points="1609,1955 1649,1955 1689,1955 1729,1955 1770,1955 1810,1956 1850,1958 1890,1957 1931,1956 1971,1958 2011,1955 2051,1958 2092,1958 2132,1960 2172,1961 2212,1961 2253,1960 2293,1959 2333,1962 2373,1964 2414,1961"/>
                <TextEquiv>
                    <Unicode>mögen — wäre eine Aufführung dieses Ge¬</Unicode>
                </TextEquiv>
            </TextLine>
            <TextLine id="tr_4_tl_23" custom="readingOrder {index:22;}">
                <Coords points="1605,2012 2111,2016 2111,1982 2063,1967 1967,1981 1605,1964"/>
                <Baseline points="1611,2000 1636,2000 1661,2000 1686,2000 1711,2000 1736,2000 1761,2000 1786,2000 1811,2000 1836,2000 1862,2000 1887,2000 1912,2000 1937,2000 1962,2000 1987,2000 2012,2000 2037,2000 2062,2000 2087,2002 2113,2006"/>
                <TextEquiv>
                    <Unicode>dichtes zweckmäßiger gewesen.</Unicode>
                </TextEquiv>
            </TextLine>
            <TextLine id="tr_4_tl_24" custom="readingOrder {index:23;}">
                <Coords points="1681,2054 2410,2061 2410,2032 2327,2006 2208,2033 1681,2006"/>
                <Baseline points="1686,2044 1722,2044 1758,2044 1794,2045 1831,2046 1867,2044 1903,2044 1940,2044 1976,2044 2012,2044 2049,2044 2085,2047 2121,2047 2157,2047 2194,2047 2230,2047 2266,2047 2303,2049 2339,2050 2375,2050 2412,2050"/>
                <TextEquiv>
                    <Unicode>Die Qualitäten des älteren und alt ge¬</Unicode>
                </TextEquiv>
            </TextLine>
            <TextLine id="tr_4_tl_25" custom="readingOrder {index:24;}">
                <Coords points="1598,2089 2411,2115 2395,2061 1598,2069"/>
                <Baseline points="1603,2086 1643,2086 1683,2086 1724,2088 1764,2089 1805,2091 1845,2091 1886,2088 1926,2086 1967,2086 2007,2083 2047,2083 2088,2088 2128,2091 2169,2090 2209,2091 2250,2092 2290,2093 2331,2095 2371,2096 2412,2101"/>
                <TextEquiv>
                    <Unicode>wordenen „Freiwilds" spürt man schon noch,</Unicode>
                </TextEquiv>
            </TextLine>
            <TextLine id="tr_4_tl_26" custom="readingOrder {index:25;}">
                <Coords points="1605,2141 2417,2152 2404,2115 2283,2103 1989,2089 1700,2117 1605,2095"/>
                <Baseline points="1611,2131 1651,2131 1691,2131 1732,2131 1772,2131 1813,2132 1853,2133 1894,2131 1934,2131 1975,2131 2015,2131 2055,2134 2096,2134 2136,2134 2177,2132 2217,2133 2258,2135 2298,2137 2339,2138 2379,2140 2420,2143"/>
                <TextEquiv>
                    <Unicode>aber wie weit hat sich Schnitzler seither von</Unicode>
                </TextEquiv>
            </TextLine>
            <TextLine id="tr_4_tl_27" custom="readingOrder {index:26;}">
                <Coords points="1601,2190 2338,2180 2407,2203 2391,2148 2193,2140 2143,2171 2080,2144 1601,2141"/>
                <Baseline points="1606,2176 1646,2176 1686,2176 1726,2176 1766,2176 1806,2176 1846,2176 1887,2176 1927,2176 1967,2176 2007,2176 2047,2173 2087,2178 2127,2179 2168,2179 2208,2179 2248,2178 2288,2177 2328,2180 2368,2185 2409,2182"/>
                <TextEquiv>
                    <Unicode>ihm entfernt? Der Dichter der „Liebelei" und</Unicode>
                </TextEquiv>
            </TextLine>
            <TextLine id="tr_4_tl_28" custom="readingOrder {index:27;}">
                <Coords points="1601,2229 2411,2249 2410,2204 2331,2192 1601,2190"/>
                <Baseline points="1606,2214 1646,2217 1686,2217 1726,2219 1767,2218 1807,2217 1847,2217 1888,2218 1928,2220 1968,2220 2009,2220 2049,2217 2089,2219 2129,2220 2170,2222 2210,2223 2250,2223 2291,2223 2331,2224 2371,2226 2412,2229"/>
                <TextEquiv>
                    <Unicode>des „Anatol“ ist ein Meister der dunkeln, leisen,</Unicode>
                </TextEquiv>
            </TextLine>
            <TextLine id="tr_4_tl_29" custom="readingOrder {index:28;}">
                <Coords points="1608,2279 2413,2291 2412,2248 2362,2239 1608,2228"/>
                <Baseline points="1614,2262 1654,2262 1694,2262 1734,2262 1774,2262 1814,2261 1854,2260 1894,2262 1934,2262 1974,2265 2014,2262 2054,2262 2094,2264 2134,2265 2174,2266 2214,2268 2254,2268 2294,2269 2334,2271 2374,2271 2414,2274"/>
                <TextEquiv>
                    <Unicode>sanften Halbtone. Das Reich seiner Freuden</Unicode>
                </TextEquiv>
            </TextLine>
            <TextLine id="tr_4_tl_30" custom="readingOrder {index:29;}">
                <Coords points="1605,2320 2411,2325 2411,2289 1604,2275"/>
                <Baseline points="1611,2304 1651,2304 1691,2304 1731,2304 1771,2304 1811,2305 1851,2306 1892,2305 1932,2307 1972,2304 2012,2304 2052,2304 2092,2306 2132,2309 2173,2308 2213,2308 2253,2310 2293,2311 2333,2313 2373,2313 2414,2316"/>
                <TextEquiv>
                    <Unicode>und noch mehr das seiner Leiden liegt in der</Unicode>
                </TextEquiv>
            </TextLine>
            <TextLine id="tr_4_tl_31" custom="readingOrder {index:30;}">
                <Coords points="1599,2359 2386,2375 2407,2322 1598,2325"/>
                <Baseline points="1603,2343 1643,2346 1683,2348 1723,2347 1764,2346 1804,2348 1844,2348 1885,2346 1925,2347 1965,2349 2006,2349 2046,2349 2086,2349 2126,2351 2167,2352 2207,2352 2247,2353 2288,2355 2328,2355 2368,2355 2409,2355"/>
                <TextEquiv>
                    <Unicode>Seele, er dürfte nicht zur Wiener Schule ge¬</Unicode>
                </TextEquiv>
            </TextLine>
            <TextLine id="tr_4_tl_32" custom="readingOrder {index:31;}">
                <Coords points="1605,2398 2400,2424 2410,2373 1604,2356"/>
                <Baseline points="1611,2391 1651,2391 1691,2391 1731,2391 1771,2393 1811,2394 1851,2394 1891,2393 1931,2391 1971,2391 2011,2394 2051,2394 2091,2394 2131,2396 2171,2397 2211,2397 2251,2398 2291,2399 2331,2397 2371,2400 2412,2400"/>
                <TextEquiv>
                    <Unicode>hören, wenn Kraft= und Kampfprobleme seine</Unicode>
                </TextEquiv>
            </TextLine>
            <TextLine id="tr_4_tl_33" custom="readingOrder {index:32;}">
                <Coords points="1603,2442 2412,2459 2412,2422 2310,2406 1603,2408"/>
                <Baseline points="1609,2429 1649,2432 1689,2432 1729,2434 1770,2435 1810,2435 1850,2435 1890,2435 1931,2435 1971,2435 2011,2438 2051,2435 2092,2437 2132,2438 2172,2438 2212,2439 2253,2440 2293,2440 2333,2444 2373,2444 2414,2441"/>
                <TextEquiv>
                    <Unicode>Sache wären. So kommt es denn, daß diesem</Unicode>
                </TextEquiv>
            </TextLine>
            <TextLine id="tr_4_tl_34" custom="readingOrder {index:33;}">
                <Coords points="1598,2498 2366,2502 2412,2496 2412,2467 1597,2450"/>
                <Baseline points="1603,2474 1643,2477 1684,2477 1724,2479 1765,2480 1805,2480 1846,2480 1886,2479 1927,2478 1967,2480 2008,2480 2049,2480 2089,2480 2130,2482 2170,2483 2211,2485 2251,2486 2292,2486 2332,2486 2373,2487 2414,2489"/>
                <TextEquiv>
                    <Unicode>Duellstücke der Glaube fehlt; der Einsatz einer</Unicode>
                </TextEquiv>
            </TextLine>
            <TextLine id="tr_4_tl_35" custom="readingOrder {index:34;}">
                <Coords points="1602,2542 2411,2544 2410,2507 2358,2497 1601,2498"/>
                <Baseline points="1606,2522 1646,2522 1686,2524 1726,2523 1767,2524 1807,2525 1847,2524 1888,2523 1928,2525 1968,2525 2009,2525 2049,2525 2089,2525 2129,2525 2170,2525 2210,2526 2250,2528 2291,2529 2331,2531 2371,2531 2412,2534"/>
                <TextEquiv>
                    <Unicode>unanfechtbaren Anschauung. Aus dem Dichter</Unicode>
                </TextEquiv>
            </TextLine>
            <TextLine id="tr_4_tl_36" custom="readingOrder {index:35;}">
                <Coords points="1601,2577 2410,2590 2401,2541 1601,2541"/>
                <Baseline points="1606,2567 1646,2567 1686,2567 1726,2567 1767,2567 1807,2567 1847,2568 1888,2570 1928,2570 1968,2570 2009,2570 2049,2567 2089,2569 2129,2568 2170,2569 2210,2570 2250,2571 2291,2573 2331,2574 2371,2576 2412,2576"/>
                <TextEquiv>
                    <Unicode>wird ein Experimentator und Schnellrechner.</Unicode>
                </TextEquiv>
            </TextLine>
            <TextLine id="tr_4_tl_37" custom="readingOrder {index:36;}">
                <Coords points="1598,2621 2410,2635 2410,2592 1597,2575"/>
                <Baseline points="1603,2609 1643,2609 1683,2609 1724,2609 1764,2611 1805,2612 1845,2612 1886,2612 1926,2612 1967,2612 2007,2614 2047,2612 2088,2614 2128,2613 2169,2613 2209,2614 2250,2614 2290,2615 2331,2618 2371,2620 2412,2620"/>
                <TextEquiv>
                    <Unicode>Aber: deswegen ist uns ein Schnitzler immer</Unicode>
                </TextEquiv>
            </TextLine>
            <TextLine id="tr_4_tl_38" custom="readingOrder {index:37;}">
                <Coords points="1591,2671 2411,2671 2400,2630 1591,2630"/>
                <Baseline points="1597,2653 1637,2653 1678,2653 1719,2655 1760,2656 1801,2656 1842,2656 1882,2656 1923,2656 1964,2656 2005,2656 2046,2656 2087,2656 2128,2653 2168,2655 2209,2658 2250,2659 2291,2661 2332,2662 2373,2662 2414,2662"/>
                <TextEquiv>
                    <Unicode>noch teurer als das ganze übliche Repertoire, und</Unicode>
                </TextEquiv>
            </TextLine>
            <TextLine id="tr_4_tl_39" custom="readingOrder {index:38;}">
                <Coords points="1594,2707 2411,2717 2411,2683 2310,2666 1594,2677"/>
                <Baseline points="1600,2695 1640,2698 1681,2698 1722,2698 1762,2700 1803,2701 1844,2701 1884,2701 1925,2701 1966,2701 2007,2701 2047,2701 2088,2701 2129,2701 2169,2701 2210,2701 2251,2703 2291,2703 2332,2703 2373,2706 2414,2704"/>
                <TextEquiv>
                    <Unicode>es tut doch gut, einmal in Wien einen Wiener</Unicode>
                </TextEquiv>
            </TextLine>
            <TextLine id="tr_4_tl_40" custom="readingOrder {index:39;}">
                <Coords points="1594,2749 2411,2768 2396,2715 1594,2707"/>
                <Baseline points="1600,2740 1640,2740 1681,2740 1721,2740 1762,2742 1803,2743 1843,2744 1884,2745 1924,2744 1965,2746 2006,2746 2046,2746 2087,2746 2127,2746 2168,2746 2209,2748 2249,2749 2290,2749 2330,2750 2371,2752 2412,2749"/>
                <TextEquiv>
                    <Unicode>Dichter — einen von jenen, die man prinzipiell</Unicode>
                </TextEquiv>
            </TextLine>
            <TextLine id="tr_4_tl_41" custom="readingOrder {index:40;}">
                <Coords points="1601,2791 2410,2804 2410,2768 2330,2756 1601,2756"/>
                <Baseline points="1606,2788 1646,2788 1686,2788 1726,2788 1767,2788 1807,2788 1847,2788 1888,2789 1928,2791 1968,2791 2009,2788 2049,2788 2089,2790 2129,2791 2170,2791 2210,2792 2250,2794 2291,2794 2331,2795 2371,2797 2412,2794"/>
                <TextEquiv>
                    <Unicode>ignoriert — gespielt zu sehen; gut gespielt zu</Unicode>
                </TextEquiv>
            </TextLine>
            <TextLine id="tr_4_tl_42" custom="readingOrder {index:41;}">
                <Coords points="1603,2846 2407,2848 2407,2815 2309,2800 1603,2793"/>
                <Baseline points="1609,2829 1649,2829 1689,2831 1729,2830 1769,2831 1809,2832 1849,2832 1889,2832 1929,2832 1969,2832 2009,2832 2049,2832 2089,2832 2129,2832 2169,2834 2209,2835 2249,2835 2289,2835 2329,2835 2369,2838 2409,2838"/>
                <TextEquiv>
                    <Unicode>sehen! Herrn Kutschera fiel es zu, die schwie¬</Unicode>
                </TextEquiv>
            </TextLine>
            <TextLine id="tr_4_tl_43" custom="readingOrder {index:42;}">
                <Coords points="1599,2884 2230,2880 2367,2906 2397,2895 2396,2854 1598,2845"/>
                <Baseline points="1603,2871 1642,2874 1682,2874 1722,2874 1762,2874 1802,2875 1842,2876 1881,2875 1921,2877 1961,2874 2001,2877 2041,2875 2081,2876 2121,2877 2160,2877 2200,2878 2240,2880 2280,2880 2320,2880 2360,2883 2400,2883"/>
                <TextEquiv>
                    <Unicode>rige Rolle des Paul durch sein Wesen begreiflich</Unicode>
                </TextEquiv>
            </TextLine>
            <TextLine id="tr_4_tl_44" custom="readingOrder {index:43;}">
                <Coords points="1591,2929 2411,2930 2411,2901 2266,2888 1591,2891"/>
                <Baseline points="1597,2919 1637,2916 1678,2918 1719,2919 1760,2919 1800,2919 1841,2919 1882,2919 1923,2919 1963,2919 2004,2919 2045,2919 2086,2919 2126,2919 2167,2919 2208,2921 2249,2924 2289,2925 2330,2925 2371,2925 2412,2925"/>
                <TextEquiv>
                    <Unicode>zu machen. Typisch waren die Herren Kramer</Unicode>
                </TextEquiv>
            </TextLine>
            <TextLine id="tr_4_tl_45" custom="readingOrder {index:44;}">
                <Coords points="1591,2975 2408,2988 2407,2948 2370,2933 1591,2929"/>
                <Baseline points="1597,2961 1637,2961 1678,2961 1718,2961 1759,2961 1800,2961 1840,2962 1881,2964 1921,2964 1962,2964 2003,2964 2043,2964 2084,2964 2124,2964 2165,2964 2206,2966 2246,2967 2287,2968 2327,2970 2368,2970 2409,2967"/>
                <TextEquiv>
                    <Unicode>und Höfer. Aufgefallen ist wieder Fräulein</Unicode>
                </TextEquiv>
            </TextLine>
            <TextLine id="tr_4_tl_46" custom="readingOrder {index:45;}">
                <Coords points="1598,3018 2407,3027 2382,2979 1598,2977"/>
                <Baseline points="1603,3003 1643,3006 1683,3006 1723,3006 1764,3006 1804,3006 1844,3006 1885,3006 1925,3007 1965,3009 2006,3009 2046,3009 2086,3009 2126,3009 2167,3009 2207,3009 2247,3009 2288,3010 2328,3012 2368,3012 2409,3015"/>
                <TextEquiv>
                    <Unicode>Erl, die mit hoher schauspielerischer Energie</Unicode>
                </TextEquiv>
            </TextLine>
            <TextLine id="tr_4_tl_47" custom="readingOrder {index:46;}">
                <Coords points="1591,3061 2405,3078 2404,3033 2322,3020 1591,3018"/>
                <Baseline points="1597,3047 1637,3050 1677,3050 1718,3050 1758,3048 1799,3049 1839,3050 1880,3050 1920,3050 1961,3050 2001,3050 2041,3050 2082,3050 2122,3052 2163,3051 2203,3052 2244,3054 2284,3056 2325,3056 2365,3056 2406,3056"/>
                <TextEquiv>
                    <Unicode>intime und bewegende Eindrücke erzwingt; in</Unicode>
                </TextEquiv>
            </TextLine>
            <TextLine id="tr_4_tl_48" custom="readingOrder {index:47;}">
                <Coords points="1591,3111 2407,3119 2407,3076 2358,3065 1591,3061"/>
                <Baseline points="1597,3092 1637,3092 1678,3092 1718,3092 1759,3094 1800,3095 1840,3095 1881,3095 1921,3095 1962,3095 2003,3098 2043,3095 2084,3095 2124,3097 2165,3098 2206,3098 2246,3098 2287,3099 2327,3101 2368,3101 2409,3104"/>
                <TextEquiv>
                    <Unicode>ihr ist eine Natur, die das Theater vergessen</Unicode>
                </TextEquiv>
            </TextLine>
            <TextLine id="tr_4_tl_49" custom="readingOrder {index:48;}">
                <Coords points="1585,3147 1646,3145 1703,3158 1720,3146 1748,3161 1784,3146 1806,3160 1834,3153 1833,3130 1782,3104 1764,3113 1731,3106 1697,3114 1672,3097 1652,3109 1638,3102 1619,3113 1585,3112"/>
                <Baseline points="1591,3137 1618,3137 1645,3137 1672,3137 1699,3137 1726,3137 1753,3137 1780,3138 1807,3140 1835,3140"/>
                <TextEquiv>
                    <Unicode>machen kann.</Unicode>
                </TextEquiv>
            </TextLine>
            <TextLine id="tr_4_tl_50" custom="readingOrder {index:49;}">
                <Coords points="2256,3158 2267,3158 2272,3153 2295,3157 2314,3151 2337,3163 2365,3165 2363,3126 2329,3131 2288,3113 2274,3118 2267,3113 2255,3114"/>
                <Baseline points="2262,3143 2288,3145 2314,3146 2340,3146 2367,3146"/>
                <TextEquiv>
                    <Unicode>-12-</Unicode>
                </TextEquiv>
            </TextLine>
            <TextLine id="tr_4_tl_51" custom="readingOrder {index:50;}">
                <Coords points="1668,3236 2407,3243 2406,3195 2359,3189 2299,3209 1667,3186"/>
                <Baseline points="1674,3223 1710,3223 1747,3223 1784,3224 1821,3226 1857,3226 1894,3226 1931,3226 1968,3226 2004,3226 2041,3226 2078,3226 2115,3229 2151,3227 2188,3226 2225,3227 2262,3229 2298,3232 2335,3232 2372,3234 2409,3235"/>
                <TextEquiv>
                    <Unicode>Raimundtheater. Rudolf Havel ist</Unicode>
                </TextEquiv>
            </TextLine>
            <TextLine id="tr_4_tl_52" custom="readingOrder {index:51;}">
                <Coords points="1594,3283 2401,3283 2400,3248 2351,3236 1593,3241"/>
                <Baseline points="1600,3268 1640,3265 1680,3267 1720,3268 1760,3268 1800,3268 1840,3269 1881,3270 1921,3269 1961,3271 2001,3271 2041,3271 2081,3271 2121,3271 2162,3271 2202,3272 2242,3274 2282,3274 2322,3274 2362,3274 2403,3277"/>
                <TextEquiv>
                    <Unicode>mit einer neuen dramatischen Arbeit vor die</Unicode>
                </TextEquiv>
            </TextLine>
            <TextLine id="tr_4_tl_53" custom="readingOrder {index:52;}">
                <Coords points="1591,3325 2401,3340 2385,3286 1591,3281"/>
                <Baseline points="1597,3310 1637,3310 1677,3312 1717,3313 1758,3313 1798,3313 1838,3313 1879,3313 1919,3314 1959,3316 2000,3316 2040,3316 2080,3316 2120,3314 2161,3315 2201,3316 2241,3317 2282,3319 2322,3320 2362,3322 2403,3325"/>
                <TextEquiv>
                    <Unicode>öffentlichkeit getreten. Es ist, Gott sei Dank,</Unicode>
                </TextEquiv>
            </TextLine>
            <TextLine id="tr_4_tl_54" custom="readingOrder {index:53;}">
                <Coords points="1586,3367 2401,3385 2400,3340 2352,3326 2152,3349 1585,3322"/>
                <Baseline points="1591,3352 1631,3355 1672,3355 1712,3357 1753,3358 1794,3356 1834,3355 1875,3355 1915,3356 1956,3358 1997,3358 2037,3361 2078,3358 2118,3358 2159,3360 2200,3361 2240,3361 2281,3362 2321,3364 2362,3365 2403,3367"/>
                <TextEquiv>
                    <Unicode>kein literarisches Werk, sondern ein Volksstück,</Unicode>
                </TextEquiv>
            </TextLine>
            <TextLine id="tr_4_tl_55" custom="readingOrder {index:54;}">
                <Coords points="1598,3411 2386,3426 2397,3388 1597,3366"/>
                <Baseline points="1603,3397 1642,3397 1682,3399 1722,3402 1762,3401 1802,3400 1842,3401 1881,3403 1921,3403 1961,3403 2001,3403 2041,3401 2081,3402 2121,3403 2160,3404 2200,3406 2240,3406 2280,3406 2320,3409 2360,3409 2400,3406"/>
                <TextEquiv>
                    <Unicode>so völlig frei von allem, was nach Drucker¬</Unicode>
                </TextEquiv>
            </TextLine>
            <TextLine id="tr_4_tl_56" custom="readingOrder {index:55;}">
                <Coords points="1602,3454 2404,3462 2403,3422 2315,3413 2255,3435 1944,3408 1902,3435 1860,3409 1601,3411"/>
                <Baseline points="1606,3441 1646,3438 1686,3438 1726,3440 1766,3439 1806,3439 1846,3442 1886,3444 1926,3444 1966,3444 2006,3444 2046,3444 2086,3444 2126,3444 2166,3444 2206,3444 2246,3444 2286,3445 2326,3447 2366,3447 2406,3444"/>
                <TextEquiv>
                    <Unicode>schwärze riecht, „Die sogenannten Natur¬</Unicode>
                </TextEquiv>
            </TextLine>
            <TextLine id="tr_4_tl_57" custom="readingOrder {index:56;}">
                <Coords points="1585,3481 2405,3504 2380,3457 1585,3454"/>
                <Baseline points="1591,3480 1631,3483 1672,3483 1713,3485 1754,3486 1794,3486 1835,3486 1876,3486 1917,3486 1957,3486 1998,3486 2039,3486 2080,3489 2120,3489 2161,3487 2202,3486 2243,3488 2283,3490 2324,3492 2365,3492 2406,3492"/>
                <TextEquiv>
                    <Unicode>dichter", sagt Goethe in seinen Sprüchen in</Unicode>
                </TextEquiv>
            </TextLine>
            <TextLine id="tr_4_tl_58" custom="readingOrder {index:57;}">
                <Coords points="1582,3545 1889,3571 2091,3538 2402,3570 2402,3515 2367,3500 1582,3502"/>
                <Baseline points="1588,3534 1628,3531 1669,3533 1710,3536 1751,3535 1791,3532 1832,3531 1873,3531 1914,3531 1954,3532 1995,3534 2036,3534 2077,3534 2117,3534 2158,3534 2199,3534 2240,3536 2280,3537 2321,3537 2362,3538 2403,3543"/>
                <TextEquiv>
                    <Unicode>Prosa, „sind frisch und neu aufgeforderte,</Unicode>
                </TextEquiv>
            </TextLine>
            <TextEquiv>
                <Unicode></Unicode>
            </TextEquiv>
        </TextRegion>
    </Page>
</PcGts>
