3436 4448
176 205 686 302 8. Freiwil
872 214 1281 305 box 14/3
450 611 1706 705 vielen langsamen Tempi aufrichtigen Beifall, der sich nach dem weichen
1741 633 2971 718 und angewöhnte Denkungsart hinausgehen, noch besser geschildert, als
447 692 1703 743 Liebesduett noch steigerte. Der Schluß des Aktes bringt noch einige
1737 699 2974 752 der kluge, nachdenkliche Paul, welcher in seiner Verachtung der con¬
450 733 1706 784 energische Accente, die nach den langen lyrischen Ergüssen sehr wohl¬
1737 743 2965 796 ventionellen Sitte sehr kühl, ja sogar etwas abstrakt erscheint. Aber
453 771 1693 818 thuend wirken. Der dritte Aufzug hat eine effektvolle Einleitung
1734 781 2974 834 diese Figur ist durchaus nicht unwahrscheinlich, sie hätte nur etwas
453 815 1697 866 erwärmt später durch die schon erwähnte Scene Ancassin's und sein
1744 818 2971 875 lebenswärmer gezeichnet werden müssen. Der Kampf zwischen den Ver¬
450 844 1697 897 Schluß sieigert sich zu schöner Wirkung in dem großen Duett zwischen
1744 859 2974 906 tretern zweier diametral entgegengesetzten Auschauungen rief, wie schon
453 881 1700 938 Nicolette und Gräfin Beaucaire. Den vierten Akt konnte nur ein
1744 900 2974 947 gesagt, ein lebhaftes Für und Wider im Publikum hervor, und mit
444 925 1693 979 Künstler von bedeutender Begabung komponirt haben. Gleich die Ein¬
1737 941 2971 985 äußerster Spannung verfolgte man den Fortgang der interessanten
441 960 1700 1017 leitung, prächtig im Kolorit, eigenartig in der Erfindung verdient hier
1734 979 2971 1029 Handlung. Aber es wäre sehr ungerecht, wollte man dieses Interesse
447 1007 1687 1054 erwähnt zu werden. Und nun geht es mit prächtiger Steigerung bi¬
1737 1013 2971 1067 lediglich auf das Conto des actuellen Stoffes schieben. Die Haupt¬
444 1045 1693 1098 zum Schluß. Ist Nieolettes Scene in diesem Akt von packender Wirkung
1734 1054 2968 1105 ursache des großen Erfolges, der sich in lebhaften Hervorrufen der
450 1083 1697 1133 so zeigt jene Ancassins Enna's lyrisches Talent von der schönsten
1741 1095 2968 1152 Darsteller documentirte, liegt doch in der meisterhaft dra¬
444 1124 1693 1168 Seite. Da ist namentlich die Stelle „Sternelein es künden: bald dar
1728 1139 2971 1180 matischen und bühnenwirksamen Charakteristik der Figuren und
447 1155 1693 1212 die Stunde schlagen" zu erwähnen, wo Enna eine Melodie schuf, die
1734 1171 2971 1218 der vorzüglichen Zeichnung des Milieus. Die Exposition im ersten Akte
444 1196 1693 1250 direkt aus dem Herzen quillt und in ihrer Schlichtheit einen unsagbar
1741 1212 2968 1262 gehört zu den besten, die wir in letzter Zeit gesehen haben. Alle Details
444 1243 1690 1287 rührenden Ton anschlägt. Wärme und überzeugende Wahrheit des
1734 1256 2974 1303 waren so meisterhaft angebracht, daß sie sich zu einem stimmungsvollen
447 1281 1693 1328 Gefühls üben noch einmal ihre volle Wirkung bei der Bitte Ancassins
1734 1294 2974 1335 Ganzen vereinigten. Die einzelnen Personen, welche nur so nebenher
450 1322 1697 1372 „O hör mein Flehen, höre Engel mein, o laß mich sterben, laß zu Gott
1728 1335 2968 1379 auftreten, strotzen von Lebensfülle und Naturwahrheit, so namentlich
444 1363 1697 1413 mich ein.“ Das Finale befestigt den außerordentlich günstigen Eindruck
1734 1366 2974 1420 einzelne der Schauspieler und Schauspielerinnen, der Schauspieldirektor,
444 1394 1693 1451 des letzten Aktes durch ein Ensemble von mächtigem Aufgebot aller
1741 1407 2971 1454 selbst der kleine Piccolo des Cafés. Dabei ist die Handlung straff zu¬
447 1432 1690 1479 Kräfte. Von der musikalischen, wie von der scenischen Vorbereitung des
1744 1442 2974 1495 sammengehalten und geht mit gemessenen und sicheren Schritten auf das
453 1476 1693 1527 Werkes läßt sich, dank den Herren Kapellmeister R. Krzizanowski und
1734 1482 2968 1530 Eudziel los. Das sind gewiß Vorzüge eines modernen Stückes, die um
450 1511 1693 1561 Oberregisseur F. Bittong, nur Günstiges berichten. Die Leistungen der
1744 1520 2974 1574 so höher zu schätzen sind, da den meisten unserer modernen Dramatiker
441 1558 1690 1612 Solisten waren durchweg lobenswerth. Nach dem zweiten und den
1731 1564 2965 1615 das feste dramatische Rückgrat fehlt. In Schnitzler hat die deutsche
453 1589 1697 1640 folgenden Aufzügen wurde der Komponist mit den Dar¬
1737 1602 2978 1652 Bühne einen Dramatiker gewonnen, der nicht nur über eine
447 1627 1105 1684 stellern vielfach hervorgerufen.
1741 1640 2974 1687 sichere „Mache“ verfügt, sondern auch in einem gesunden Rea¬
1728 1678 2527 1737 lismus seine Wurzeln geschlagen hat.
2040 1722 2650 1800 „Hamburger Correspondent
1807 1769 2971 1848 Das dreiaktige Schauspiel „Freiwild", das gestern Abend in
777 1734 1391 1901 Freiwild.
1731 1841 2971 1888 unserem Thalia=Theater gegeben wurde, hat bei seiner Erstaufführung
1731 1870 2965 1923 in Berlin Beifall gefunden. Nach jedem Akte klatschte das Publikum auch
516 1882 1618 1973 Schauspiel in drei Akten von Arthur Schnitzler.
1725 1914 2968 1973 hier lebhaften Beifall und am Schlusse hätte es nichts lieber gesehen, als
1731 1955 2971 2005 daß der Verfasser selbst vor den Rampen erschienen wäre. Alles in
1728 1992 2971 2046 Allem: Das Stück ist nicht uninteressant. Wenn es einen größeren Er¬
548 1992 1586 2093 Aufführung im Thalia-Theater zu Hamburg.
1737 2030 2971 2080 folg davontrug, so liegt das daran, daß sein Inhalt, daß das Thema,
1731 2071 2971 2121 welches es behandelt, für den Augenblick ein actuelles Interesse besitzt.
1728 2112 2965 2175 Es behandelt die Duellfrage. (Folgt Inhalt.) Es ist scheinbar nichts
516 2106 1684 2210 Auch in Hamburg hat das interessante Stück einen sensationellen
1728 2147 2968 2197 Neues, was uns hier geboten wird. Die Zahl der Stücke, in denen
434 2153 746 2241 Erfolg errungen.
1728 2188 2968 2241 das Duell eine Rolle spielt, ist Legion. Und wo es sich um das Duell
1731 2228 2962 2276 handelt, da handelt es sich immer auch um den Begriff der Ehre. Aber
771 2222 1366 2301 Hamburger Fremdenblatt“:
1731 2263 2965 2317 man steht hier doch vor einem neuen Problem. Die Frage, ob man
516 2257 1681 2339 Es kommt selten vor, daß eine Novität ein so tiefgehendes
1731 2307 2965 2361 eine Duellforderung ablehnen darf, wenn man aus Eltern oder nahe
438 2332 1678 2383 Interesse weckt, daß die Discussion über dieselbe die Zwischenakte
1725 2345 2974 2392 Angehörige Rücksicht zu nehmen hat, ist auch in dramatischer Form schon
431 2380 1678 2424 welche gestern nicht kurz bemessen waren, völlig in Anspruch nahm. Es
1725 2383 2968 2436 vor Schnitzler behandelt worden, — ob man sie aber auch aus dem
438 2408 1693 2458 wurde zum ersten Male das dreiaktige Schauspiel „Freiwild von
1722 2424 2968 2471 Grunde oblehnen darf, weil man das Leben so schön findet, weil man
438 2458 1681 2496 Arthur Schnitzler, dem bekannten österreichischen Autor gegeben, und
1731 2458 2971 2509 das Leben so gern in vollen Zügen genießen möchte, das ist das Neue
441 2490 1687 2537 das Thema, das in demselben in sehr geschickter Weise angeschlagen
1731 2499 2965 2553 an dem Drama und das ist es, was dem Stück immerhin ein ganz
438 2531 1681 2575 wird, bot dem zahlreich versammelten Publikum in den Zwischenakter
1722 2534 2219 2600 besonderes Interesse verleih
441 2568 1681 2616 reichen Stoff zu den lebhaftesten Reden und Gegenreden. Ueberall, au
438 2606 1687 2656 den Corridoren, im Foyer, in der Restauration standen Gruppen leb¬
2055 2581 2634 2666 „Hamburger Freie Presse“:
441 2647 1681 2694 haft gesticulirender Damen und Herren, die für und gegen die beiden
1807 2631 2965 2713 Der zweiten dramatischen Schöpfung Schnitzler's, welche Donnerstag
441 2688 1652 2738 Helden des Schauspiels — denn es sind deren in der That zwei
1722 2685 2962 2748 Abend vor dem Hamburger Publikum erschien wurde dieselbe Ehrung
441 2723 1684 2776 Partei nahmen. Aber nur eine Stimme herrschte darüber, daß
1722 2732 2965 2782 zu Theil; da sie ein aktuelles Interesse besitzt, nämlich die Duellfrage be¬
453 2764 1681 2811 seit langer Zeit im Thalia=Theater kein Stück gegeben worden
1722 2770 2965 2820 handelt, so war die Anerkennungsspende eine reichliche. Der Verfasser
444 2804 1684 2852 ist, welches ein so spontan wirkendes Interesse und so viel
1722 2811 2965 2861 nennt sein neuestes Schauspiel „Freiwild", als welches er die weib¬
438 2839 1681 2893 Anregung zum eigenen Nachdenken hervorgerufen hat, wie
1725 2848 2968 2924 lichen Mitglieder einer Bühne unweit Wien von den Offizieren der kleinen
438 2883 1681 2927 „Freiwild. Man hat sehr viel Kluges, aber auch sehr viel Dummes
1725 2883 2165 2952 Garnison bezeichnen läßt
441 2924 1684 2971 gegen das sogen. Tendenzdrama gesagt und geschrieben, und man wird
2071 2924 2619 3009 „Hamburger Nachrichten
444 2962 1684 3006 zugestehen, daß ein Drama, welches lediglich geschrieben ist, um in einem
1804 2965 2965 3047 Ausgang und Verlauf des Confliktes entwickeln sich folgendermaßen.
441 3003 1684 3044 zeitweiligen Parteigezänk für oder gegen etwas Partei zu nehmen, an
1725 3018 2962 3091 (Folgt Handlung.) Es wäre unrichtig, dem Verfasser zu bestreiten, daß
438 3034 1681 3081 Kunstwerth bedeutend verliert, weil meistens rein äußerliche Umstände
1715 3081 2965 3144 er mit geschickter Berechnung vorgegangen ist und Wirkungen erzielt hat,
444 3075 1678 3125 falsche Gesichtspunkte aufstellen, doch es giebt auch Tendenzstücke, die
1715 3113 2279 3166 die stark auf die Nerven fallen.
438 3116 1681 3166 ihren Anlaß aus actuellen Zeitfragen herholen, diese aber aus dem
441 3154 1681 3201 trivialen Mischmasch der Meinungen in eine reinern Atmospähre empor¬
441 3192 1681 3245 heben. Zu diesen Dramen gehört unzweifelhaft das Schnitzler'sche
444 3232 1678 3283 Drama „Freiwild" welches zu der jetzt vielbesprochenen Duellfrage
441 3270 1681 3321 eine künstlerisch ausgestattete Illustration giebt. Es sei die Handlung
1785 3245 2018 3365 Ein
2058 3251 2940 3374 kädenväter.
441 3308 1681 3355 kurz skizzirt, ehe über die Art und Weise, in welcher der Autor sein
438 3349 1678 3393 Thema behandelt hat, Näheres mitgetheilt wird. (Folgt Inhalt) Es
2109 3352 2594 3456 Schwank in drei Akten
444 3387 1684 3434 ist nicht die Aufgabe des Kritikers, aus Anlaß dieses Stück nunmehr
434 3431 1684 3475 in eine akademische Erörterung über die Berechtigung oder Nichtbe¬
441 3462 1684 3516 rechtigung des Duells einzugehen, zumal der Autor selbst mit seiner
1945 3447 2748 3538 Hans Fischer und Josef Jarno.
441 3503 1681 3554 Meinung zurückhält und nur die Thatsachen sprechen läßt. Wenn man
441 3544 1674 3588 eine Tendenz in dieses Stück hineinlegen will, so kann es höchstens di¬
441 3585 1681 3632 sein, daß es grausam ist, einen Offizier, der gewillt ist, sich einem Duell
1728 3547 2956 3664 Aufführung im Theater am Gärtnerplatz zu München,
431 3623 1681 3673 zu stellen, aus der Armee auszuschließen, weil der Gegner aus Hoch¬
2077 3635 2594 3720 den 14. Januar 1897.
441 3664 1681 3708 muth, Feigheit oder philosophischer Ueberzeugung sich nicht schießen will.
441 3701 1674 3749 Das ist aber eine ganz nebensächliche Sache, wenn die Frage der Be¬
441 3736 1674 3783 rechtigung des Duells überhaupt nicht gelöst ist. Und in dieser Hin¬
1800 3723 2962 3812 Mit dem „Rabenvater" hat das Schweighofersche Gastspiel seinen
447 3783 1678 3824 sicht verhält sich der Autor durchaus unparteiisch. Er giebt uns eine
1719 3771 2952 3853 Höhepunkt erreicht. Die gesamte Münchener Presse konstatirt einstimmig
438 3818 1678 3862 scharf umrissene Illustration des socialen Conflictes zweier Ehrbegriffe,
1715 3834 2956 3893 den großartigen Erfolg des „Rabenvater" und bespricht in günstigster
431 3859 1674 3909 der nun einmal besteht und so leicht nicht ausgerottet werden wird trotz
1715 3878 2373 3925 Weise die Qualitäten des Schwankes.
441 3900 1681 3944 aher klugen Reden hüben und drüben. Die Charaktere der beiden
1977 3909 2691 3994 „Münchener Neueste Nachrichten“
438 3928 1681 3985 Helden sind so klar, verständlich und anschaulich geschildert, daß man
431 3972 1674 4023 ihre Handlungsweise völlig versteht. Vielleicht ist dem Antor sogar der
1788 3969 2952 4045 Zum ersten Male wenigstens in München — „Der Rabenvater
441 4013 1681 4063 Charakter des schneidigen Lieutenants, von dem man unmöglich ver¬
1719 4016 2817 4070 Schwank in drei Akten von Hans Fischer und Josef Jarno.
431 4048 2962 4133 langen kann, daß seine Gedanken über die oberflächliche, ihm anerzogene Schwank bildet die Ausnahme von der Regel und die Regel sind schlechte
