3344 4352
248 129 781 243 8. Freiwild
950 127 1346 245 box 14/5
1487 629 2673 688 zur Nachkur dort befindet. — Ihre ersten Eindrücke von
1493 666 2679 726 der neuen Theaterwelt sind für sie niederschmetternd. Sie
1484 720 2673 780 sieht sich in allen ihren Illusionen getäuscht. Im Theater
1493 766 2677 835 herrscht ein Provinzbetrieb. Es wird nicht die Jungfrau
1493 817 2682 870 von Orleans gespielt, man wagt sich auch nicht an
1493 866 2673 921 moderne Stücke, sondern folgt dem Publikumsgeschmack,
1490 916 2670 973 indem man leichte und revueartige Stücke zur Auf¬
1490 974 1973 1035 führung bringt. Aber
1493 1013 1918 1088 nicht nur nach die¬
1493 1067 1921 1133 ser Seite hin ist
1496 1124 1918 1173 Anna Riedel ent¬
1488 1162 1920 1222 täuscht. Sie muß
1493 1211 1918 1281 sehr bald merken,
1499 1263 1921 1324 daß ihr Direktor,
1496 1312 1921 1374 Herr Schneider, ein
1493 1367 1924 1435 Pascha in seinem
