3484 4256
934 166 1338 266 box 14/3
240 178 763 286 8. Freiwild
534 1352 1232 1614 in
432 1667 619 1734 Seite 12.
513 1752 1287 1865 Wiener Theaterbilder.
1398 1805 1530 1865 Talent
483 1845 1512 1905 Carl-Theater. Arthur Schnitzlers „Frei eines
411 1898 1523 1963 wild“ hatte einen großen und wohlverdienten Erfolg. Ein stellung
414 1949 1533 2009 Problem, das nicht oft und eindringlich genug in den Radan
416 1999 1516 2048 Gesichtskreis der farbenblinden Moral gewisser Gesell¬ wollte
411 2046 1519 2111 schaftskreise gerückt werden kann — das Verbrechen mit ei¬
411 2094 1503 2141 des Zweikampfes — wird hier in meisterhafter Weise zu erste
414 2136 1518 2194 einem spannenden dramatischen Conflict ausgebaut. Die stimm¬
404 2184 1519 2238 einzelnen Typen dieser rückständigen Bewegung sind mit Satire
411 2230 1505 2289 großer Plastik hingestellt und mit vielen intimmen Zügen wobei
416 2281 1528 2342 ausgestattet. Die Vertreter des Militärs sind in solch wirk¬ alle R.
419 2332 1533 2386 samer Abstufung hingestellt, daß man nicht gut Anstoß ein un
416 2365 1525 2445 nehmen kann, wenn einer von ihnen just nicht sympathisch Sulko-
414 2415 1523 2473 und tadellos erscheint. Ein großes Wagniß ist die den versch
416 2469 1526 2529 zweiten Act ausfüllende Polemik für und wider den wirken
416 2515 1516 2571 Zweikampf, das jedoch durch die interessante und fesselnde in „
423 2564 1482 2623 Art der Argumentation als vollkommen gelungen bezeichnet weit
1410 2603 1533 2697 „Kinde
414 2617 1382 2668 werden kann. Gespielt wurde das Stück ganz ausgezeichnet.
414 2663 1377 2721 Geradezu classische Typen lieferten die Herren Reusch
414 2711 1387 2776 Korff und Blum. Herr Klein stellte einen interessanten
414 2753 1533 2811 und glaubhaften Helden, und Herr Tewele sorgte aus der V.
416 2801 1525 2873 giebig für die heiteren Einlagen. Fräulein Sangora Fischer
414 2855 1523 2905 und Fräulein Glümer verdienen ebenfalls lobend er¬ ominö
1401 2901 1505 2963 lichen
414 2903 726 2977 wähnt zu werden.
1410 2947 1507 3003 durch
488 2972 1512 3051 Das Deutsche Volkstheater hat uns einen in lichen
1417 3039 1533 3100 Geltun
411 3037 1382 3107 Deutschland bereits sehr bekannten modernen Autor, May
622 3093 908 3158 .
2372 79 2674 173 a
2062 162 2938 250 Unternehmen für Zeitungs-Ausschnitte
3030 213 3217 298 Ausschnitt
2212 247 2778 360 OBSERVER
3017 275 3106 368 Nr.
1787 345 3202 453 1. österr. behördl. concess. Bureau für Zeitungsberichte und Personalnachrichten
2080 419 2912 534 Wien, IX/ Türkenstrasse 17.
1990 490 2956 617 — Filiale in Budapest: „Figyelö", VIII. Josefsring 31 a.
1777 627 2931 760 Ausschnitt aus: Neues Wiener Journal
2073 786 2644 938 vom
1960 1151 3060 1251 (Carl-Theater.) Dr. Arthur Schnitzler, der noch
1844 1174 3060 1297 jugendliche Autor der erfolgreichen „Liebelet und sonstiger
1849 1274 3051 1352 Anatolismen, hat in dem dreiactigen Schauspiel „Freiwild", da¬
1865 1336 3060 1401 schon mehrere Premieren in Deutschland erlebte, bevor es in
1861 1377 3054 1452 seiner Vaterstadt Wien zum Bühnenleben erweckt wurde, nach
1856 1414 3063 1505 einer Richtung hin der literarischen Selbständigkeit einen Schritt
1856 1465 3063 1555 näher gethan; er französelt nicht mehr. Doch dieser Gewinn
1856 1509 3067 1595 wird leider nicht weit gemacht durch die Einbuße an dramatischem
1856 1563 3067 1641 Nachdruck. Anstatt in der passenderen Form der Broschüre soll
1852 1629 3074 1680 die Duellfrage wieder einmal von der Bühne herab gelöst werden
1858 1680 3069 1733 durch lange, sich häufig wiederholende Gespräche für und wider,
1858 1720 3074 1789 von denen die der letzteren Art vom Verfasser mit zahlreicheren
1859 1757 3067 1835 Argumenten bedacht sind, ohne deshalb an Ueberzeugungskraft zu
1874 1800 3072 1884 gewinnen. Schon der Titel trifft nicht in den Kernpunkt des
1870 1844 3069 1930 Stückes, in die Zweikampffrage, sondern seitwärts, in die freilich
1861 1904 3070 1974 besser gezeichneten Nebenumstände. Freiwild sind die kleinen
1870 1953 3065 2029 Theaternovizen, denen in irgend einer „Schmiere der Schmetter¬
1866 1995 3079 2080 lingsstaub der künstlerischen Illusionen abgestreift wird, und die
1865 2041 3098 2124 in ihrer Mädchenwürde zu beleidigen sich jeder Lebebursche das
1861 2085 3086 2184 Recht herausnimmt. Ein solcher Herr ist der verschuldete Lieutenant
1755 2157 3083 2228 „ 10 Karinsky. Er wettet im Kameradenkreise, daß die Naive Anna
1807 2187 3076 2251 20 Nieder die Einladung zum intimen Souper annehmen wird, und
1747 2237 3081 2297 „ 50 ärgert sich nach dem Verlust der zwanzig Champagnerbouteillen,
2938 2289 3081 2348 schuldig
1750 2291 2908 2360 „ 100 nicht des Geldes wegen — da er grundsätzlich
2935 2337 3090 2399 sondern
1874 2341 2809 2404 bleibt, hat Geld für ihn keinen Werth
1725 2341 1852 2429 Abonn
1724 2376 3097 2452 Abonn über das zufriedene Lächeln des Herrn Rönning, der
1874 2425 3143 2499 ein wirklicher, ehrlicher Freund der Naiven ist, mit ernsten
1874 2480 3084 2538 Absichten, kein Freund mit Anführungszeichen. Herr Reusch
1874 2538 3095 2594 spielt den Lieutenant, Herr Klein den Rönning. Wenn aber
1877 2571 3100 2642 einmal Herr Klein im Carl-Theater gastirt, dann bekommt Herr
1866 2624 3093 2695 Reusch stets seine Ohrfeige. Von dieser Gewohnheit wird auch
1872 2674 3106 2741 in „Freiwild nicht abgegangen. Herr Rönning, der bisher alle
1874 2718 3093 2779 Umgangsformen, auch die vor der Contrahage üblichen jener
1882 2769 3098 2831 Gesellschaftsclasse beobachtete, in welcher nach solchem Vorgehen
1882 2816 3093 2885 der Zweikampf als die einzige mögliche Lösung betrachtet wird,
1882 2869 3098 2928 nimmt aber die Forderung nicht an. Man mag über Sinn oder
1879 2913 3091 2972 Unsinn des Duells welche persönliche Meinung immer hegen —
1882 2957 3107 3021 die philosophischen Grundsätze, mit denen Herr Rönning die Ge¬
1882 3002 3098 3076 nugthuung mit der Waffe ablehnt, sind schon mehr als verdächtig.
1886 3058 3100 3114 Er verachtet das dergleichen Vorurtheil, er läßt sich von seinen
1886 3102 3102 3164 Freunden ruhig als einen feigen „Auskneifer" behandeln. Und
1886 3143 3104 3215 derselbe überlegene Geist, der inzwischen der geliebten Naiven
1888 3208 3104 3262 einen Heiratsantrag gemacht, also Pflichten übernommen hat,
1891 3248 3106 3324 bleibt „justament" in dem Badeorte, weil er erfährt, daß der
1888 3296 3104 3363 gezüchtigte, also ruinirte Gegner im Zustande der Verzweiflung zu
1895 3345 3104 3417 jeder Vergeltung fähig ist. Damit rasselt der ganze hölzerne Unterbau des
1895 3384 3109 3453 Stückes zusammen. Oder sollte Dr. Schnitzler mit dem Schlusse
1893 3439 3104 3507 etwa gar für die Nothwendigkeit des Duells plaidiren wollen?
1895 3483 3104 3562 Dann hätte er in den vorhergegangenen Auftritten seine Absichten
1895 3536 3106 3606 entschieden zu sehr verschleiert. Der Lieutenant schießt einfach den
1886 3581 3106 3655 der ihn geschlagen, über den Haufen. Das thut Herr Reusch stets,
1888 3636 3109 3701 wenn er von Herrn Klein eine Ohrfeige bekommt. — Herr Reusch
1891 3691 3107 3740 hat wieder am meisten imponirt durch die Eleganz, mit der er
1900 3733 3107 3796 seiner ungemein schwierigen Rolle über alle Fährlichkeiten half.
1891 3775 3107 3840 Dieser Künstler ist ein Specialist für das nämliche Rollenfach,
1891 3823 3106 3885 wie Herr Devrient von der Burg. Fräulein Sangora in
1896 3867 3106 3936 der weiblichen Hauptrolle hat zum erstenmale wirk¬
2034 3918 3104 3981 Talent geoffenbart; zum Mindesten ist sie eine so
1891 3934 2002 3999 liches
2037 3971 3113 4029 Schauspielerin, um es glaubhaft vortäuschen zu
1896 3985 1995 4038 gute
1896 4022 3097 4080 können. Das inferiore Komödiantengesindel der „Schmiere
1904 4059 3109 4135 fand in Herrn Tewele und Fräulein Glümer, sowie in einigen
2067 4107 3114 4181 belustigende Vertreter. Die Officiere konnten nicht reussiren.
