3484 4224
440 5 2462 129 de
437 99 2449 177 schlüssen begierig, die seiner Kraft mehr abzufordern hätten, zum groben theatralischen Effekt gedreht. Ich meine
430 147 2449 217 als sie bisher ihm gewähren konnte, zudem von jener übrigens, die Serie ist noch nicht aus, es wird noch mancher
1456 195 2452 253 kommen, weil das Thema noch nicht erschöpft ist: in ihrem
425 200 1426 268 leichten Schwermut gerührt, die uns betört, wenn wir
1461 240 2449 298 letzten Wesen ist die Existenz eines Soldaten in unserer
432 245 1431 311 uns zum ersten Mal von den süßen Mädchen und den
1456 283 2452 346 Zeit noch nicht getroffen worden. Unsere Zeit verlangt von
430 296 1428 359 Spielen der Liebe trennen, weil wir da nämlich noch nicht
1466 336 2454 394 jedem, der in der gesellschaftlichen Ordnung als Mitregent
425 336 1426 407 wissen können, daß es doch niemals ein Abschied für immer
1461 377 2447 437 leben will, daß ihm diese zur zweiten Natur werden muß
432 392 1431 455 ist — in dieser zugleich melancholisch entsagenden und doch
1453 422 2452 488 Die Bestimmung des Soldaten verlangt von ihm, immer
432 435 1428 493 heftiger, als er noch jemals einen Trieb in sich vernommen
1466 468 2457 531 für den Moment bereit zu sein, in welchem die bürgerliche
432 480 1428 543 haben mochte, zum Ernst des Lebens, zum Wirklichen hin
430 508 2457 594 zu den großen Mächten des Daseins gedrängten Stim= Ordnung plötzlich wieder aufgehoben, die zweite Natur
1461 556 2462 617 wieder zerrissen wird. Zu ihrem Schutze, um nicht von jedem
430 571 1431 639 mung des unruhigen jungen Dichters begab es sich, daß
432 599 2464 687 er an das Verhältnis des Offiziers in unserer heutigen Feinde umgerannt zu werden, braucht sie Männer von einer
1463 639 2452 708 Art, die unter ihrem Schutze doch eigentlich gar nicht ge¬
430 667 1438 720 Welt geriet. Ich denke, er hatte einen Kater; so fing es
1463 687 2452 748 deihen kann. Damit aus einem Menschen ein guter Bürger
430 715 1426 773 wohl wahrscheinlich an. Wir sind dann immer sehr ge¬
1456 738 2452 796 werde, müssen in ihm eben jene Kräfte vertilgt oder doch
432 753 1428 819 kränkt, wenn wir eines Tages, erwachend, gewahren, daß
1461 781 2449 839 verkümmert werden, die den guten Soldaten machen. I.
432 809 1431 859 irgend ein liebes kleines Mädchen doch nicht das ganze
1463 829 2462 890 menschlicher einer ist, je gütiger und gerechter, je mehr Herr
430 854 1426 912 große Leben ist; und verargen ihr das sehr und rächen
1463 875 2459 930 über unsere tierische Wildheit, ein desto schlechterer Soldat
440 900 1423 958 uns, indem wir uns plötzlich nun auf die „Probleme
1456 907 2459 986 wird er im Kriege sein. Und je verwegener, leidenschaftlicher,
440 945 1426 996 werfen, zu denen uns erfahrene und reife Freunde do¬
1463 973 2457 1026 grausamer er sich in der Schlacht bewähren wird, desto
442 993 1431 1046 schon immer geraten haben. Ihre Erfahrung, ihre Reif
1466 1008 2457 1072 schwerer wird er sich in die bürgerliche Ordnung finden
445 1041 1428 1099 ist freilich meistens zuletzt wohl eigentlich mehr nur ein
1456 1054 2457 1110 können, deren Verteidigung aber dann schließlich doch wieder
437 1079 1436 1163 leiser Neid, sie können uns nicht töricht glücklich sehen.
1468 1099 2459 1158 der Sinn seiner ganzen Existenz ist. Der große Reiz, den der
440 1132 1431 1188 Und wer später, in Gefahren, durch Leiden, aus Freuden
1463 1147 2459 1211 soldatische Beruf noch immer für viele hat, besteht wahr¬
440 1175 1431 1233 wirklich reif geworden ist und den wahren Sinn des
1466 1193 2462 1259 scheinlich darin allein, daß es zu diesem Berufe gehört, auf
440 1223 1438 1274 Lebens erfahren hat, mer erst, daß ihn vielleicht das
1466 1238 2462 1297 ein Zeichen aus aller Ordnung ausbrechen zu können und
437 1269 1433 1327 dümmste kleine Mädchen Tieferes lebendiger lehrt, als es die
1463 1284 2462 1342 wieder zum ungezähmten Urmenschen zu werden, den uns
440 1314 1438 1367 Lösung der höchsten Probleme vermag. Dazwischen aber,
1468 1332 2467 1390 Erziehung, Kultur, Gesetz verleugnen lehrt. Es wird vom
445 1365 1436 1438 in der leeren Pause von verlangender Jugend zur er¬
1466 1370 2467 1428 Soldaten also eigentlich verlangt, daß er auf Kommando
445 1408 1441 1468 füllenden Männlichkeit hinüber, kommt es uns riesig
1471 1420 2467 1484 jetzt zum Urmenschen, jetzt zum Staatsbürger werden kann.
440 1461 1438 1514 gescheit vor, den „Problemen" zu dienen, worunter die
1468 1466 2464 1529 Und wenn ich mir einen nachdenklichen und mit sich auf¬
437 1501 1441 1559 ernsten Menschen alles verstehen, was gerade zu dieser Zeit
1466 1514 2464 1567 richtigen Menschen denke, dem dies bewußt würde, so wäre
440 1552 1438 1602 in den Beziehungen der Menschen und ihrer gesellschaft¬
1468 1552 2464 1645 das wohl ein rein tragischer Fall, der seinen Dichter
437 1595 1438 1656 lichen Ordnung wankend und fragwürdig und verbesserlich
1466 1607 1633 1686 verdiente.
445 1640 1441 1696 geworden ist. Wenn sie freilich weniger ernst, aber dafür
1565 1628 2464 1704 Die Aufführung ist im Einzelnen ungewöhnlich gut.
442 1688 1441 1736 mit der menschlichen Natur vertrauter wären, würden
1471 1678 2467 1757 Vor allem wirken Kutschera und Jensen durch eine
450 1734 1438 1784 sie begreifen, daß ihr von außen her niemals zu helfen ist
1471 1741 2467 1805 merkwürdige Kraft, die die etwas lehrhaften Sachen, die sie
450 1784 1441 1835 sondern, wie Vetter Hamlet sagt, aus „des Herzens
1468 1787 2469 1843 mitunter räsonierend zu sagen haben, persönlich zu
470 1827 2464 1886 Herzen allein, und daß es darum doch eigentlich, um die beleben weiß. Dann Fräulein Erl durch ihren wunder¬
554 1875 2467 1928 sucht der Menschheit zu heilen, nur ein einziges hübschen Ton, der nur leise zuweilen noch ein bißchen
521 1911 1446 1992 gibt, nämlich: ihren Geist und ihr Gemüt so
1476 1916 2464 1979 unfrei klingt. Kramer, als Karinski, ist in der Haltung
596 1961 2464 2025 Geschütterung aufzutreiben, daß ihr die vortrefflich, aber er bleibt der Figur die Wildheit, den Zug
445 2004 1441 2062 Gewalt, jede Form der Gewalt, ganz unerträglich
1476 2009 2464 2075 zum Abenteuer, die Falte vom gebornen Croupier schuldig.
442 2057 1443 2116 und all bisher Ordnung hieß, unmöglich
1471 2055 2467 2113 Sonst ist noch Herr Höfer zu nennen, mit dem ergötz¬
447 2098 2467 2156 aber auch ebehrlich wird. Bis aber einer erst lichen Armeedeutsch, das er dem Lieutenant Vogel gibt.
447 2138 1443 2196 dahin gekommen ist, dies an sich selbst zu begreifen, flick
1471 2148 2462 2204 Die Wirkung war stark wie in einer Volksversammlung
463 2191 1438 2267 jeder gern eine Zeit an den „Fragen der Gesellschaft
1466 2201 2472 2252 klatschten die Leute den verwegenen Leden der gesunden
1471 2239 2467 2295 Vernunft begeistert zu. Ja siehst du, Arthur so geht's: vor
556 2265 2464 2335 Das hat auch Schnitzler durchmachen müssen und acht Jahren, als du sie schriebst, sind es Frechheiten gewesen,
1471 2330 2467 2394 die man die gar nicht verzeihen wollte, und jetzt sind's schon
447 2315 1443 2391 daher hat sein Stück eine so merkwürdige Haltung. Etwas
1479 2376 2462 2429 Wahrheiten für die kompakte Majorität geworden, und noch
463 2378 1446 2437 sehr Entschlossenes nämlich, dem man doch leise den inneren
457 2419 2464 2479 Zwang anhört. Wie wenn jemand sehr eindringlich von zehn Jahre, und es werden Banalitäten sein, hoffentlich,
450 2469 2464 2535 einer Sache, deren Wichtigkeit er sich nachdrücklich vorstellt, gegen die sich dann eine neue Jugend wieder ingrimmig
457 2515 1443 2570 sprechen will, aber sich sehr zusammennehmen muß und
1471 2510 2207 2596 empören muß — das ist der Lauf der Welt.
450 2563 1446 2618 Mühe hat, dabei zu bleiben, weil er sich insgeheim immer
2045 2535 2429 2624 Hermann Bahn
450 2606 1441 2661 an nähere Gedanken verliert, die stärker sind. Er beißt sich
447 2654 1446 2715 auf die Lippen, um sich nicht merken zu lassen, wie zerstreut
450 2694 1446 2745 er ist; denn dieses ganze Stück ist nur aus dem Verstande
457 2745 1446 2795 geholt, in seiner Tiefe weiß er nichts davon, da bereiten sich
457 2790 1446 2848 still schon die schönen Erfüllungen seiner Reise vor. Wozu
447 2831 1443 2881 vielleicht auch noch etwas anderes kam. Mir will scheinen,
447 2874 1443 2929 als ob ich heraushören würde, wie gern er als junger
450 2927 1441 2977 Mensch im Burgtheater gesessen ist. Die Luft des alten
447 2965 1446 3023 Burgtheaters haucht mich hier an und in manchen Szenen
447 3015 1443 3081 wird mir fast, als ob sie mir die Hände des Herrn Hart¬
457 3061 1443 3111 mann entgegenstrecken würden. Was uns gefällt, steckt uns
455 3109 1443 3162 unwillkürlich an; was auf uns wirkt, dem möchten wir
447 3152 1446 3212 gleichen, und so wird, gar in bildsamer Jugend, unsere
450 3200 1446 3248 innere Form durch äußere Gewohnheit oft mehr als von
450 3238 1441 3293 uisserem Wesen bestimmt. Wir merkten es selbst ja damals
447 3283 1443 3341 kaum, aber unwillkürlich nahm der Geist der jungen Leute
447 3334 1443 3384 von 1890 doch immer die Gebärden des alten Burgtheaters
455 3379 1441 3440 an, dieser sehr auserwählten, über recht abgekühlten, nie¬
447 3425 1446 3480 mals ganz natürlichen, immer hochanständigen, gezügelten
447 3470 1443 3531 Kunst, die so höflich war, immer artig an den Zuhörer zu
455 3521 1438 3574 denken. Sie benahm sich stets, wie man tut, wenn in
457 3561 1443 3617 Zimmer ein großer Spiegel ist: man verleugnet sich ja des¬
455 3599 1443 3655 wegen nicht, man bleibt natürlich, aber doch anders natür¬
455 3642 1443 3703 lich, als man ist, wenn man sich nicht sieht. Man weiß dann
447 3695 1443 3756 eben von sich, wie man wirkt, und wenn man sich auch
450 3743 1441 3789 nun deshalb erst recht anstrengt, ungezwungen zu sein, so
450 3786 1446 3837 wird es doch nur eine herablassende Ungezwungenheit, die
457 3832 1441 3892 jede wahre Vertraulichkeit einsamer Gedanken entfernt.
460 3877 1451 3943 Herablassend, leutselig, immer wie ein hoher Herr, der
455 3923 1441 3978 einmal im schlichten Jägerrocke unter das gemeine Vol¬
437 3976 1441 4059 erbt, war diese Kunst des alten Burgtheaters und davon
