3392 4224
264 142 796 234 8. Freiwild
958 135 1373 236 box 14/4
1800 603 2148 731 Telephon 12801
1091 875 2158 951 1. österr. behördl. konz. Unternehmen für Zeitungs-Ausschnitte
1193 929 2047 1031 Wien, I., Concordiaplatz 4.
1420 1004 1808 1085 Vertretungen
1038 1013 2135 1132 in Berlin, Budapest, Chicago, Christiania, Genf, Kopen¬
1030 1113 2140 1167 hagen, London, Madrid, Mailand, Minneapolis, New-York,
1118 1145 2063 1244 Paris, Rom, San Francisco, Stockholm, St. Peter
1424 1183 1804 1247 (Quellenangabe ohne Gewähr.
1073 1204 1482 1297 Ausschnitt aus:
1360 1290 2093 1398 Leitmeritzer Zeitung
1073 1334 1230 1387 vor:
1092 1416 2042 1511 Ein literarischer Abend im Stadtthea,
1114 1494 2071 1550 Am Samstag, dem 4. April begeht Herr Es
1124 1541 2070 1615 Hartig mit einer Aufführung von Artur
1124 1598 2056 1656 Schnitzlers „Freiwild" seinen Ehren¬
1114 1635 2071 1705 abend. Der Dichter, welcher erst kürzlich durch den
1120 1694 2059 1753 Grillparzerpreis ausgezeichnet wurde und zweifel¬
1109 1745 2059 1796 los zu den stärksten und genialsten Talenten der
1114 1783 2064 1854 Gegenwart zählt, ist leider dem großen Publikum
1112 1829 1912 1893 nur durch den — allerdings mit Unrecht
1991 1840 2083 1909 ge¬
1116 1883 2059 1948 schmähten „Reigen" bekannt. Es sei daher an
1109 1937 2059 1995 dieser Stelle ausdrücklich erklärt, daß der „Frei¬
1109 1989 2061 2041 wild-Aufführung auch junge Mädchen ohne Er¬
1109 2031 2059 2112 röten beiwohnen können. Artur Schnitzler
1109 2083 2061 2148 können wir mit Stolz zu den Unsern zählen;
1114 2128 2060 2183 seine Erstlingswerke, die ihn gleich in das vor¬
1112 2180 2057 2244 derste Treffen der begabtesten, damals neu auf¬
1109 2223 2059 2289 strebenden Schriftstellergeneration stellten, wurzeln
1100 2277 2075 2338 in Wien, seiner Heimat, und sind Prachtstücke
1102 2318 2049 2381 der Heimatskunst. Ich erwähne nur „Liebelei",
1100 2374 2056 2439 die durch ihre Schlichtheit und Innigkeit zu den
1102 2412 2056 2473 besten Werken der neuen Literatur zählt, und den
1106 2473 2059 2538 geistreichen Einakterzyklus „Anatol", welcher
1102 2516 2049 2577 den besten Arbeiten französischer Autoren gleich¬
1109 2565 2059 2638 gestellt wird. Mit „Freiwild wandte er
1109 2614 2054 2679 sich jedoch dem Problemstücke zu. Obwohl der
1100 2675 2056 2736 Oberleutnant Karinsky den Maler Rönning, der
1102 2714 2054 2780 ihm aus Ueberzeugung die ritterliche Genugtuung
1100 2766 2056 2833 verweigert, niederschießt, bleibt die aufgeworfene
1106 2813 2049 2865 Duellfrage mit einem Fragezeichen beantwortet.
1106 2862 2054 2918 Interessant sind auch die trefflich gezeichneten
1099 2914 2049 2970 Schauspieler vom Ensemble des Theaterdirektors
1096 2963 2056 3015 Schneider, eines Ehrenmannes, wie ihn die
1096 3011 2059 3075 Theaterwelt in einigen Exemplaren aufzuweisen
1096 3058 2056 3115 hat. Obwohl nun Herr Hartig, der im
1094 3104 2046 3169 Laufe der Saison oftmals Proben seines Könnens
1091 3159 2050 3216 ablegte, mit Recht auf ein volles Haus rechnen
1099 3200 2053 3274 darf, sei noch erwähnt, daß zu der Aufführung
1091 3257 2053 3307 des genannten Schauspiels auch der Autor ge¬
1089 3301 2049 3372 laden wurde, und dürfte der Abend durch das
1089 3357 2046 3416 wahrscheinliche Erscheinen Artur Schnitzlers
1094 3405 2053 3462 noch an Interesse gewinnen. In den Hauptrollen
1099 3448 2049 3514 sind Frl. Reval, sowie neben dem Benefi¬
1094 3496 2047 3559 zianten noch die Herren Keller, Serbusett,
1088 3549 2043 3599 Kraus, Weresch, Scheibner und Lo¬
1094 3593 2046 3657 renz beschäftigt, und haben diese somit noch
1094 3643 2060 3694 vor Schluß der Saison Gelegenheit, ihr Können
1096 3689 2047 3759 in einem literarischen Werke eines
1114 3731 2020 3830 sterreichischen Dichters zu zeigen.
