3436 4448
176 217 710 309 8. Freiwild
871 202 1276 316 box 14/3
1346 846 3312 941 ihren Colleginnen gern mitgenommen werden. Ein übrig bliebe, als sich eine Kugel durch den Kopf zu be¬
621 879 1209 1007 Feuilleton
1342 904 2279 974 Officier, der Cavallerie=Oberstlieutenant Karinski, welche
2305 926 3239 993 jagen; ein anderer, der gesetztere Oberlieutenant Rohn¬
1349 963 2276 1007 ganz schneidiger Soldat, aber auch ganz rücksichtslose
2305 960 3239 1015 stedt, spricht die Hoffnung aus, daß Karinski die
1342 993 3235 1066 Lebemann ist, der alle Weiber und namentlich die Uniform freiwillig ausziehe und zu einem bürgerliche
544 1004 1173 1099 Thalia-Theater.
1349 1037 3239 1110 Schauspielerinnen als Spielzeug seiner Launen und Berufe übergehe. Da kommt Karinski selbst dazu, um
1353 1077 3228 1132 Gelüste betrachtet, ist sehr verstimmt darüber, daß Abschied von seinen Kameraden zu nehmen. Sein
724 1077 996 1158 (Freiwild“
1360 1110 3231 1173 sein Werben um die Gunst Anna's keinen Mienen und seine Worte lassen aber errathen, daß er
463 1114 1327 1195 Es kommt selten vor, daß eine Novität ein so
1353 1158 3231 1217 Erfolg hat. Er schwört darauf, daß sie trotzdem eine sich nun selbst Genugthuung verschaffen werde. Bestürzt
386 1162 1323 1250 tiefgehendes Interesse weckt, daß die Discussion übe
1353 1191 2276 1243 Einladung zu einem Souper annehmen wird. In
2301 1206 3235 1246 eilt ihm Rohnstedt nach, um ihn von einer unüber¬
382 1221 1320 1268 dieselbe die Zwischenacte, welche gestern nicht kurz be¬
1346 1224 3235 1283 Gegenwart seiner Kameraden und einiger Civilisten, legten That zurückzuhalten. Gleich darauf erscheinen
382 1265 3323 1320 messen waren, völlig in Anspruch nahm. Es wurde unter denen sich auch Paul befindet, schreibt er ein Paul und Anna in Begleitung des Arztes, welcher Paul Da
379 1294 1312 1368 zum ersten Male das dreiactige Schauspiel „Freiwild
1346 1305 3235 1360 Brieschen an Anna und läßt dasselbe durch den vor einem brutalen Ueberfall Seitens des Lieutenants
382 1346 3235 1401 von Arthur Schnitzler, dem bekannten österreichischen Piccolo des Cafes in die Wohnung der Schauspielerin warnt, und ihn veranlassen will, schnell abzureisen.
386 1379 3231 1441 Autor gegeben, und das Thema, das in demselben in tragen. Als die Antwort kommt, Anna lehne ab, Aber Paul weigert sich, er will doch sehen, ob man
386 1412 1327 1467 sehr geschickter Weise angeschlagen wird, bot dem zahl
1353 1426 3235 1478 springt er auf, um die Einladung persönlich zu wieder seines Lebens nicht mehr sicher ist, wenn man nach
386 1459 2276 1515 reich versammelten Publicum in den Zwischenacten holen. Durch eine Champagnerwette verpflichtet
2294 1467 3228 1518 Ueberzeugung und Pflicht das Rechte gethan hat
375 1500 3224 1551 reichen Stoff zu den lebhaftesten Reden und Gegen glaubt er seiner Ehre wegen diesen Schritt thun zu Während sich Anna und Werner noch Mühe geben
386 1537 3235 1595 reden. Ueberall, auf den Corridoren, im Foyer, in der müssen. Als er dann erfolglos zurückkehrt, sieht er den Starrsinn Pauls zu beugen, erscheint Karinski
382 1570 3228 1632 Restauration standen Gruppen lebhaft gesticulirender die spöttischen Gesichter der Kameraden und der und ruft dem Gehaßten entgegen, ob er sich ihm zun
386 1595 1323 1658 Damen und Herren, die für und gegen die beiden
1349 1618 3231 1673 Civilisten, und mit dem Instincte des Eifersüchtigen Duell stellen wolle oder nicht. Statt aller Antwort
386 1651 3231 1713 Helden des Schauspiels — denn es sind deren in der stellt er Paul zur Rede und verbietet ihm, zu lächeln. geht Paul ihm entgegen und fordert, daß er ihm Platz
386 1662 3294 1754 That zwei — Partei nahmen. Aber nur eine Dieser beachtet das Verbot nicht, ein Wort gibt das mache. Nach einer mehrmaligen Aufforderung, auf zu
386 1728 3231 1787 Stimme herrschte darüber, daß seit langer Zeit andere, und als Kacinski schließlich hochmüthig welche die gleiche Antwort erfolgt, reißt Karinski ein
379 1757 2261 1820 im Thalia-Theater kein Stück gegeben worden ist, ausruft, es sei ihm doch wohl gestattet, ein Weibsbil
2290 1779 3242 1845 Pistol aus der Tasche und schießt Paul nieder, der
379 1801 3231 1871 welches ein so spontan wirkendes Interesse und so viel wie diese Schauspielerin Riedel zum Souper einzuladen, gleich darauf seinen letzten Seufzer aushaucht. Mit
382 1842 3217 1934 Anregung zum eigenen Nachdenken hervorgerufen hat, erhebt sich Paul und verabreicht dem rüden Gesellen den Worten: „Ich weiß, was jetzt meine Pflicht ist!
375 1875 669 1945 wie „Freiwild.
1338 1893 3084 1941 eine ganz gehörige Backpfeife. Tumult! Karinski geht Karinski ab. Damit schließt das Stück.
463 1923 2268 1993 Man hat sehr viel Kluges, aber auch sehr viel will sich auf Paul stürzen, wird zurückgehalten und
2368 1904 3320 1978 Es ist nicht die Aufgabe des Kritikers, aus Anlaß Lie¬
382 1934 1669 2011 Dummes gegen das sogen. Tendenzdrama gesagt und der Vorhang fällt.
2290 1959 3224 2033 dieses Stückes nunmehr in eine akademische Erörterung
382 2004 1323 2051 geschrieben, und man wird zugestehen, daß ein Drama
1415 1981 3224 2059 Der Anlaß zum Duell ist gegeben, aber schon zu über die Berechtigung oder Nichtberechtigung des Duelle
386 2033 3316 2099 welches lediglich geschrieben ist, um in einem zeit Anfang des zweiten Actes, welcher im Logis von Paul einzugehen, zumal der Autor selbst mit seiner Meinung Lei¬
379 2077 3316 2143 weiligen Parteigezänk für oder gegen etwas Partei zu spielt, erfahren wir, daß er die Zeugen des Karinski zurückhält und nur die Thatsachen sprechen läßt. Wenn eige
382 2118 1320 2165 nehmen, an Kunstwerth bedeutend verliert, wei
1353 2125 3228 2184 abgewiesen hat. Seine beiden Bekannten, der Arzt man eine Tendenz in dieses Stück hineinlegen will, so
379 2151 1316 2198 meistens rein äußerliche Umstände falsche Gesichts
1346 2158 3320 2213 Dr. Werner und ein Giger Namens Grehlinger, er kann es höchstens Die sein, daß es grausam ist, einen wir
379 2191 1320 2243 puncte aufstellen, doch es gibt auch Tendenzstücke
1346 2198 3228 2250 fahren Dies zu ihrem großen Erstaunen. Paul erklärt, Officier, der gewillt ist, sich einem Duell zu stellen,
375 2209 3316 2309 die ihren Anlaß aus actuellen Zeitfragen herholen, daß er eines Lumpen wegen, den er gebührend ge¬ aus der Armee auszuschließen, weil der Gegner aus glei¬
386 2265 3224 2331 diese aber aus dem trivialen Mischmasch der züchtigt hat, sein Leben nicht aufs Spiel setzen werde. Hochmuth, Feigheit oder philosophischer Ueberzeugung
382 2305 2265 2364 Meinungen in eine reiner Atmospähre empor¬ Alle Gegenreden nützen Nichts, der Gigerl beruft sich
2294 2316 3217 2368 sich nicht schießen will. Das ist aber eine ganz neben
375 2331 504 2401 heben.
544 2349 2268 2404 Zu diesen Dramen gehört unzweifel vergebens auf den Ehrencoder, welcher ein Duell ver¬
2290 2345 3309 2408 sächliche Sachen die Frage der Berechtigung des leich
375 2382 467 2430 haft
522 2375 1301 2445 das Schnitzler'sche Drama „Freiwild
1346 2393 3224 2459 lange, und der Arzt verschwendet seine Worte, daß es Duells überhaupt nicht gelöst ist. Und in dieser
375 2408 3305 2489 welches zu der jetzt vielbesprochenen Duellfrage eine für Paul nöthig sei, sich der allgemeinen Sitte zu Hinsicht verhält sich der Autor durchaus unbasteisch, und
379 2459 2268 2515 künstlerisch ausgestattete Illustration gibt. Es sei die unterwerfen, weil er sonst gesellschaftlich unmöglich
2290 2470 3224 2522 Er gibt uns eine scharf umrissene Illustration des
382 2504 2257 2555 Handlung kurz skizzirt, ehe über die Art und Weise, werde. Diese beiden Figuren sind vortrefflich gezeichnet
2290 2511 3224 2559 socialen Conflictes zweier Ehrbegriffe, der nun einmal
382 2537 2257 2621 in welcher der Autor sein Thema behandelt hat, Näheres Der Poldi Grehlinger ist ein alberner Na¬
2283 2551 3220 2621 besteht und so leicht nicht ausgerottet werden wird
371 2573 669 2640 mitgetheilt wird
1331 2584 3220 2636 welcher wirklich nichts Höheres kennt, als trotz aller klugen Reden hüben und drüben. Die
452 2592 3213 2684 Wir befinden uns in dem österreichischen Bade die conventionelle Etiquette, während der Arzt Charaktere der beiden Helden sind so klar, verständlich
375 2647 3213 2717 in der Nähe Wiens. Der Kern der bunt zusammen die Motive der Handlungsweise seines Freundes wohl und anschaulich geschildert, daß man ihre Handlungs
379 2698 1305 2746 gewürfelten Badegesellschaft bildet eine Gruppe Officier¬
1334 2695 3316 2757 zu würdigen weiß, aber den Freund vor unliebsamen weise völlig versteht. Vielleicht ist dem Autor sogar klei¬
379 2735 3213 2812 Civilisten und Schauspieler. Der erste Act spielt auf Consequenzen seiner Handlungsweise zu behüten sucht, der Charakter des schneidigen Lieutenants, von
375 2779 3220 2834 einem Platze, der links von einem Cafékiosk, rechts Beide Herren gehen unverrichteter Sache weg und dem man unmöglich verlangen kann, daß seine
379 2812 1312 2860 von dem Theatergebäude flankirt wird, so recht der
1334 2816 2257 2864 Anna Riedel, welche von dem Handel erfahren hat
2283 2823 3217 2890 Gedanken über die oberflächliche, ihm anerzogen
371 2853 3217 2908 Ort, wo sich das lustige und gemüthliche Zusammenstürzt ins Zimmer, um das Duell zu verhindern, und angewöhnte Denkungsart hinausgehen, noch besser
371 2886 1309 2937 leben der Badegäste gut beobachten läßt. Ganz vor
1334 2897 3220 2948 Es folgt eine sehr hübsche Liebesscene, in welcher sich geschildert, als der kluge, nachdenkliche Paul, welcher
375 2930 3213 2985 trefflich ist die Ungezwungenheit des Verkehrs geschildert, die Herzen Beider finden. Sie beschließen, so bald in seiner Verachtung der conventionellen Sitte sehr
371 2967 1305 3018 Die Officiere und Badegäste verkehren im Caféhau¬
1331 2974 3213 3029 wie möglich gemeinsam nach Wien zu reisen, um sich kühl, ja sogar etwas abstract erscheint. Aber dies¬
371 3007 3213 3081 und die Schauspieler und Schauspielerinnen kommen dort zu vermählen. Aber noch einmal tritt die Ver=Figur ist durchaus nicht unwahrscheinlich, sie hätte nur
368 3044 1312 3095 aus dem Theater dazu, plauschen ein paar Worte mi
1342 3051 3213 3110 suchung an Paul heran. Oberlieutenant Rohnstedt etwas lebenswärmer gezeichnet werden müssen. Es
371 3084 1305 3158 einander, begrüßen sich, zanken sich ein wenig, ver
1331 3084 3213 3162 kommt, um Paul vorzustellen, daß er ein Menschen fehlt ihr das pulsirende Leben, sie tritt von Anfang an
371 3125 1312 3176 abschieden sich wieder u. s. w. Hier hört man ein
1338 3128 3209 3184 leben ruinire, wenn er nicht in das Duell willige, fertig vor uns hin, während das leidenschaftlich
375 3125 3312 3220 Wort, dort ein anderes, welches sich aus dem allgemeinen Jener macht sogar den aus einem Officiersmunde brutale Temperament des Lieutenants in seiner Joh
368 3206 1309 3261 Geplauder abhebt und auf Zukünftiges vorbereitet
1334 3209 3209 3265 seltsam klingenden Vorschlag, daß das Duell ja nur Steigerung bis zum wutherfüllten Haß das Interesse
371 3239 2599 3294 bis schließlich die Plauderei zwischen einigen mehr eine Komödie zu sein brauche. Entrüstet und mit viel stärker fesselt.
379 3279 2254 3334 hervortretenden Personen eine schärfere Physiognomie ziemlich brutalen Worten weist Paul den Vorschla¬
2353 3276 3323 3356 Der Kampf zwischen den Vertretern zweier mit
375 3305 3110 3378 annimmt. Man erfährt, daß ein junger reicher Rentier, zurück. Er habe keine Gemeinschaft mehr mit dem diametral entgegengesetzten Anschauungen rief
379 3356 1309 3412 Paul Rönning, so vertraut mit einer Schauspielerin
1327 3353 3320 3434 Lumpen, der sein Schicksal, aus der Armee ausgestoßen schon gesagt, ein lebhaftes Für und Wider im Publicum Ton
375 3393 1897 3448 Anna Riedel, ist, daß man allgemein die Letztere für die zu werden, selbst verschuldet hat.
2276 3404 3312 3474 hervor, und mit äußerster Spannung verfolgte man viel¬
375 3437 1312 3485 Geliebte des Ersteren hält, obgleich sie sich andern
1404 3448 3312 3496 Der dritte Act spielt wieder auf dem Platz vor den Fortgang der interessanten Handlung. Aber es Alle
375 3470 1312 3533 Männern gegenüber sehr reservirt zeigt und das Be¬
1327 3474 3209 3537 dem Caféhause und Theater. Die Badegäste und wäre sehr ungerecht, wollte man dieses Interes¬
379 3518 3320 3566 streben zeigt, als anständiges Mädchen zu gelten. Die Schauspieler unterhalten sich über den sensationellen lediglich auf das Conto des actuellen Stoffes aber
371 3544 2261 3606 Officiere wissen davon zu erzählen, denn Anna Riedel Fall, der natürlich durch die liebe Fama ganz entstellt
2283 3562 3206 3610 schieben. Die Hauptursache des großen Erfolges
371 3588 3312 3647 hat bisher standhaft alle Einladungen zu Soupers wiedergegeben wird. Die Officiere stehen rathlos der sich in lebhaften Hervorrufen der Darsteller pret
364 3632 3320 3724 und sonstigen Vergnügungen abgelehnt, welche von zusammen; einer meint, daß Karinsky nichts Anderes documentirte, liegt doch in der meisterhaft abge¬
