3436 4256
173 230 275 332 8.
316 223 711 307 Freiwild
860 218 1274 330 box 14/4
1689 1178 1851 1283 eiss.
2055 1192 2562 1289 Preis 20 Heller für Wien
2322 1406 2662 1495 36. Jahrgang.
1748 1541 2712 1632 wunderbare Neuausgabe sie endlich dem Lese¬
1750 1622 2723 1682 publikum vollständig vermittelt, und an die
1737 1668 2723 1729 Fulda sich sogleich heranmachte, um sie zu
1744 1712 2712 1764 übersetzen. Aus dem klassischen Mittel¬
1738 1764 2712 1820 hochdeutsch in das weniger klassische Berliner¬
1748 1811 2715 1868 Tiergartendeutsch. Die Cohns, Meyerheims u.
1738 1859 2716 1920 s. w. sollten auch des Pfaffen Wernher — im
1744 1901 2723 1968 Mittelhochdeutschen hatte das Wort noch seine
1738 1951 2710 2019 durch berale Blätter nicht getrübte Bedeutung
1825 1998 2715 2053 Werk genießen. Also schon damals ein
1742 2043 2718 2109 starker Sinn für das Aktuelle, eine feine
1753 2093 2719 2147 Witterung für die Marktkonjunktur. Indes die
1753 2145 2715 2194 Wissenschaft wies Fuldas Liebeswerben ziem¬
1742 2183 2721 2237 lich kühl zurück, die Cohns u. s. w. lasen
1738 2233 2723 2291 lieber den Kurszettel als den Helmbrecht, und
1750 2286 2718 2344 wenn sie von Bauern etwas wissen wollen,
1750 2329 2718 2386 wandten sie sich lieber an — Auerbach, der
1742 2375 2718 2442 nicht so derb zufahrend war wie der weniger
1738 2424 2724 2481 zimperliche Wernher. Mit der Wissenschaft
1744 2475 2723 2538 wars also nichts und Fulda wandte sich zurück
1744 2520 2716 2570 zu eigener Produktion, die er so glück ver¬
1748 2565 2716 2634 heißend begonnen hatte. Das Wort „eigen“
1748 2618 2715 2667 muß dabei weniger in besitzanzeigendem
1748 2666 2718 2735 Sinne verstanden werden, sondern ist eher als
1750 2704 2718 2771 „eigenartig aufzufassen. In den achziger
1738 2756 2723 2824 Jahren des 19. Jahrhunderts interessierte man
1738 2805 2718 2866 sich bereits für einen gewissen Henrik Ibsen,
1748 2854 2721 2915 dessen Werke allmählich in Mode kamen.
1744 2901 2723 2965 Namentlich ein Problem, das er rücksichtslos
1744 2951 2723 3018 und mit elementarer Gewalt behandelte, das
1748 2996 2718 3052 der Wahrhaftigkeit, fesselt die Leute. Wahr¬
1744 3042 2723 3099 heit unter jeder Bedingung oder Wahrheit mit
1753 3091 2715 3145 Vorbehalten, Notlüge unter besonderen Be¬
1744 3139 2679 3200 dingnissen oder ihre unbedingte Verwertung
1744 3187 2724 3248 Darum dreht sich der Streit. Ein altes Thema,
1744 3234 2724 3290 das nicht nur von jedem Theologen anders
1750 3283 2723 3345 behandelt wurde, sondern auch schon oft als
1750 3331 2716 3394 dramatische Unterlage gedient hatte. Nun war
1750 3377 2716 3440 die Frage durch Ibsen neu angeregt, die Dis¬
1744 3429 2723 3494 kussion über Zweckmäßigkeitslügen und be¬
1753 3474 2725 3539 kennen der absoluten Wahrheit unter allen
1750 3526 2695 3579 Umständen ward von Tag zu Tag erregter -
1748 3567 2725 3635 da sollte der Mann mit dem Sinne fürs Aktuelle
1748 3616 2715 3672 zurückbleiben? Nein, auch er warf sein ge¬
1750 3668 2718 3718 wichtiges Wort in die Wageschale, auch er
1748 3707 2718 3773 mischte sich in die Schar derer, die Wahrheit
1744 3758 2724 3808 um jeden Preis nicht gutheißen. Diese Ten¬
1744 3808 2724 3860 denz mußte für Herrn Fulda von vorneherein
1738 3849 2729 3912 feststehen und ihr blieb er bis heute treu.
2076 3908 2408 3990 (Fortsetzung folgt.)
2010 4075 2490 4170 Wiener Premièren.
