3436 4224
200 225 735 308 8. Freiwild
907 200 1305 322 box 14/4
2103 392 3092 464 Brüll mit ihren seichten Werken leichten
2103 439 3086 506 Sieg hatten, waren nunmehr alle Aengsten be¬
2103 500 3081 557 züglich Schnitzlers überflüssig und sein Schau¬
2109 541 3092 604 spiel erblickte im Alter von sieben Jahren das
2111 583 3101 650 Licht der Bühne. Heute aber können wir's
2111 648 3091 695 sagen: die schöne Sache der Antiduellbestre¬
2116 674 3092 744 bungen hätte, auch ohne daß zwei schlechte
2114 729 3096 796 Stücke ihr den Weg auf die Bühne geebnet
2116 770 3088 840 hätten, durch dies gute Stück allein keine ge¬
2118 817 3094 895 ringere Begeisterung bei der Oeffentlichkeit
2124 867 3092 939 gefunden und der Kampf mit Hilfe der öffent¬
2121 915 3094 980 lichen Kunst hätte a priori mit weit sympa¬
2121 974 3099 1031 tischeren Mitteln gearbeitet. Denn während in
2121 1009 3104 1072 der „Fehme“ und „Im grünen Baum zur
2127 1051 3107 1134 Nachtigall“ die Idee des Duells mit den billigen,
2121 1112 3103 1167 aber nicht zu bil genden Formen der Gering¬
2121 1152 3101 1218 schätzung und Persiflierung aus der Welt ge¬
2123 1192 3111 1266 schafft werden soll, faßt Schnitzler dieses Thema
2127 1246 3109 1311 mit Glacé, oder wenn der Ausdruck gestattet
2131 1297 3117 1369 ist, sozusagen mit Offiziershandschuhen an. Und
2133 1340 3109 1419 gerade an Schnitzler ist dies besonders zu loben,
2126 1403 3099 1455 da er ja sonst seine Ziele mit derben, unge¬
2131 1444 3113 1501 schminkten Mitteln verfolgt; er war eben als
2137 1478 3113 1557 Dichter einfühlig genug, um dies heikle Gebiet
2133 1530 3116 1606 mit heikler Vorsicht zu behandeln. Vor allem
2131 1591 3114 1658 sollten beide Parteien — bei den Anschau¬
2138 1628 3116 1708 ungen über das Duell gibt es ja nur zwei
2140 1672 3119 1749 Ansichten — auf ihre Kosten kommen und
2132 1719 3121 1791 zwar beide, damit die eine, die eigentlich doch
2140 1772 3119 1842 die besiegte ist, es nicht fuit und so den
2140 1831 3121 1894 unbestritten der anderen lassen kann. Ich
2144 1864 3126 1937 sage: lassen kann; denn in Wirklichkeit
2139 1922 3119 1985 gibt es ja unter den vielen Anhängern des
2152 1973 3122 2029 Duellkoder wenige Stützen und mehr
2148 2012 3121 2078 Sklaven desselben, die nur allzuoft herzlich
2145 2051 3124 2128 froh sind, wenn der Kodex bei milderer Auf¬
2144 2102 3096 2178 fassung seiner Advokaten in mitius urteilt.
2160 2143 3123 2215 Wie also bereits gesagt, das militärische Publi¬
2152 2195 3129 2264 kum konnte trotz der wiederholt demonstrativ
2159 2259 3132 2322 beifälligen Zustimmung des Zivilpublikums
2152 2298 3134 2368 auch seine Befriedigung finden; den Leutnant
2152 2349 3131 2414 Karinski ist ebenso ein Muster eines Offi¬
2152 2400 3134 2456 ziers, für welchen Offiziersstand und Ehre der
2155 2434 3144 2511 höchste Lebensbegriff ist, wie Paul Rönning
2160 2490 3143 2546 durch und durch Mann ist, der den Schein der
2163 2532 3145 2613 Feigheit, einen Zweikampf zu verweigern, mit
2167 2582 3147 2643 vernünftigen Argumenten missachtet, den Mut
2155 2622 3153 2698 aber im richtigen Moment im rechten Maße
2162 2673 3152 2746 besitzt und ihn da höher stellt als die soge¬
2167 2716 3152 2791 nannten Verfechter des Ehrenkodex. Darum
2157 2765 3145 2832 fand denn auch das Schauspiel ungeteilt bei¬
2163 2818 3152 2889 fällige Aufnahme und Schnitzler braucht nicht
2157 2867 3157 2943 zu fürchten, für sein Antiduelldrama ein zweites¬
2163 2914 3147 2980 mal vom Militär geachtet zu werden. Im Gegen¬
2172 2953 3150 3029 teil: Leutnant Karinski versöhnt viel, was
2170 3002 3149 3080 Leutnant Gustl verpönt hatte. Die Darstellung
2169 3061 3157 3132 blieb hinter den inneren Vorzügen des Stückes
2162 3112 3162 3178 nicht zurück. Die ersten im Schauspiel waren
2172 3150 3160 3219 natürlich die besten, allein auch die übrigen,
2170 3213 3162 3276 minder bedeutsamen Träger der Tendenz boten
2172 3250 3168 3312 eine der besten würdige Hilfstruppe. Herr
2172 3297 3167 3363 Kutschera als Paul Rönning und Kramer
2169 3353 3164 3417 als Leutnant Karinski vertraten die edlen Ten¬
2175 3385 3170 3461 denzen des von ihnen repräsentierten Standes
2178 3438 3167 3502 mit wahrem Feuereifer ehrlicher, innerer Ueber¬
2178 3485 3164 3560 zeugtheit von dem hohen Ziele ihrer Anschauung.
2184 3543 3168 3599 Fräulein Erl hatte als Anna Riedel eine
2178 3592 3168 3650 keineswegs dankbare, dafür aber umso schwie¬
2178 3624 3167 3691 rigere Rolle; sie war derselben im vollsten
2182 3672 3170 3745 Maße gewachsen, ja wir müssen sagen, daß
2182 3729 3167 3788 keine Kraft des Burgtheaters die Rolle so ge¬
2182 3785 3168 3838 troffen hätte, wenn überhaupt dort eine Dar¬
2182 3811 3167 3880 stellerin für diese Rolle zu finden wäre. Von
2184 3863 3168 3924 den anderen wollen wir noch den vortrefflichen
2188 3909 3167 3974 Herrn Jensen als Leutnant Rhonstedt,
2190 3968 3170 4033 Tewele als Theaterdirektor, Raeder als
2188 4004 3173 4075 Dr. Wellner und Höfer als Leutnant Vogel
2193 4052 3167 4123 besonders erwahnen, wollen jedoch nochmals
2196 4103 3167 4169 betonen, welch wohlverdienten Anteil das ganze
