3344 4352
224 173 391 274 8.
428 182 632 293 rei
671 178 755 290 1
935 174 1324 269 box 14/5
1450 1495 2694 1576 nur Abweisungen erfährt, zumal er von seinen Kame¬
1450 1568 2691 1621 raden gehänselt wird. Karinski weiß, daß Anna Riedel
1450 1618 2702 1667 häufig mit dem Kunstmaler zusammen ist, und so ist es zu
1453 1665 2685 1732 verstehen, wenn es sehr bald zu einem Zusammenstoß zwi¬
1453 1713 2691 1768 schen diesen beiden Männern kommt. — Anläßlich einer
1469 1763 2691 1818 Wette, die Karinski mit seinen Kameraden abgeschlossen
1459 1811 2696 1863 hat und die dem Erscheinen der Anna Riedel auf Grund
1456 1863 2693 1922 einer Einladung des Karinski gilt, versucht er die junge
1456 1909 2694 1966 Schauspielerin bei einem Besuch in ihrer Wohnung seinen
1453 1961 2694 2012 Wünschen gefügig zu machen. Es kommt zu einem Kampf
1453 2012 2690 2081 zwischen beiden, und nur mit Mühe gelingt es Anna Riedel.
1447 2061 2688 2121 ihr Zimmer zu verschließen. Außer sich vor Wut, der Hän¬
1453 2106 2691 2163 seleien seiner Kameraden von neuem ausgesetzt, versucht
1453 2159 2691 2213 er, um den Maler zu reizen, seine Abweisung durch die
1456 2207 2693 2258 Schauspielerin in einem zweideutigen Licht erscheinen zu
1453 2249 2694 2313 lassen. — In dem darauf folgenden Zusammenstoß zwischen
1455 2308 2688 2367 den beiden Männern erhält er von dem Maler eine Ohrfeige.
1445 2344 2694 2413 Es kommt zur Duellforderung. Rönning lehnt das Duell aus
1459 2400 2688 2458 prinzipiellen Gründen ab. Der Ehrenrat des Regiments stellt
1447 2452 2691 2514 dem Oberleutnant von Karinski eine 24 stündige Frist, den
