3436 4256
113 176 211 263 8.
807 153 1212 260 box 14/2
255 165 622 272 Freiwil
1730 934 2869 1024 ch=Debatte angenommen. Dieser Entwurf ist ein Aus¬
121 946 1704 1073 gendurch ist, daß Schwarz auch die favorisirte Farbe
1727 995 2864 1085 zu jener Gewerbe=Novelle, welche der Handelsminister Baron
544 1027 1701 1128 überall ist, wo die Regierung ihren Einfluß kann geltend
1727 1047 2872 1117 Glanz zu Ende des vorigen Jahres, ehe das Haus auf
127 1064 524 1134 Oberösterreich, hieß
555 1076 1698 1157 machen. Das Märchen, daß die Compromisse im Groß¬
1724 1085 2869 1180 Weihnachtsferien ging, eingebracht hatte. Der Wunsch eines
124 1114 526 1177 deres Die nieder¬
547 1119 1695 1215 grundbesitze geschlossen wurden, um Interessen des Groß¬
1727 1140 2872 1224 großen Theiles der Abgeordneten aller Parteien, den Wählern
124 1160 518 1224 Verhandlung ab= und
555 1171 1698 1258 grundbesitzes zu schützen, ist gut genug für unmündige
142 1206 524 1267 die Candidatenliste.
552 1186 2872 1310 Kinder. Die Wähler des Großgrundbesitzes selbst sind gar aus der gegenwärtigen Legislatur=Periode noch ein Stück
127 1250 524 1325 mpromiß gescheitert
1736 1284 2869 1374 hingeben, zumal die beiden Paare, das königliche durch Matkowski
561 1322 1707 1412 zuzuschreiben sein; Jener setzte den ganzen Reichthum seines
1741 1333 2887 1417 und Rosa Poppe mit echtem urgermanischen Temperament, das
561 1377 1704 1464 Temperaments und Humors, Frau Sorma ihre ganze An¬
1741 1391 2884 1449 Schalkspaar durch Vollmer und Paula Conrad mit derbem
564 1409 1704 1490 muth und Leidenschaft an die drei so verschiedenen Aufgaben,
1741 1426 2887 1501 Humor gespielt wurden. Es ist auch nicht richtig, daß, wie
564 1472 1388 1547 die ihnen an Einem Abend gestellt waren.
1744 1490 2890 1559 behauptet worden ist, dieses Stück mit geänderten Costüm
124 1484 237 1565 rief.
668 1495 1712 1597 Im königlichen Schauspielhause hielt die neue Romantik
1741 1527 2890 1623 ebensogut auf spanischem oder italienischem Boden hätte
130 1521 393 1602 Dramen der Ehre.)
567 1565 1704 1660 zuerst ihren Einzug mit Rudolph Lothar's „Königsidyll
1747 1582 2890 1655 spielen können. In der Behandlung des Stoffes wie der
139 1597 506 1666 serin, 8. November.
578 1611 1707 1695 und später mit einem vom Heldenliebhaber der Hofbühne
1741 1623 2890 1698 Oertlichkeit steht Lothar ganz auf national=ungarischem
162 1643 541 1718 bisherigen Spielzeit
605 1663 1718 1741 für diese bearbeiteten Drama des Spaniers de Rojas, des
1747 1672 2892 1744 Boden, hat er sichtlich sorgsam aus nationalen Quellen ge¬
176 1701 538 1767 der unerbittlichen
570 1709 1721 1785 bedeutendsten Nachfolgers Calderons, dem „Grafen von
1753 1712 2884 1793 schöpft und in den Volksscenen, besonders in den wilden
162 1744 535 1816 sie im October auf
581 1750 1715 1837 Castañar", auf den wir in anderem Zusammenhange zurück¬
1747 1770 2890 1840 Auftritten der Gemeindewahl, auch das Leben des eigenen
171 1790 538 1869 der Partei Steiger
578 1814 1712 1886 kommen wollen. Das Stück Rudolph Lothar's, des jungen
1750 1805 2887 1883 Volkes treu geschildert. Auf heimischem Boden, während der
148 1840 544 1909 estellt wurde. Viel¬
573 1848 1715 1935 vor Kurzem nach Berlin übersiedelten deutsch=ungarischen
1747 1866 2890 1932 Millenniumsfeste und eben erst während der ungarischen
139 1877 544 1955 hrten alte romantische
573 1897 1724 1984 Schriftstellers, behandelt in zierlichen, wohlgeformten Versen
1747 1909 2895 1976 Wahlen, hätte er vielleicht mehr Widerhall gefunden als in
145 1938 550 2002 te man sich auf den
581 1944 1712 2028 den lustigen Verkleidungsroman, in welchem der Ungarn
1747 1941 2892 2033 Berlin, wo das Lustspiel übrigens einen unbestrittenen Lach¬
142 1978 552 2039 im Berliner Theater
1750 1999 2892 2080 erfolg hatte, während die literarische Kritik ihn etwas strenger
148 1984 1709 2085 die Gattin Sommer=könig Mathias Corvinus als schlichter Jägersmann die
584 2031 1715 2129 schöne Beatrice von Neapel gewann. Durch Stellvertretung
1756 2071 2320 2152 auf Herz und Nieren prüfte.
148 2068 552 2140 ne erlittenen Bein¬
584 2085 1718 2166 war sie ihm vermält, ihm, dem heißblütigen Helden, grau¬
1840 2062 2895 2169 Nichts mit Romantik und nicht eben viel mit Poesie
136 2117 555 2201 unverminderter An¬
584 2135 1718 2216 vor dem fremden Weibe, welches die Staatsraison an seine
1759 2146 2895 2224 haben Franz v. Schönthan's neue Schwänke in Costüm zu
139 2166 555 2245 besverse im „Sohn
584 2178 1727 2256 Seite ketten will. In wilder Gluth entflammt er für ein
1753 2193 2895 2271 thun, aber auch sie ziehen ihre Lebenskraft aus dem wieder¬
165 2213 555 2282 Romantik ist das
584 2221 1727 2308 herrliches, lebensprühendes Bauernmädchen, welches in dem
1759 2242 2898 2317 kehrenden Geschmack an geschichtlicher Form und Färbung.
176 2253 555 2337 und das Wieder¬
590 2271 1721 2354 Dorfe, wo er als Fremdling einkehrte, ihm begegnet ist
1762 2285 2895 2372 Herr v. Schönthan, der sich neuerdings mit Koppel-Ellfeld
145 2291 550 2378 gestalten, Stoffe und
596 2317 1724 2404 seine Neigung erwidert, seinem stürmischen Verlangen aber
1759 2334 2901 2409 verbunden hat, brachte bereits ein Viertel Dutzend solcher
156 2354 561 2424 Production. Suder¬
602 2363 1730 2450 standhaft widersteht, bis er, den sein verschmitzter Diener
1759 2383 2892 2453 Stücke auf den Markt, in denen der dünne Faden der
153 2401 558 2476 iner Laufbahn eine
590 2415 1727 2493 Tibor ihr längst verrieth, in der schönen Bäuerin die
1767 2424 2901 2508 Handlung durch den geschichtlichen Aufputz verdeckt wird.
148 2444 552 2522 en Neigungen bewies
599 2462 1721 2551 Gemalin erkennt, die ihm in der Ferne vermält worden
1764 2470 2898 2554 So präsentirte sich „Comtesse Gucker!" (mit Fräulein Jenny
142 2502 552 2571 drei Einactern, den
596 2511 1727 2595 war. Neben diesem Königsidyll geht, gleichsam ein Satyr¬
1764 2516 2901 2609 Groß, welche mit einer glänzenden Erscheinung, Geist, Wit
246 2545 564 2609 dort mit dem
602 2554 1733 2644 spiel im Stücke selbst, die heitere Liebesgeschichte des
1767 2580 2904 2647 und Routine auch die Meisterschaft in der Kunst, sich zu
185 2557 567 2664 der Wahl des ge¬
596 2597 1733 2681 Schalks Tibor einher, der einst des Bauers Michael Töchter¬
281 2638 564 2704 ohne dabei im
596 2626 2913 2731 chen Irmula liebte, aber als Pferdedieb gehenkt, vom Galgen kleiden, verbindet) im Costüm der Congreßzeit schon im
142 2632 249 2719 acht,
330 2684 564 2748 Im „Ewig¬
590 2667 2907 2794 in räthselhafter Weise verschwunden war und nun unerkannt vorigen Jahre und gefiel. Vor einigen Wochen brachte das
136 2690 298 2754 leugnen.
1767 2719 2910 2800 Berliner Theater von denselben Autoren das Lustspiel
148 2725 567 2806 Beredsamkeit geschickt
159 2742 1738 2838 Liebe, während die als sein eigener Doppelgänger zurückgekehrt ist, jedoch durch
1776 2768 2852 2840 „Renaissance" und am 4. d. M. das Lessing=Theater
607 2785 1736 2881 seine Schlauheit und in der Sonne der Königsgnade Brau
153 2823 567 2892 Gothenhelden Tejo
607 2797 2907 2921 und Leben gewinnt. Für Leute mit erzogenem literarischen wieder mit Jenny Groß, unterstützt von Engels, Stahl
1770 2849 2913 2930 und Franz Schönfeld — die „Goldene Eva"; dort das
156 2872 573 2945 se im Angesichte des
610 2878 1741 2965 Sinn und prüfendem Auge stört die unverkennbare litera¬
1773 2907 2916 2976 Gewand der italienischen, hier der deutschen Renaissance,
176 2919 573 2997 werdenden Bathilda
607 2933 1741 3008 rische Herkunft des Stückes. Man sieht, wie die zweipaarige
1779 2945 2913 3023 immer das gleiche Recept, einen Schwank leichtesten Ka¬
162 2971 573 3037 gend pathetisch ange¬
613 2976 1747 3069 Handlung dem älteren spanischen Schauspiele, der Vers der
1770 2994 2919 3081 libers in alterthümeluder Hülle vorzusetzen, und jedesmal
153 3011 576 3086 in mit diesen Werken
610 3020 1741 3121 modernen retorischen Romantik Doczischer Manier nach¬
1779 3040 2910 3118 der gleiche äußere Erfolg für die Autoren, die mit ihrer
156 3063 581 3133 tschen Theater stärker
607 3075 1750 3167 gebildet ist, der komische Apparat mit allen Mitteln arbeitet.
1785 3086 2913 3164 leichten Waare die Lacher auf ihrer Seite hatten. Um der
153 3109 573 3185 Wien, wird, abgesehen
610 3124 1747 3202 Der unbefangene Zuschauer konnte sich dagegen gern der heiteren
1785 3135 2921 3254 Sache ein besseres Aussehen zu geben, kommen sie jetzt sogar
159 3159 578 3228 den, vor Allem der
142 3167 1759 3292 Linz und Agnes Sorma Verschlingung der Fabel und dem leichten Flusse des Verses
