3484 4256
149 205 792 299 8. Freiwild
823 184 1268 306 box 14/4
511 1139 1431 1216 bezeuge und nun wieder, um sich
1466 1153 1949 1237 30 Wohnung genommen.
2390 1160 3293 1230 halb und der Rheinischen Bestalozzeitung
511 1205 1445 1278 zunächst nach Wien zu begeben, wo er am
1601 1219 3293 1275 Der Senator der Freien und Hansestadt eine scharfe Absage, in der es bey: Die
1452 1323 3283 1379 ehre gelten soll, ist eine durch und durch verdorbene zu bedauern, daß Friedrich Horthaus als
740 1317 1216 1386 Schiller=Theater.
1452 1365 2359 1414 Natur. Der Mann, der die fremde Ehre nicht
2390 1365 3290 1407 Rönning und Ferdinand Gregori als Leutnant
591 1358 1428 1431 „Freiwild von Arthur Schnitzler
1462 1403 2362 1449 schont, hat natürlich keine eigene; er fordert seinen
2390 1407 3279 1449 Karinske durch ihr Hochdeutsch die Wirkung ihr
511 1417 1417 1466 ist dem Berliner Theaterpublikum nicht unbekannt
1456 1438 2359 1487 Gegner auch nicht zum Zweikampf, weil ihn sein
2383 1438 3290 1490 vortrefflichen Spiels beeinträchtigten. Auch Erich
514 1462 1424 1504 Aber just heute ist das Problem, das der Verfasser
1459 1483 2359 1522 empörtes Gemüth dazu treibt, sondern weil er ohne
2390 1476 3297 1522 Kaiser als Leutnant Rohnstedt wußte nicht immer
511 1497 1428 1546 lösen wil, durch die Duellinterpellation im Reichs¬
1459 1515 2359 1567 diesen Zweikampf dem Offizierstande nicht mehr
2390 1518 3290 1563 den Versuchungen zu widerstehen und verfiel oft
514 1539 1424 1584 tag aktuell geworden. Wer will es da dem Kritiker,
1452 1556 2362 1598 angehören kann. Stände nicht hinter ihm der Ab¬
2390 1556 3290 1601 unvermerkt wieder in den Berliner Fargon, der
511 1577 1428 1619 der weilen auch einen Blick in den polnischen
1459 1591 2362 1636 grund, dann würde er diese Ohrfeige still hinge¬
2393 1591 3283 1636 ihm natürlich besser gelang, als die Weine
514 1612 1414 1654 Theil der Zeitung wirft, verdenken, wenn er etwa
1459 1629 2359 1671 nommen haben, das führt man aus allem, nament¬
2390 1629 3290 1695 Sprochen. Fräulein Marianne Wulf als Schu¬
507 1654 1417 1699 näher auf die Tendenz des Schauspiels eingeht
1459 1667 2359 1713 lich aber aus dem Angebot einer Schießkomödie
2393 1664 3286 1723 spielerin Riedel hatte keine leichte Aufgabe, weil
597 1688 1417 1733 Schnitter ist Gegner des Durus, das ihm ver¬
1462 1706 2348 1751 heraus. Das sind Connwenzen des Verfasser¬
2397 1709 3283 1751 sie fast ohne irgend eine Unterbrechung und Er¬
514 1726 1424 1772 werflich erscheint, weil es den sittlichen Empfin¬
1456 1747 2355 1803 gegenüber seinem eigenen Standpunkt. Er stellt
2390 1740 3290 1786 holung das leidende Weib darzustellen hatte. Aber
511 1765 1428 1810 dungen nicht immer gerecht wird und weil es vor
1452 1775 2359 1827 eine Figuren auf die Bühne, die Typen sind, son¬
2390 1779 3290 1831 sie wußte geschickt die Schwierigkeiten ihrer eintö¬
511 1796 1428 1845 allen Dingen nicht als Strafe und ausgleichende
1456 1820 2355 1865 dern er schafft sich Charaktere, wie er die für seine
2383 1820 3286 1865 nigen Aufgabe zu überwinden und entfesselte durch
518 1845 1428 1886 Gerechtigkeit wirkt. Derjenige, der im Recht ist,
1452 1858 3290 1904 Zwecke braucht. Das ist der eine Fehler. Der die Darstellung einer selbstlosen, hingebenden
507 1879 1424 1931 muß sein Leben ebensogut einsetzen, wie sein Geg¬
1449 1900 2282 1956 andere ist Poldi Grehlinger. Der Duellfrage
2383 1897 3290 1945 Weiblichkeit den Beifall des Publikums. Auch die
518 1914 1417 1956 ner und unter Umständen wird gerade der Schul¬
1452 1904 2355 1980 genüber giebt es nur zwei Möglichkeiten. Wer
3123 1931 3258 2001 H. F.
2383 1935 2998 2001 übrigen Rollen waren gut besetzt.
507 1956 1414 1997 dige von dem Glück in diesem ernsten Würfelspie
1452 1973 2352 2015 den Zweikampf verweigert, der immerhin für ge¬
518 1994 1417 2036 um ein Menschenleben am meisten begünstigt
1504 2011 2369 2056 isse Kreise und Klassen eine Art Justiz darstellt,
518 2025 1410 2070 Diese unleugbare Thatsache wirbt dem Zweitam
1452 2046 2359 2091 der muß die strafende Gewalt dem Staate, der
2494 1990 3213 2119 Kunst und Wissenschaft.
518 2063 1424 2112 die meisten Gegner im Kreise jener idealen Na¬
1452 2084 2352 2129 Gesellschaft, dem Gesetz überlassen. Poldi aber
511 2102 1428 2154 turen, die unbewußt dem Menschenthum und dem
2480 2088 3279 2161 „Adlerflug" betitelt sich das Festspiel
1452 2122 2352 2171 ut Selostustiz, indem er seinen Gegner ohrfeigt
511 2140 1417 2192 Leben eine gewisse Vollkommenheit beimessen und
1452 2136 3276 2202 er maßt sich damit persönlich ein Recht an, das welches Joseph Lauff für die Festvorstellung
507 2182 1417 2223 meinen, wo eine Schuld vorliege, müsse auch eine
2383 2188 3283 2234 am 18. Januar im Königlichen Opernhause ge¬
1456 2202 2355 2244 ihm vom Standpunkt des Duellgegners aus, na¬
507 2216 1424 2261 unfehlbare Sühne folgen. Allein das ist nicht der
2383 2223 3276 2272 dichtet hat, und welches seine Entstehung, wie das
1452 2237 2355 2282 türlich ebensogut versagt sein muß, wie ganzen
511 2254 1421 2303 Zweck des Zweikampfes. Dieser will die Gesell¬
1452 2265 3293 2345 Gesellschaftskategorien der Zweikampf untersagt „Kl. J." melden kann, einer Anregung des Kai¬
518 2296 1417 2345 schaft zur Ehrenhaftigkeit erziehen, indem er der
2386 2307 3286 2348 sers verdankt. Joseph Lauff hat außerdem ein
1452 2314 1622 2369 sein soll.
507 2327 1417 2380 einzelnen Menschen zwingt, daß er für die Ver¬
2376 2334 3283 2390 vieraktiges Schauspiel vollendet, welches den Titel
1525 2334 2348 2404 Und nun die Schlußszene! Nachdem der Mord
518 2369 1417 2414 letzung der fremden Ehre seine eigene Existen,
2376 2376 3283 2421 „Karwoche“ führt. Das Stück ist moder¬
1459 2390 2345 2446 geschehen, sammelt sich das Publikum, das erstarrt
507 2400 1424 2463 einsetzt; derjenige, der dies fordert, muß natur¬
2376 2414 3279 2473 und der Ort der Handlung ist das Ruhrkohlenge¬
511 2442 2352 2491 gemäß auch einen gleichen Werth in die Wagschale aber ohne Entrüstung über den Mord den brutalen
2386 2459 3279 2501 biet. In ruhigen Stunden wird der Dichte die
1456 2477 2345 2518 Offizier peroriren läßt und sich so gewissermaßen
504 2477 1424 2536 werfen. Wenn wir von dieser Voraussetzung aus
2386 2487 3286 2536 letzte Hand und die letzte Feile an die Arbeit legen.
507 2512 2352 2567 an die Prüfung des Schnitzler'schen Schauspiels auch vor dem Klassenbewußtsein des Offiziersten¬
2386 2525 3279 2581 Im Sparherbst wird aus seiner Feder ein Roman
1445 2550 2355 2591 des beugt. Das ist die letzte Inkonsequenz des
525 2553 1417 2619 herantreten, müssen wir das Problem für unge¬
2376 2571 3276 2609 erscheinen, dessen Entwurf fertiggestellt ist. Die
1445 2584 2345 2633 Verfassers. Will er das Duell und die Standes
514 2598 761 2657 löst erklären.
2376 2605 3286 2657 Erzählung versetzt uns an den Niederrhein und in
1452 2626 2352 2671 vorrechte verwerfen, so muß er dies durch das zu¬
591 2609 1421 2675 Leutnant Karinski hat die Ehre einer unbe¬
2380 2647 2776 2706 die Clevischen Lande.
1459 2664 2348 2710 sammenströmende Volk, das hier gewissermaßen
531 2671 1417 2720 scholtenen Schauspielerin in einem Bekanntenkreis¬
1452 2699 2341 2755 die Stelle des antiken Chors vertritt, bekunden
525 2713 1424 2755 in einer unentschuldbaren Weise angegriffen und
2452 2689 3283 2762 Albert Niemann. Im Vollbesitze seiner
1456 2737 1574 2800 lassen.
514 2744 1417 2793 wird dafür von Poldi Grehlinger geohrfeigt. Die¬
2383 2748 3283 2800 Gesundheit begeht heute Albert Niemann, Deutsch¬
514 2782 1417 2845 ser verweigert aber die Annahme einer Forderung
1525 2769 2345 2845 Technisch ist das Schauspiel gut durchgeführt
2376 2789 3279 2838 lan berühmtester Opernsänger, dessen Kunst noch
518 2817 1424 2869 dagegen tritt er dem auf Rache sinnenden Gegner
1452 2810 2352 2869 sodaß die Schwächen in der Durcharbeitung der
2380 2831 3279 2876 Leu unübertroffen dasteht, seinen 70. Geburtstag,
514 2862 1424 2918 muthig gegenüber und wird meuchlings von diesem
1456 2862 2345 2904 Tendenz wenig fühlbar sind. An der Darstellung
2380 2869 3269 2911 Es wäre thöricht, behaupten zu wollen, daß die
1445 2901 2348 2953 ist die mangelnde Stileinheit auszusetzen. Die
511 2897 691 2960 erschossen
2376 2904 3279 2949 Wagnerschen Musikdramen ohne Albert
594 2914 1424 2984 Der Lösung des Problems ist durch die In¬
1452 2935 2352 2980 Handlung spielt in Oesterreich; dem entsprechend
2373 2935 3276 2991 Niemann sich nicht einen Lieblingsplatz in der Em¬
507 2953 1417 3015 konsequenzen in der Charakterzeichnung und der
1456 2980 2348 3019 müßten die Vertreter dieses Milieus auch den
2380 2977 3279 3026 pfindung des deutschen Volkes erworben hätten.
504 3012 1421 3053 Konflikte mißlungen. Leutnant Karinski, der dem
1452 3015 2341 3060 oberdeutschen Dialekt sprechen. Vor allem wär¬
2373 3019 3279 3060 aber an dem schnellen Erringen ihrer Popularität
500 3053 3293 3112 Publikum gegenüber als der Träger der Offiziers=dies von den Offizieren zu fordern. Es war sicher gebührt dem Sänger ein nicht unerheblicher Antheil,
