3484 4224
200 159 416 256 8. F.
905 163 1304 253 box 14/4
580 162 671 241 i
796 1280 1156 1374 Telephon 12801.
427 1362 1515 1457 Alex. Weigle Unternehmen für Zeitungs-Ausschnitte
608 1440 1331 1568 „OBSERVER
422 1565 1515 1635 I. österr. behördl. konz. Bureau für Zeitungsberichte u. Personalnachrichten
599 1636 1349 1707 Wien, I., Concordiaplatz 4.
839 1690 1102 1761 Vertretungen
421 1727 1510 1808 in Berlin, Budapest, Chicago, Genf, London, New-York,
418 1798 1510 1843 Paris, Rom, Mailand, Stockholm, Christiania, St. Petersburg.
700 1833 1560 1939 Quellenge er den Wien
878 1882 1003 1930 ist
418 1917 865 2001 Ausschnitt aus:
705 1980 983 2058 29 1 1305
427 2029 580 2097 vom
385 2152 1443 2233 Deutsches Volkstheater. Der poeta laureatus vom
302 2217 1437 2267 Schottenring, Artur Schnitzler, kam heute mit einer
307 2264 1440 2323 seiner oberflächlichsten Arbeiten, dem „Freiwild", zu Worte.
302 2316 1443 2366 Man kennt das Stück, das ursprünglich verboten war, vom
302 2361 1437 2419 Carl-Theater her; mit Ausnahme von ein paar gut beob¬
293 2410 1440 2460 achteten Gesellschaftsfiguren besteht es fast nur aus falschen
299 2460 1445 2508 Konstruktionen und Uebertreibungen, jenen Elementen, die
293 2503 1446 2563 durch den „Leutnant Gustel" später die Entfernung Schnitzlers
296 2556 1442 2616 aus dem Heeresverbande zur Folge hatten. Aerger als je
296 2595 1446 2656 empfand man heute die krasse Unsinnigkeit, durch welche die
302 2645 1449 2712 Tragik des „Freiwildes" zustande kommt: daß einer zuerst
299 2698 1440 2753 mit großen Worten sich der Lebensgefahr entzieht und sich
296 2742 1446 2807 derselben gleich darauf mit ebenso großen Worten
296 2794 1446 2845 aussetzt. Daß die Sophismen und Gemeinplätze
293 2838 1446 2894 über das Duell von dem „gewissen, überwiegenden Teil des
293 2888 1443 2950 Publikums mit Behagen aufgenommen wurden, braucht eben
296 2938 1446 2998 so wenig hervorgehoben zu werden, wie es seinen
293 2993 1446 3047 Nationalvoeten wiederholt rief. Die Darstellung war,
293 3026 1443 3097 namentlich in den Chargen, vortrefflich. Den Oberleutnant
293 3082 1443 3143 Karinski gab Kramer viel zu zierlich, ohne den nötigen
302 3137 1443 3191 Ausdruck von Gewalttätigkeit; zudem hätte er von Herrn
293 3178 1439 3237 Höfer das Muster des österreichischen Offiziersdeutsch
302 3229 1434 3285 lernen können. Das trübselig, Liebespaar gaben Herr
299 3275 1434 3326 Kutschera und Fräulein erl mit verdienstlicher Auf¬
302 3326 1443 3378 opferung und die Episoden der Herren Richter-Roland,
305 3375 1436 3431 Tewele, Czasta und der Frau Glöckner waren wirksam durch¬
1184 3418 1402 3496 A. Luch.
294 3418 449 3503 geführt.
1908 814 2606 918 que la
1836 844 2672 952 A TOUS
2113 922 2663 1024 ne
1735 977 2817 1086 I. österr. behördl. konz. Bureau für Zeitungsberichte u. Personalnachrichten
1926 1080 2656 1159 Wien, I., Concordiaplatz 4.
2155 1143 2420 1209 Vertretungen
1746 1176 2815 1252 in Berlin, Budapest, Chicago, Genf, London, New-York,
1745 1224 2820 1312 Paris, Rom, Mailand, Stockholm, Christiania, St. Petersburg.
2021 1277 2545 1354 (Quellenangabe ohne Gewähr.)
1748 1271 2937 1464 Ausschnitt österr. Volkszeitung, Wien
2010 1448 2288 1539 29. J. 1905
1763 1495 1908 1564 vom
1914 1595 2792 1718 Theater und Kunst.
1961 1685 2848 1757 Deutsches Volkstheater. Artur Schnitzlers
1880 1740 2844 1792 Schauspiel „Freiwild", das vor sieben oder acht
1880 1782 2850 1845 Jahren unter Jauner im Carltheater gegeben worden
1888 1824 2848 1889 ist, hat bei seiner gestrigen „zweiten Premiere einen
1883 1864 2847 1929 Zug ins Aktuelle erhalten. Es ist nicht das theatralische
1886 1905 2857 1986 Freiwildmotiv — das ist abgedroschen und interessiert
1891 1954 2850 2023 gar nicht mehr. Gestern drängte sich ein ganz anderes
1891 1998 2851 2061 Motiv in den Vordergrund. Parlamentarisch — zeit¬
1886 2035 2850 2104 gemäß ausgedrückt: der größere Schutz der Ehre, die
1899 2077 2854 2147 Frage vom Offiziersduell. Und den Chorus dazu bildete
1888 2122 2851 2201 das Publikum, das in demonstrativer Weise
1891 2175 2869 2264 den Sie und wenn er von allen ge¬
1880 2248 2844 2323 schlüssen strotzte, laut applaudierte, sobald er
1874 2294 2844 2353 nur gegen den Zweikampf sich wendete. Also Mani¬
1886 2335 2838 2401 festationen im Sinne der Antiduelliga, über deren innere
1880 2379 2844 2435 Berechtigung kein Wort der Kritik gesprochen werden
1880 2425 2845 2481 soll. Der Inhalt des Stückes ist vielleicht nicht unbekannt.
1880 2467 2847 2531 Es handelt sich um einen Zusammenstoß in einem kleinen
1880 2516 2840 2576 Badeorte zwischen einem Zivilisten und einem Offizier,
1880 2559 2840 2632 bei welchem letzterer infolge einer despektierlichen Be¬
1879 2594 2847 2675 merkung über eine Schauspielerin von dem Bürgerlichen
1891 2648 2847 2697 einen Faustschlag ins Gesicht erhält. Da der Angreifer
1888 2681 2850 2745 sich hartnäckig weigert, ritterliche Genugtuung zu geben,
1888 2729 2847 2791 schießt ihn der Offizier über den Haufen und stellt sich
1880 2772 2850 2829 dem Militärgerichte. Es ist eins gegen hundert zu weiten,
1883 2812 2850 2866 daß dem Offizier kein Haar gekrümmt wird. So beweist dieses
1892 2854 2853 2923 Stück mit seinen grassen Voraussetzungen trotz der advoka¬
1888 2906 2851 2959 torischen Breitspurigkeit der Rede gar nichts für das them pro¬
1888 2942 2857 3001 handum. Aber die entzückten Premierenbesucher kümmerten
1888 2995 2854 3048 sich nicht viel darum, sondern klatschten und klatschten,
1888 3028 2853 3081 bis Schnitzler erschien. Die Darstellung war in allen
1891 3072 2865 3128 Einzelheiten tadellos. Herr Jensen außerordentlich
1893 3116 2859 3175 sympathisch, Herr Höfer als junger Leutnant liebens¬
1893 3159 2856 3222 würdig im Jarno-Stil, Herr Kramer mit dem charakte¬
1896 3200 2856 3265 ristischen Zug des Spielers und Roués; zu ihnen bildete
1891 3244 2859 3310 Herr Kutscheras ernster Zivilist einen scharfen Kontrast.
1896 3288 2860 3346 Einen echten Schließmanntyp zeichnete Herr Richter¬
1896 3331 2860 3397 Roland als Ringstraßengigerl, würdig war Herrn
1895 3372 2859 3443 Raeders Doktor. Den Humor des Bühnenvolchens
1896 3416 2862 3480 erschöpften die Herren Tewele, Czasta, Meixner
1896 3457 2866 3518 und Birron sowie die Damen Glöckner und Jäger
1893 3497 2863 3559 vollständig. Die tugendhafte Kontrastfigur gab Fräulein
1899 3543 2863 3637 Erl mit gewinnender Herzlichkeit. Der Verfasser und
2717 3578 2838 3641 L. F.
1896 3596 2488 3662 die Darsteller wurden oft gerufen.
